3738 5786
401 572 440 631 68
797 573 884 630 Anno
905 582 997 648 1454.
1023 605 1062 615 -
1088 585 1133 646 15.
1159 573 1268 631 martii.

400 784 514 862 nentis,
535 803 552 845 a
577 783 723 865 pluribus
747 797 777 844 et
794 782 850 843 diu
874 781 1056 864 retrolapsis
1076 782 1275 864 temporibus
1298 794 1329 842 et
1345 799 1448 863 usque
1471 801 1556 844 nunc
1578 783 1665 864 paci-

400 888 458 952 fice
483 903 513 952 et
537 890 643 972 quiete
669 907 795 972 semper
818 888 993 970 permansit
1010 888 1138 950 nemine
1156 887 1283 970 penitus
1307 887 1556 966 contradicente,
1573 887 1663 969 cujus

399 996 491 1058 litera
522 1009 628 1058 nostra
654 1015 710 1058 seu
742 995 878 1057 civitatis
908 995 1050 1076 predicte
1083 993 1291 1076 privilegialis
1322 1013 1380 1076 pro
1404 1006 1493 1075 parte
1518 993 1661 1055 eiusdem

400 1101 548 1184 Gregorii
573 1102 713 1185 agricole
738 1101 860 1164 dudum
886 1103 945 1163 sub
966 1100 1118 1184 pendenti
1136 1099 1244 1181 sigillo
1268 1113 1378 1162 nostro
1402 1099 1568 1161 communi
1585 1119 1661 1160 cou-

399 1208 480 1273 fecta
505 1223 536 1272 et
559 1222 705 1272 emanata
730 1209 898 1272 casualiter
922 1209 1037 1270 amissa
1063 1221 1094 1270 et
1110 1206 1275 1289 deperdita
1292 1206 1395 1270 extitit
1412 1227 1449 1270 ex
1474 1219 1605 1285 acerto,
1629 1219 1661 1268 et

398 1316 473 1398 quia
498 1315 611 1378 eadem
636 1316 726 1378 litera
750 1315 960 1398 privilegialis
984 1334 1043 1396 pro
1068 1326 1157 1395 parte
1179 1313 1323 1375 eiusdem
1349 1311 1497 1394 Gregorii
1521 1312 1661 1394 agricole

399 1443 495 1505 super
519 1422 633 1484 eodem
659 1421 777 1504 (h)orto
811 1441 870 1483 suo
894 1418 1038 1482 conlecta
1071 1434 1102 1482 et
1126 1432 1273 1482 emanata
1304 1419 1473 1480 casualiter
1497 1418 1662 1501 deperdita

400 1541 430 1590 et
453 1527 568 1590 amissa
592 1527 633 1588 ad
656 1527 772 1588 trinam
790 1525 950 1589 forensem
976 1540 1006 1587 et
1018 1527 1182 1609 publicam
1207 1524 1500 1608 proclamacionem
1517 1537 1659 1586 nostram

398 1654 455 1717 per
480 1653 633 1717 precones
657 1648 783 1695 nostros
806 1653 995 1696 communes
1019 1653 1057 1696 ex
1078 1633 1306 1694 commissione
1323 1645 1430 1694 nostra
1453 1629 1569 1694 factam
1594 1631 1665 1693 nul·

400 1741 457 1802 libi
483 1740 618 1802 inveniri
643 1741 759 1823 potuit,
784 1739 924 1821 ideoque
949 1759 1008 1801 nos
1032 1739 1171 1800 eundem
1197 1738 1350 1820 (h)ortum
1375 1757 1469 1800 suum
1495 1739 1590 1800 unius
1613 1758 1665 1801 oc-

338 1895 341 1904 .
400 1863 471 1909 tave
496 1847 581 1909 curie
614 1866 685 1908 cum
719 1846 870 1908 omnibus
894 1846 958 1908 suis
990 1846 1180 1908 utilitatibus
1208 1858 1239 1906 et
1270 1845 1477 1928 pertinenciis
1507 1845 1665 1907 universis

401 1955 538 2037 desuper
562 1974 577 2014 a
602 1953 654 2014 via
685 1953 850 2014 communi
883 1965 913 2014 et
938 1950 1019 2014 infra
1054 1971 1155 2034 usque
1181 1952 1320 2013 rivulum
1354 1972 1410 2014 seu
1435 1965 1576 2014 meatum
1600 1951 1666 2012 sive

400 2063 568 2124 decursum
593 2079 676 2141 aque
700 2059 851 2142 pluvialis
875 2078 908 2120 se
932 2059 1158 2122 extendentem
1186 2059 1285 2121 literis
1309 2059 1424 2120 nostris
1448 2059 1541 2120 noris
1564 2059 1663 2141 privi-

398 2143 570 2249 legialibus
593 2166 699 2228 eidem
724 2165 883 2246 Gregorio
907 2166 1047 2247 agricole
1073 2185 1108 2227 ac
1133 2185 1190 2248 per
1222 2185 1296 2227 eum
1321 2165 1386 2227 suis
1409 2165 1581 2226 heredibus
1605 2179 1650 2227 sta

400 2275 521 2335 tuimus
545 2287 577 2335 et
600 2271 829 2334 confirmamus
857 2285 1012 2354 perpetuo
1044 2271 1276 2354 possidendum
1302 2285 1333 2334 ct
1356 2272 1665 2353 quomodocumque

400 2380 539 2442 voluerit
562 2378 801 2461 disponendum
826 2378 911 2460 juxta
936 2367 1161 2441 condicionem
1190 2379 1328 2440 civitatis
1351 2390 1517 2460 prenotate
1541 2379 1581 2439 ab
1607 2398 1661 2438 an-

399 2487 491 2567 tiquo
516 2485 736 2567 approbatam.

504 2591 581 2652 Item
608 2590 753 2652 Thomas
769 2589 890 2671 juratus
907 2589 1041 2652 Cheden
1064 2604 1172 2652 contra
1190 2591 1353 2653 Thomam
1371 2589 1509 2672 juratum
1527 2589 1660 2652 Cheden

398 2717 551 2781 generum
567 2698 704 2759 condam
723 2697 818 2758 Blasii
833 2696 1109 2781 Czaranthowyeh
1127 2698 1231 2780 primo
1251 2699 1363 2761 citatus
1387 2717 1453 2760 non
1470 2698 1664 2780 comparuit.

504 2804 581 2866 ltem
596 2806 722 2866 Marcus
735 2802 824 2865 faber
836 2817 946 2866 contra
961 2803 1141 2866 Johannem
1154 2818 1308 2867 sartorem
1319 2824 1474 2887 generum
1492 2803 1661 2887 Venthych

400 2912 504 2993 primo
529 2911 643 2972 citatus
667 2930 732 2972 non
757 2911 946 2992 comparuit.

506 3017 584 3078 ltem
619 3015 712 3097 jurati
749 3015 972 3096 adjudicarunt
1007 3035 1134 3078 eausam
1177 3017 1207 3077 in
1245 3015 1327 3078 lacto
1368 3014 1535 3076 cuiusdam
1570 3014 1662 3097 pellis

399 3123 583 3184 mardurine
605 3137 636 3184 et
660 3121 825 3184 cuiusdam
850 3122 1003 3183 animalis·
1022 3122 1110 3183 vidra
1131 3137 1254 3200 vocate,
1279 3123 1360 3183 inter
1383 3121 1586 3183 Anthonium
1610 3139 1661 3182 su·

398 3244 502 3291 torem
526 3248 681 3310 generum
695 3227 851 3288 Anthonii
876 3227 1029 3289 institoris
1053 3243 1084 3290 et
1104 3229 1186 3290 inter
1204 3227 1380 3309 Georgium
1406 3225 1588 3310 pellificem,
1613 3225 1660 3306 ju·

401 3348 516 3413 ratum,
540 3353 647 3396 coram
682 3333 775 3394 nobis
799 3347 919 3394 motam
953 3349 983 3394 et
1014 3347 1201 3412 vertentem,
1233 3333 1338 3395 taliter
1368 3332 1602 3414 adjudicarunt,
1628 3346 1662 3392 ut

400 3441 466 3522 ipse
491 3440 675 3501 Anthonius
691 3452 780 3500 sutor
803 3438 859 3520 qui
884 3438 943 3500 fuir
960 3439 1082 3521 primus
1106 3453 1232 3520 emptor
1249 3439 1347 3520 ipsius
1363 3439 1456 3522 pellis
1480 3439 1576 3500 debet
1593 3456 1662 3498 eam

399 3565 457 3627 pro
480 3545 588 3628 precio
613 3545 712 3626 ipsius
736 3545 853 3606 habere
877 3563 935 3626 pro
959 3564 1025 3626 quo
1050 3565 1119 3606 eam
1145 3544 1360 3627 comparavit;
1385 3545 1425 3606 de
1450 3563 1515 3626 quo
1539 3543 1660 3626 judicio

400 3651 466 3732 ipse
501 3650 659 3732 Georgius
698 3649 828 3733 pellifex
860 3651 981 3730 juratus
1022 3671 1086 3712 nou
1119 3665 1289 3714 contentus
1319 3651 1494 3734 appellavit
1525 3651 1660 3713 eandem

399 3776 527 3818 causam
551 3757 590 3818 ad
615 3757 757 3818 seniores
782 3755 904 3838 judices
928 3776 985 3838 pro
1011 3757 1110 3839 ipsius
1134 3758 1261 3820 meliori
1286 3757 1540 3840 adjudicatione.

505 3862 583 3924 Item
610 3863 720 3924 Petrus
744 3875 832 3924 sutor
849 3863 983 3944 Repych
1007 3862 1126 3944 jurabit
1143 3877 1257 3926 octavo
1286 3864 1337 3926 die
1362 3877 1435 3948 post
1450 3864 1545 3927 Pasce
1570 3883 1665 3947 super

399 3987 486 4030 aram
511 3982 621 4030 contra
646 3966 845 4050 Stephanum
871 3969 1009 4049 juratum
1029 3969 1149 4032 dictum
1172 3971 1281 4053 Zayko
1303 3991 1466 4053 supereo,
1489 3971 1578 4052 quod
1596 3971 1662 4053 ipse

398 4093 541 4134 securem
568 4074 656 4135 illam
674 4093 772 4154 quam
790 4073 857 4156 ipse
883 4074 1065 4157 Stephanus
1082 4075 1203 4156 juratus
1226 4096 1317 4138 suam
1339 4077 1476 4157 dicebat,
1500 4097 1566 4139 non
1591 4077 1664 4138 sub·

397 4180 491 4242 traxit
514 4199 618 4261 neque
644 4180 736 4242 scivit
760 4199 829 4241 earn
855 4201 922 4242 esse
946 4183 1152 4246 subtractam.

506 4285 583 4348 ltem
616 4286 716 4348 Elena
751 4306 829 4348 uxor
855 4287 1007 4370 Symonis
1038 4288 1154 4352 sutoris
1185 4289 1376 4350 successoris
1408 4287 1546 4350 condam
1579 4287 1664 4349 lwan

399 4392 475 4454 dicti
502 4392 607 4475 BmyI,
631 4393 728 4454 tercia
745 4413 778 4454 se
796 4394 941 4475 personis
965 4407 1076 4456 contra
1095 4393 1297 4457 Clementem
1317 4407 1459 4456 sutorem
1484 4391 1562 4456 feria
1578 4407 1665 4456 sexta

398 4500 545 4581 proxima
569 4513 640 4582 post
665 4514 810 4561 octavam
831 4501 926 4562 Pasce
950 4501 1074 4562 domini
1099 4501 1216 4580 jurabit
1231 4521 1289 4584 pro
1314 4521 1364 4581 eo,
1389 4516 1424 4564 ut
1440 4501 1507 4583 ipsa
1525 4499 1557 4562 in
1576 4500 1664 4580 vino,

398 4605 489 4667 lardo
515 4617 546 4666 et
569 4605 640 4666 aliis
664 4607 758 4668 rebus
783 4607 881 4689 ipsius
906 4606 1084 4669 Clementis
1110 4607 1236 4669 nullum
1261 4606 1381 4669 furtum
1406 4606 1490 4669 lecit.

505 4711 582 4774 ltem
608 4712 684 4792 quia
701 4712 863 4774 Fabianus
880 4713 1019 4794 agricola
1038 4713 1141 4775 dictus
1159 4711 1370 4796 Gonychych,
1388 4713 1529 4775 concivis
1545 4727 1664 4793 noster,

399 4817 431 4878 id
456 4818 487 4878 in
514 4819 709 4899 presenciam
737 4820 835 4880 nostri
861 4819 1003 4898 veniens,
1030 4821 1123 4881 nobis
1141 4818 1319 4901 significare
1333 4820 1457 4882 curavit
1478 4820 1535 4882 tali
1552 4820 1665 4900 mode,

399 4937 433 4985 ut
457 4924 524 5006 ipse
549 4924 581 4984 in
606 4924 752 4986 dominio
778 4926 944 4987 cuiusdam
968 4927 1047 4988 silve
1071 4947 1127 4988 sue
1153 4927 1185 4987 in
1203 4927 1363 4988 territorio
1382 4939 1491 4988 nostro
1514 4945 1571 4988 seu
1588 4927 1665 4989 civi·

398 5031 471 5092 tatis
495 5031 636 5112 predicte
654 5031 735 5092 inter
759 5031 871 5092 silvam
893 5032 1110 5094 Bartholomei
1135 5033 1276 5112 agricole
1294 5053 1311 5093 a
1328 5032 1507 5094 meridione
1532 5045 1564 5094 et
1581 5033 1664 5094 Lau·
