<?xml version="1.0" encoding="UTF-8"?>
<!DOCTYPE html PUBLIC "-//W3C//DTD XHTML 1.0 Transitional//EN"
    "http://www.w3.org/TR/xhtml1/DTD/xhtml1-transitional.dtd">
<html xmlns="http://www.w3.org/1999/xhtml" xml:lang="en" lang="en">
 <head>
  <title>
</title>
<meta http-equiv="Content-Type" content="text/html;charset=utf-8" />
  <meta name='ocr-system' content='tesseract 3.04.00' />
  <meta name='ocr-capabilities' content='ocr_page ocr_carea ocr_par ocr_line ocrx_word'/>
</head>
<body>
  <div class='ocr_page' id='page_1' title='image "./monumentahistor13laszgoog_0131.png"; bbox 0 0 3738 5786; ppageno 0'>
   <div class='ocr_carea' id='block_1_1' title="bbox 225 542 1496 2861">
    <p class='ocr_par' dir='ltr' id='par_1_1' title="bbox 228 542 1495 1155">
     <span class='ocr_line' id='line_1_1' title="bbox 625 542 1490 621; baseline -0.001 -22"><span class='ocrx_word' id='word_1_1' title='bbox 625 543 824 618; x_wconf 69' lang='lat' dir='ltr'>Ann01454.</span> <span class='ocrx_word' id='word_1_2' title='bbox 850 575 890 584; x_wconf 80' lang='lat'>-</span> <span class='ocrx_word' id='word_1_3' title='bbox 915 555 967 616; x_wconf 81' lang='lat'>29.</span> <span class='ocrx_word' id='word_1_4' title='bbox 990 542 1098 600; x_wconf 78' lang='lat' dir='ltr'>martii.</span> <span class='ocrx_word' id='word_1_5' title='bbox 1454 559 1490 621; x_wconf 87' lang='lat'>71</span> 
     </span>
     <span class='ocr_line' id='line_1_2' title="bbox 228 749 1493 834; baseline 0 -21"><span class='ocrx_word' id='word_1_6' title='bbox 228 752 302 813; x_wconf 85' lang='lat' dir='ltr'>novi</span> <span class='ocrx_word' id='word_1_7' title='bbox 328 751 482 814; x_wconf 80' lang='lat' dir='ltr'>frumenti</span> <span class='ocrx_word' id='word_1_8' title='bbox 516 749 638 834; x_wconf 85' lang='lat' dir='ltr'>prelato</span> <span class='ocrx_word' id='word_1_9' title='bbox 664 751 817 814; x_wconf 92' lang='lat' dir='ltr'>Conrado</span> <span class='ocrx_word' id='word_1_10' title='bbox 849 751 947 832; x_wconf 88' lang='lat' dir='ltr'>judici</span> <span class='ocrx_word' id='word_1_11' title='bbox 972 751 1046 814; x_wconf 89' lang='lat' dir='ltr'>dare</span> <span class='ocrx_word' id='word_1_12' title='bbox 1080 766 1110 814; x_wconf 90' lang='lat' dir='ltr'>et</span> <span class='ocrx_word' id='word_1_13' title='bbox 1134 751 1298 814; x_wconf 83' lang='lat' dir='ltr'>exsolvere</span> <span class='ocrx_word' id='word_1_14' title='bbox 1320 753 1493 832; x_wconf 84' lang='lat' dir='ltr'>tenebitur,</span> 
     </span>
     <span class='ocr_line' id='line_1_3' title="bbox 228 859 1491 942; baseline 0.001 -22"><span class='ocrx_word' id='word_1_15' title='bbox 228 874 258 921; x_wconf 89' lang='lat' dir='ltr'>et</span> <span class='ocrx_word' id='word_1_16' title='bbox 271 859 435 941; x_wconf 88' lang='lat' dir='ltr'>persoluto</span> <span class='ocrx_word' id='word_1_17' title='bbox 457 859 527 942; x_wconf 92' lang='lat' dir='ltr'>ipso</span> <span class='ocrx_word' id='word_1_18' title='bbox 540 859 645 922; x_wconf 91' lang='lat' dir='ltr'>tritico</span> <span class='ocrx_word' id='word_1_19' title='bbox 658 859 797 920; x_wconf 90' lang='lat' dir='ltr'>duorum</span> <span class='ocrx_word' id='word_1_20' title='bbox 809 860 1003 940; x_wconf 86' lang='lat' dir='ltr'>quartalium</span> <span class='ocrx_word' id='word_1_21' title='bbox 1027 860 1187 942; x_wconf 87' lang='lat' dir='ltr'>predictus</span> <span class='ocrx_word' id='word_1_22' title='bbox 1205 859 1376 922; x_wconf 91' lang='lat' dir='ltr'>Conradus</span> <span class='ocrx_word' id='word_1_23' title='bbox 1396 860 1491 940; x_wconf 85' lang='lat' dir='ltr'>judex</span> 
     </span>
     <span class='ocr_line' id='line_1_4' title="bbox 231 965 1495 1048; baseline 0.001 -21"><span class='ocrx_word' id='word_1_24' title='bbox 231 966 285 1027; x_wconf 85' lang='lat' dir='ltr'>LX</span> <span class='ocrx_word' id='word_1_25' title='bbox 309 965 461 1029; x_wconf 88' lang='lat' dir='ltr'>denarios</span> <span class='ocrx_word' id='word_1_26' title='bbox 484 967 544 1048; x_wconf 87' lang='lat' dir='ltr'>ipsi</span> <span class='ocrx_word' id='word_1_27' title='bbox 570 965 699 1028; x_wconf 88' lang='lat' dir='ltr'>Thorne</span> <span class='ocrx_word' id='word_1_28' title='bbox 723 965 850 1027; x_wconf 77' lang='lat' dir='ltr'>literato</span> <span class='ocrx_word' id='word_1_29' title='bbox 874 984 949 1029; x_wconf 87' lang='lat' dir='ltr'>mox</span> <span class='ocrx_word' id='word_1_30' title='bbox 968 965 1150 1047; x_wconf 89' lang='lat' dir='ltr'>persolvere</span> <span class='ocrx_word' id='word_1_31' title='bbox 1173 966 1354 1042; x_wconf 90' lang='lat' dir='ltr'>tenebitur;</span> <span class='ocrx_word' id='word_1_32' title='bbox 1379 967 1495 1048; x_wconf 89' lang='lat' dir='ltr'>inqua</span> 
     </span>
     <span class='ocr_line' id='line_1_5' title="bbox 231 1072 1345 1155; baseline 0.002 -21"><span class='ocrx_word' id='word_1_33' title='bbox 231 1091 307 1155; x_wconf 88' lang='lat' dir='ltr'>pace</span> <span class='ocrx_word' id='word_1_34' title='bbox 331 1087 364 1134; x_wconf 86' lang='lat' dir='ltr'>et</span> <span class='ocrx_word' id='word_1_35' title='bbox 387 1072 509 1134; x_wconf 93' lang='lat' dir='ltr'>unione</span> <span class='ocrx_word' id='word_1_36' title='bbox 534 1072 601 1152; x_wconf 88' lang='lat' dir='ltr'>ipse</span> <span class='ocrx_word' id='word_1_37' title='bbox 625 1073 720 1134; x_wconf 83' lang='lat' dir='ltr'>ambe</span> <span class='ocrx_word' id='word_1_38' title='bbox 744 1085 850 1153; x_wconf 90' lang='lat' dir='ltr'>partes</span> <span class='ocrx_word' id='word_1_39' title='bbox 878 1091 912 1133; x_wconf 91' lang='lat' dir='ltr'>se</span> <span class='ocrx_word' id='word_1_40' title='bbox 936 1083 1101 1134; x_wconf 89' lang='lat' dir='ltr'>contentas</span> <span class='ocrx_word' id='word_1_41' title='bbox 1125 1073 1345 1137; x_wconf 88' lang='lat' dir='ltr'>reddiderunt.</span> 
     </span>
    </p>

    <p class='ocr_par' dir='ltr' id='par_1_2' title="bbox 225 1176 1496 2861">
     <span class='ocr_line' id='line_1_6' title="bbox 333 1176 1496 1260; baseline 0.003 -21"><span class='ocrx_word' id='word_1_42' title='bbox 333 1177 413 1241; x_wconf 91' lang='lat' dir='ltr'>ltem</span> <span class='ocrx_word' id='word_1_43' title='bbox 439 1178 515 1260; x_wconf 92' lang='lat' dir='ltr'>quia</span> <span class='ocrx_word' id='word_1_44' title='bbox 540 1178 685 1239; x_wconf 78' lang='lat' dir='ltr'>Andreas</span> <span class='ocrx_word' id='word_1_45' title='bbox 709 1176 812 1240; x_wconf 87' lang='lat' dir='ltr'>dictus</span> <span class='ocrx_word' id='word_1_46' title='bbox 837 1178 963 1260; x_wconf 85' lang='lat' dir='ltr'>Repesa</span> <span class='ocrx_word' id='word_1_47' title='bbox 995 1179 1097 1240; x_wconf 87' lang='lat' dir='ltr'>eciam</span> <span class='ocrx_word' id='word_1_48' title='bbox 1121 1199 1195 1240; x_wconf 90' lang='lat' dir='ltr'>cum</span> <span class='ocrx_word' id='word_1_49' title='bbox 1220 1179 1346 1242; x_wconf 86' lang='lat' dir='ltr'>duabus</span> <span class='ocrx_word' id='word_1_50' title='bbox 1369 1179 1496 1242; x_wconf 88' lang='lat' dir='ltr'>filiabus</span> 
     </span>
     <span class='ocr_line' id='line_1_7' title="bbox 232 1283 1496 1370; baseline 0.002 -24"><span class='ocrx_word' id='word_1_51' title='bbox 232 1285 294 1346; x_wconf 88' lang='lat' dir='ltr'>suis</span> <span class='ocrx_word' id='word_1_52' title='bbox 318 1285 459 1348; x_wconf 80' lang='lat' dir='ltr'>Barbara</span> <span class='ocrx_word' id='word_1_53' title='bbox 483 1300 515 1347; x_wconf 86' lang='lat' dir='ltr'>et</span> <span class='ocrx_word' id='word_1_54' title='bbox 538 1283 701 1347; x_wconf 87' lang='lat' dir='ltr'>Dorothea</span> <span class='ocrx_word' id='word_1_55' title='bbox 718 1285 763 1347; x_wconf 89' lang='lat' dir='ltr'>sic</span> <span class='ocrx_word' id='word_1_56' title='bbox 789 1285 921 1364; x_wconf 88' lang='lat' dir='ltr'>vocatis,</span> <span class='ocrx_word' id='word_1_57' title='bbox 945 1286 988 1347; x_wconf 90' lang='lat' dir='ltr'>ita</span> <span class='ocrx_word' id='word_1_58' title='bbox 1007 1287 1088 1348; x_wconf 90' lang='lat' dir='ltr'>bene</span> <span class='ocrx_word' id='word_1_59' title='bbox 1112 1287 1194 1348; x_wconf 89' lang='lat' dir='ltr'>sicut</span> <span class='ocrx_word' id='word_1_60' title='bbox 1210 1287 1352 1370; x_wconf 89' lang='lat' dir='ltr'>predicta</span> <span class='ocrx_word' id='word_1_61' title='bbox 1378 1287 1496 1350; x_wconf 87' lang='lat' dir='ltr'>Katbe·</span> 
     </span>
     <span class='ocr_line' id='line_1_8' title="bbox 231 1392 1495 1476; baseline 0.002 -22"><span class='ocrx_word' id='word_1_62' title='bbox 231 1393 297 1454; x_wconf 87' lang='lat' dir='ltr'>rina</span> <span class='ocrx_word' id='word_1_63' title='bbox 321 1411 403 1454; x_wconf 86' lang='lat' dir='ltr'>uxor</span> <span class='ocrx_word' id='word_1_64' title='bbox 428 1393 527 1474; x_wconf 91' lang='lat' dir='ltr'>ipsius</span> <span class='ocrx_word' id='word_1_65' title='bbox 550 1392 679 1454; x_wconf 77' lang='lat' dir='ltr'>Andree</span> <span class='ocrx_word' id='word_1_66' title='bbox 697 1393 821 1474; x_wconf 88' lang='lat' dir='ltr'>Repesa</span> <span class='ocrx_word' id='word_1_67' title='bbox 842 1405 944 1455; x_wconf 91' lang='lat' dir='ltr'>mater</span> <span class='ocrx_word' id='word_1_68' title='bbox 968 1412 1043 1454; x_wconf 91' lang='lat' dir='ltr'>vero</span> <span class='ocrx_word' id='word_1_69' title='bbox 1061 1394 1202 1475; x_wconf 88' lang='lat' dir='ltr'>ipsarum</span> <span class='ocrx_word' id='word_1_70' title='bbox 1220 1394 1400 1476; x_wconf 87' lang='lat' dir='ltr'>puellarum</span> <span class='ocrx_word' id='word_1_71' title='bbox 1420 1395 1495 1456; x_wconf 79' lang='lat' dir='ltr'>Ear-</span> 
     </span>
     <span class='ocr_line' id='line_1_9' title="bbox 231 1498 1495 1582; baseline 0.002 -22"><span class='ocrx_word' id='word_1_72' title='bbox 231 1501 303 1560; x_wconf 89' lang='lat' dir='ltr'>bare</span> <span class='ocrx_word' id='word_1_73' title='bbox 327 1513 360 1562; x_wconf 89' lang='lat' dir='ltr'>et</span> <span class='ocrx_word' id='word_1_74' title='bbox 378 1499 541 1562; x_wconf 85' lang='lat' dir='ltr'>Dorothee</span> <span class='ocrx_word' id='word_1_75' title='bbox 558 1514 754 1578; x_wconf 88' lang='lat' dir='ltr'>vocatarum,</span> <span class='ocrx_word' id='word_1_76' title='bbox 771 1499 917 1562; x_wconf 90' lang='lat' dir='ltr'>similiter</span> <span class='ocrx_word' id='word_1_77' title='bbox 941 1499 973 1561; x_wconf 94' lang='lat' dir='ltr'>in</span> <span class='ocrx_word' id='word_1_78' title='bbox 992 1498 1078 1562; x_wconf 86' lang='lat' dir='ltr'>furtu</span> <span class='ocrx_word' id='word_1_79' title='bbox 1095 1513 1126 1562; x_wconf 90' lang='lat' dir='ltr'>et</span> <span class='ocrx_word' id='word_1_80' title='bbox 1143 1500 1214 1562; x_wconf 91' lang='lat' dir='ltr'>aliis</span> <span class='ocrx_word' id='word_1_81' title='bbox 1235 1501 1381 1582; x_wconf 86' lang='lat' dir='ltr'>pluribus</span> <span class='ocrx_word' id='word_1_82' title='bbox 1398 1501 1495 1562; x_wconf 89' lang='lat' dir='ltr'>male-</span> 
     </span>
     <span class='ocr_line' id='line_1_10' title="bbox 229 1605 1495 1688; baseline 0.002 -22"><span class='ocrx_word' id='word_1_83' title='bbox 229 1605 306 1667; x_wconf 89' lang='lat' dir='ltr'>ficiis</span> <span class='ocrx_word' id='word_1_84' title='bbox 331 1605 469 1688; x_wconf 88' lang='lat' dir='ltr'>repperti</span> <span class='ocrx_word' id='word_1_85' title='bbox 495 1620 526 1668; x_wconf 90' lang='lat' dir='ltr'>et</span> <span class='ocrx_word' id='word_1_86' title='bbox 549 1606 678 1667; x_wconf 88' lang='lat' dir='ltr'>invente</span> <span class='ocrx_word' id='word_1_87' title='bbox 701 1619 775 1667; x_wconf 88' lang='lat' dir='ltr'>aunt</span> <span class='ocrx_word' id='word_1_88' title='bbox 800 1626 817 1668; x_wconf 94' lang='lat' dir='ltr'>a</span> <span class='ocrx_word' id='word_1_89' title='bbox 842 1619 940 1686; x_wconf 91' lang='lat' dir='ltr'>certo,</span> <span class='ocrx_word' id='word_1_90' title='bbox 965 1606 1104 1688; x_wconf 92' lang='lat' dir='ltr'>ideoque</span> <span class='ocrx_word' id='word_1_91' title='bbox 1130 1606 1251 1668; x_wconf 89' lang='lat' dir='ltr'>eisdem</span> <span class='ocrx_word' id='word_1_92' title='bbox 1277 1607 1408 1668; x_wconf 82' lang='lat' dir='ltr'>Andree</span> <span class='ocrx_word' id='word_1_93' title='bbox 1434 1607 1495 1668; x_wconf 86' lang='lat' dir='ltr'>Re·</span> 
     </span>
     <span class='ocr_line' id='line_1_11' title="bbox 229 1711 1496 1795; baseline 0.002 -22"><span class='ocrx_word' id='word_1_94' title='bbox 229 1732 301 1794; x_wconf 87' lang='lat' dir='ltr'>pesa</span> <span class='ocrx_word' id='word_1_95' title='bbox 327 1727 359 1773; x_wconf 91' lang='lat' dir='ltr'>et</span> <span class='ocrx_word' id='word_1_96' title='bbox 383 1712 476 1774; x_wconf 87' lang='lat' dir='ltr'>dictis</span> <span class='ocrx_word' id='word_1_97' title='bbox 500 1711 625 1774; x_wconf 87' lang='lat' dir='ltr'>filiabus</span> <span class='ocrx_word' id='word_1_98' title='bbox 649 1711 714 1774; x_wconf 87' lang='lat' dir='ltr'>suis</span> <span class='ocrx_word' id='word_1_99' title='bbox 747 1713 828 1774; x_wconf 89' lang='lat' dir='ltr'>sicut</span> <span class='ocrx_word' id='word_1_100' title='bbox 861 1727 892 1774; x_wconf 91' lang='lat' dir='ltr'>et</span> <span class='ocrx_word' id='word_1_101' title='bbox 923 1713 1072 1776; x_wconf 89' lang='lat' dir='ltr'>Emerico</span> <span class='ocrx_word' id='word_1_102' title='bbox 1101 1711 1168 1774; x_wconf 90' lang='lat' dir='ltr'>filio</span> <span class='ocrx_word' id='word_1_103' title='bbox 1200 1713 1342 1795; x_wconf 86' lang='lat' dir='ltr'>ipsorum</span> <span class='ocrx_word' id='word_1_104' title='bbox 1367 1714 1496 1775; x_wconf 81' lang='lat' dir='ltr'>Andree</span> 
     </span>
     <span class='ocr_line' id='line_1_12' title="bbox 230 1818 1495 1900; baseline 0.002 -21"><span class='ocrx_word' id='word_1_105' title='bbox 230 1819 353 1900; x_wconf 84' lang='lat' dir='ltr'>Repeaa</span> <span class='ocrx_word' id='word_1_106' title='bbox 376 1832 408 1880; x_wconf 89' lang='lat' dir='ltr'>et</span> <span class='ocrx_word' id='word_1_107' title='bbox 432 1818 606 1881; x_wconf 86' lang='lat' dir='ltr'>Katherine</span> <span class='ocrx_word' id='word_1_108' title='bbox 631 1819 785 1898; x_wconf 86' lang='lat' dir='ltr'>mulieris,</span> <span class='ocrx_word' id='word_1_109' title='bbox 811 1818 898 1882; x_wconf 85' lang='lat' dir='ltr'>fratri</span> <span class='ocrx_word' id='word_1_110' title='bbox 928 1839 1004 1880; x_wconf 90' lang='lat' dir='ltr'>vero</span> <span class='ocrx_word' id='word_1_111' title='bbox 1029 1820 1187 1881; x_wconf 92' lang='lat' dir='ltr'>dictarum</span> <span class='ocrx_word' id='word_1_112' title='bbox 1214 1819 1351 1882; x_wconf 88' lang='lat' dir='ltr'>Barbare</span> <span class='ocrx_word' id='word_1_113' title='bbox 1376 1833 1406 1882; x_wconf 87' lang='lat' dir='ltr'>et</span> <span class='ocrx_word' id='word_1_114' title='bbox 1431 1821 1495 1882; x_wconf 90' lang='lat' dir='ltr'>Do·</span> 
     </span>
     <span class='ocr_line' id='line_1_13' title="bbox 229 1924 1496 2008; baseline 0.002 -22"><span class='ocrx_word' id='word_1_115' title='bbox 229 1925 337 1988; x_wconf 90' lang='lat' dir='ltr'>rotbee</span> <span class='ocrx_word' id='word_1_116' title='bbox 363 1925 557 2007; x_wconf 87' lang='lat' dir='ltr'>puellarum,</span> <span class='ocrx_word' id='word_1_117' title='bbox 582 1945 640 2008; x_wconf 94' lang='lat' dir='ltr'>pro</span> <span class='ocrx_word' id='word_1_118' title='bbox 664 1927 729 1986; x_wconf 89' lang='lat' dir='ltr'>suis</span> <span class='ocrx_word' id='word_1_119' title='bbox 757 1925 904 1987; x_wconf 89' lang='lat' dir='ltr'>similiter</span> <span class='ocrx_word' id='word_1_120' title='bbox 938 1924 1104 1988; x_wconf 80' lang='lat' dir='ltr'>maleficiis</span> <span class='ocrx_word' id='word_1_121' title='bbox 1136 1926 1223 2007; x_wconf 89' lang='lat' dir='ltr'>priua</span> <span class='ocrx_word' id='word_1_122' title='bbox 1247 1925 1426 2008; x_wconf 87' lang='lat' dir='ltr'>proscripto</span> <span class='ocrx_word' id='word_1_123' title='bbox 1450 1940 1496 1988; x_wconf 88' lang='lat' dir='ltr'>est</span> 
     </span>
     <span class='ocr_line' id='line_1_14' title="bbox 228 2031 1494 2111; baseline 0 -19"><span class='ocrx_word' id='word_1_124' title='bbox 228 2031 437 2093; x_wconf 83' lang='lat' dir='ltr'>commissum</span> <span class='ocrx_word' id='word_1_125' title='bbox 470 2031 554 2092; x_wconf 81' lang='lat' dir='ltr'>exire</span> <span class='ocrx_word' id='word_1_126' title='bbox 587 2045 672 2093; x_wconf 85' lang='lat' dir='ltr'>extra</span> <span class='ocrx_word' id='word_1_127' title='bbox 705 2031 886 2111; x_wconf 86' lang='lat' dir='ltr'>civitatem,</span> <span class='ocrx_word' id='word_1_128' title='bbox 919 2032 1140 2094; x_wconf 85' lang='lat' dir='ltr'>commisimus</span> <span class='ocrx_word' id='word_1_129' title='bbox 1171 2031 1356 2094; x_wconf 87' lang='lat' dir='ltr'>auctoritate</span> <span class='ocrx_word' id='word_1_130' title='bbox 1389 2045 1494 2094; x_wconf 89' lang='lat' dir='ltr'>nostra</span> 
     </span>
     <span class='ocr_line' id='line_1_15' title="bbox 226 2138 1495 2221; baseline 0 -21"><span class='ocrx_word' id='word_1_131' title='bbox 226 2138 394 2220; x_wconf 91' lang='lat' dir='ltr'>judiciaria</span> <span class='ocrx_word' id='word_1_132' title='bbox 418 2138 564 2200; x_wconf 90' lang='lat' dir='ltr'>similiter</span> <span class='ocrx_word' id='word_1_133' title='bbox 596 2153 682 2201; x_wconf 82' lang='lat' dir='ltr'>extra</span> <span class='ocrx_word' id='word_1_134' title='bbox 708 2139 809 2221; x_wconf 86' lang='lat' dir='ltr'>ipsam</span> <span class='ocrx_word' id='word_1_135' title='bbox 842 2139 1003 2200; x_wconf 89' lang='lat' dir='ltr'>civitatem</span> <span class='ocrx_word' id='word_1_136' title='bbox 1036 2153 1067 2200; x_wconf 93' lang='lat' dir='ltr'>et</span> <span class='ocrx_word' id='word_1_137' title='bbox 1099 2139 1167 2200; x_wconf 90' lang='lat' dir='ltr'>eius</span> <span class='ocrx_word' id='word_1_138' title='bbox 1189 2138 1384 2200; x_wconf 89' lang='lat' dir='ltr'>territorium</span> <span class='ocrx_word' id='word_1_139' title='bbox 1410 2139 1495 2201; x_wconf 81' lang='lat' dir='ltr'>exire</span> 
     </span>
     <span class='ocr_line' id='line_1_16' title="bbox 228 2243 1493 2328; baseline 0 -21"><span class='ocrx_word' id='word_1_140' title='bbox 228 2246 467 2308; x_wconf 89' lang='lat' dir='ltr'>committentes</span> <span class='ocrx_word' id='word_1_141' title='bbox 490 2244 623 2324; x_wconf 88' lang='lat' dir='ltr'>eisdem,</span> <span class='ocrx_word' id='word_1_142' title='bbox 646 2258 682 2306; x_wconf 92' lang='lat' dir='ltr'>ut</span> <span class='ocrx_word' id='word_1_143' title='bbox 706 2245 765 2328; x_wconf 88' lang='lat' dir='ltr'>ipsi</span> <span class='ocrx_word' id='word_1_144' title='bbox 790 2245 936 2308; x_wconf 84' lang='lat' dir='ltr'>Andreas</span> <span class='ocrx_word' id='word_1_145' title='bbox 960 2258 991 2306; x_wconf 89' lang='lat' dir='ltr'>et</span> <span class='ocrx_word' id='word_1_146' title='bbox 1014 2243 1078 2306; x_wconf 86' lang='lat' dir='ltr'>filie</span> <span class='ocrx_word' id='word_1_147' title='bbox 1103 2244 1202 2327; x_wconf 83' lang='lat' dir='ltr'>ipsius</span> <span class='ocrx_word' id='word_1_148' title='bbox 1225 2244 1306 2307; x_wconf 89' lang='lat' dir='ltr'>sicut</span> <span class='ocrx_word' id='word_1_149' title='bbox 1330 2259 1361 2306; x_wconf 88' lang='lat' dir='ltr'>et</span> <span class='ocrx_word' id='word_1_150' title='bbox 1378 2243 1493 2328; x_wconf 89' lang='lat' dir='ltr'>prelati</span> 
     </span>
     <span class='ocr_line' id='line_1_17' title="bbox 226 2351 1494 2436; baseline -0.002 -20"><span class='ocrx_word' id='word_1_151' title='bbox 226 2368 328 2417; x_wconf 90' lang='lat' dir='ltr'>mater</span> <span class='ocrx_word' id='word_1_152' title='bbox 352 2367 384 2415; x_wconf 89' lang='lat' dir='ltr'>et</span> <span class='ocrx_word' id='word_1_153' title='bbox 408 2351 503 2414; x_wconf 88' lang='lat' dir='ltr'>irater</span> <span class='ocrx_word' id='word_1_154' title='bbox 527 2353 667 2436; x_wconf 91' lang='lat' dir='ltr'>ipsarum</span> <span class='ocrx_word' id='word_1_155' title='bbox 692 2353 732 2415; x_wconf 92' lang='lat' dir='ltr'>de</span> <span class='ocrx_word' id='word_1_156' title='bbox 765 2367 871 2416; x_wconf 90' lang='lat' dir='ltr'>cetero</span> <span class='ocrx_word' id='word_1_157' title='bbox 896 2367 927 2416; x_wconf 90' lang='lat' dir='ltr'>et</span> <span class='ocrx_word' id='word_1_158' title='bbox 958 2373 1014 2434; x_wconf 89' lang='lat' dir='ltr'>per</span> <span class='ocrx_word' id='word_1_159' title='bbox 1038 2353 1177 2435; x_wconf 87' lang='lat' dir='ltr'>amplius</span> <span class='ocrx_word' id='word_1_160' title='bbox 1208 2353 1240 2414; x_wconf 93' lang='lat' dir='ltr'>iu</span> <span class='ocrx_word' id='word_1_161' title='bbox 1267 2351 1384 2414; x_wconf 90' lang='lat' dir='ltr'>dictam</span> <span class='ocrx_word' id='word_1_162' title='bbox 1418 2353 1494 2414; x_wconf 90' lang='lat' dir='ltr'>civi·</span> 
     </span>
     <span class='ocr_line' id='line_1_18' title="bbox 226 2459 1493 2541; baseline -0.002 -19"><span class='ocrx_word' id='word_1_163' title='bbox 226 2473 324 2523; x_wconf 91' lang='lat' dir='ltr'>tatem</span> <span class='ocrx_word' id='word_1_164' title='bbox 350 2475 382 2522; x_wconf 91' lang='lat' dir='ltr'>et</span> <span class='ocrx_word' id='word_1_165' title='bbox 406 2461 474 2521; x_wconf 91' lang='lat' dir='ltr'>eius</span> <span class='ocrx_word' id='word_1_166' title='bbox 498 2459 693 2522; x_wconf 89' lang='lat' dir='ltr'>territorium</span> <span class='ocrx_word' id='word_1_167' title='bbox 726 2460 919 2522; x_wconf 92' lang='lat' dir='ltr'>nullomodo</span> <span class='ocrx_word' id='word_1_168' title='bbox 943 2460 1060 2522; x_wconf 88' lang='lat' dir='ltr'>intrare</span> <span class='ocrx_word' id='word_1_169' title='bbox 1092 2473 1277 2540; x_wconf 89' lang='lat' dir='ltr'>presumant</span> <span class='ocrx_word' id='word_1_170' title='bbox 1301 2479 1407 2541; x_wconf 88' lang='lat' dir='ltr'>neque</span> <span class='ocrx_word' id='word_1_171' title='bbox 1439 2461 1493 2521; x_wconf 93' lang='lat' dir='ltr'>de-</span> 
     </span>
     <span class='ocr_line' id='line_1_19' title="bbox 228 2565 1490 2648; baseline -0.002 -20"><span class='ocrx_word' id='word_1_172' title='bbox 228 2569 336 2646; x_wconf 88' lang='lat' dir='ltr'>beant,</span> <span class='ocrx_word' id='word_1_173' title='bbox 360 2566 417 2648; x_wconf 92' lang='lat' dir='ltr'>qui</span> <span class='ocrx_word' id='word_1_174' title='bbox 443 2565 468 2626; x_wconf 91' lang='lat' dir='ltr'>si</span> <span class='ocrx_word' id='word_1_175' title='bbox 494 2565 533 2626; x_wconf 92' lang='lat' dir='ltr'>de</span> <span class='ocrx_word' id='word_1_176' title='bbox 550 2579 656 2627; x_wconf 90' lang='lat' dir='ltr'>cetero</span> <span class='ocrx_word' id='word_1_177' title='bbox 681 2579 711 2627; x_wconf 88' lang='lat' dir='ltr'>et</span> <span class='ocrx_word' id='word_1_178' title='bbox 728 2585 784 2648; x_wconf 88' lang='lat' dir='ltr'>per</span> <span class='ocrx_word' id='word_1_179' title='bbox 808 2566 946 2648; x_wconf 86' lang='lat' dir='ltr'>amplius</span> <span class='ocrx_word' id='word_1_180' title='bbox 971 2567 1003 2626; x_wconf 97' lang='lat' dir='ltr'>in</span> <span class='ocrx_word' id='word_1_181' title='bbox 1021 2565 1088 2648; x_wconf 87' lang='lat' dir='ltr'>ipsa</span> <span class='ocrx_word' id='word_1_182' title='bbox 1104 2565 1231 2627; x_wconf 88' lang='lat' dir='ltr'>civitate</span> <span class='ocrx_word' id='word_1_183' title='bbox 1255 2578 1286 2626; x_wconf 88' lang='lat' dir='ltr'>et</span> <span class='ocrx_word' id='word_1_184' title='bbox 1310 2565 1378 2626; x_wconf 90' lang='lat' dir='ltr'>eius</span> <span class='ocrx_word' id='word_1_185' title='bbox 1402 2567 1490 2628; x_wconf 93' lang='lat' dir='ltr'>terri·</span> 
     </span>
     <span class='ocr_line' id='line_1_20' title="bbox 225 2670 1493 2755; baseline -0.002 -20"><span class='ocrx_word' id='word_1_186' title='bbox 225 2673 311 2735; x_wconf 91' lang='lat' dir='ltr'>torio</span> <span class='ocrx_word' id='word_1_187' title='bbox 336 2673 475 2755; x_wconf 90' lang='lat' dir='ltr'>repperti</span> <span class='ocrx_word' id='word_1_188' title='bbox 500 2670 629 2751; x_wconf 86' lang='lat' dir='ltr'>luerint,</span> <span class='ocrx_word' id='word_1_189' title='bbox 654 2691 728 2734; x_wconf 81' lang='lat' dir='ltr'>mox</span> <span class='ocrx_word' id='word_1_190' title='bbox 753 2691 869 2754; x_wconf 91' lang='lat' dir='ltr'>penam</span> <span class='ocrx_word' id='word_1_191' title='bbox 892 2691 988 2753; x_wconf 91' lang='lat' dir='ltr'>quam</span> <span class='ocrx_word' id='word_1_192' title='bbox 1014 2670 1232 2734; x_wconf 89' lang='lat' dir='ltr'>demeruerint</span> <span class='ocrx_word' id='word_1_193' title='bbox 1256 2685 1493 2753; x_wconf 89' lang='lat' dir='ltr'>consequentur</span> 
     </span>
     <span class='ocr_line' id='line_1_21' title="bbox 225 2777 1257 2861; baseline -0.002 -21"><span class='ocrx_word' id='word_1_194' title='bbox 225 2792 258 2841; x_wconf 91' lang='lat' dir='ltr'>et</span> <span class='ocrx_word' id='word_1_195' title='bbox 280 2778 449 2861; x_wconf 89' lang='lat' dir='ltr'>pacientur</span> <span class='ocrx_word' id='word_1_196' title='bbox 471 2777 557 2860; x_wconf 88' lang='lat' dir='ltr'>juxta</span> <span class='ocrx_word' id='word_1_197' title='bbox 583 2791 731 2840; x_wconf 89' lang='lat' dir='ltr'>contenta</span> <span class='ocrx_word' id='word_1_198' title='bbox 756 2778 915 2860; x_wconf 91' lang='lat' dir='ltr'>privilegii</span> <span class='ocrx_word' id='word_1_199' title='bbox 940 2779 1039 2839; x_wconf 91' lang='lat' dir='ltr'>nostri</span> <span class='ocrx_word' id='word_1_200' title='bbox 1064 2778 1257 2839; x_wconf 89' lang='lat' dir='ltr'>communis.</span> 
     </span>
    </p>
   </div>
   <div class='ocr_carea' id='block_1_2' title="bbox 223 2979 1494 3193">
    <p class='ocr_par' dir='ltr' id='par_1_3' title="bbox 223 2979 1494 3193">
     <span class='ocr_line' id='line_1_22' title="bbox 223 2979 1494 3071; baseline -0.002 -18"><span class='ocrx_word' id='word_1_201' title='bbox 223 2979 324 3053; x_wconf 81' lang='lat' dir='ltr'>Faria</span> <span class='ocrx_word' id='word_1_202' title='bbox 351 2991 450 3053; x_wconf 86' lang='lat' dir='ltr'>sexta</span> <span class='ocrx_word' id='word_1_203' title='bbox 479 2983 635 3071; x_wconf 85' lang='lat' dir='ltr'>proxima</span> <span class='ocrx_word' id='word_1_204' title='bbox 673 2991 749 3070; x_wconf 87' lang='lat' dir='ltr'>post</span> <span class='ocrx_word' id='word_1_205' title='bbox 777 2981 899 3052; x_wconf 81' lang='lat' dir='ltr'>festum</span> <span class='ocrx_word' id='word_1_206' title='bbox 927 2979 1210 3052; x_wconf 79' lang='lat' dir='ltr'>Annunciecionis</span> <span class='ocrx_word' id='word_1_207' title='bbox 1238 2981 1334 3052; x_wconf 84' lang='lat' dir='ltr'>beate</span> <span class='ocrx_word' id='word_1_208' title='bbox 1364 2999 1494 3068; x_wconf 86' lang='lat' dir='ltr'>semper</span> 
     </span>
     <span class='ocr_line' id='line_1_23' title="bbox 714 3105 1003 3193; baseline -0.003 -17"><span class='ocrx_word' id='word_1_209' title='bbox 714 3107 858 3193; x_wconf 85' lang='lat' dir='ltr'>virginis</span> <span class='ocrx_word' id='word_1_210' title='bbox 889 3105 1003 3177; x_wconf 88' lang='lat' dir='ltr'>llarie.</span> 
     </span>
    </p>
   </div>
   <div class='ocr_carea' id='block_1_3' title="bbox 750 3257 962 3334">
    <p class='ocr_par' dir='ltr' id='par_1_4' title="bbox 750 3257 962 3334">
     <span class='ocr_line' id='line_1_24' title="bbox 750 3257 962 3334; baseline 0.014 -20"><span class='ocrx_word' id='word_1_211' title='bbox 750 3259 815 3334; x_wconf 83' lang='lat'><em>(29.</em></span> <span class='ocrx_word' id='word_1_212' title='bbox 838 3257 962 3333; x_wconf 77' lang='lat' dir='ltr'>martit).</span> 
     </span>
    </p>
   </div>
   <div class='ocr_carea' id='block_1_4' title="bbox 219 3396 1493 5080">
    <p class='ocr_par' dir='ltr' id='par_1_5' title="bbox 220 3396 1493 3696">
     <span class='ocr_line' id='line_1_25' title="bbox 334 3396 1491 3482; baseline -0.002 -22"><span class='ocrx_word' id='word_1_213' title='bbox 334 3401 414 3463; x_wconf 90' lang='lat' dir='ltr'>ltern</span> <span class='ocrx_word' id='word_1_214' title='bbox 447 3399 635 3462; x_wconf 89' lang='lat' dir='ltr'>Franciscus</span> <span class='ocrx_word' id='word_1_215' title='bbox 666 3397 807 3482; x_wconf 87' lang='lat' dir='ltr'>lrenipar</span> <span class='ocrx_word' id='word_1_216' title='bbox 839 3397 1033 3479; x_wconf 90' lang='lat' dir='ltr'>Gregorium</span> <span class='ocrx_word' id='word_1_217' title='bbox 1058 3396 1204 3460; x_wconf 89' lang='lat' dir='ltr'>Percerta</span> <span class='ocrx_word' id='word_1_218' title='bbox 1237 3398 1491 3460; x_wconf 87' lang='lat' dir='ltr'>barbitonsorem</span> 
     </span>
     <span class='ocr_line' id='line_1_26' title="bbox 220 3503 1493 3586; baseline -0.005 -16"><span class='ocrx_word' id='word_1_219' title='bbox 220 3506 418 3570; x_wconf 87' lang='lat' dir='ltr'>secundario</span> <span class='ocrx_word' id='word_1_220' title='bbox 442 3506 561 3584; x_wconf 87' lang='lat' dir='ltr'>citavit,</span> <span class='ocrx_word' id='word_1_221' title='bbox 594 3505 746 3586; x_wconf 91' lang='lat' dir='ltr'>idemque</span> <span class='ocrx_word' id='word_1_222' title='bbox 779 3504 955 3586; x_wconf 82' lang='lat' dir='ltr'>Gregorius</span> <span class='ocrx_word' id='word_1_223' title='bbox 990 3503 1134 3564; x_wconf 88' lang='lat' dir='ltr'>Percerta</span> <span class='ocrx_word' id='word_1_224' title='bbox 1166 3505 1355 3566; x_wconf 87' lang='lat' dir='ltr'>secundario</span> <span class='ocrx_word' id='word_1_225' title='bbox 1380 3504 1493 3565; x_wconf 85' lang='lat' dir='ltr'>citatus</span> 
     </span>
     <span class='ocr_line' id='line_1_27' title="bbox 221 3613 508 3696; baseline 0.003 -21"><span class='ocrx_word' id='word_1_226' title='bbox 221 3634 290 3676; x_wconf 91' lang='lat' dir='ltr'>nou</span> <span class='ocrx_word' id='word_1_227' title='bbox 317 3613 508 3696; x_wconf 88' lang='lat' dir='ltr'>comparuit.</span> 
     </span>
    </p>

    <p class='ocr_par' dir='ltr' id='par_1_6' title="bbox 221 3717 1490 3908">
     <span class='ocr_line' id='line_1_28' title="bbox 331 3717 1490 3801; baseline -0.002 -21"><span class='ocrx_word' id='word_1_228' title='bbox 331 3719 411 3782; x_wconf 91' lang='lat' dir='ltr'>Item</span> <span class='ocrx_word' id='word_1_229' title='bbox 436 3718 593 3781; x_wconf 90' lang='lat' dir='ltr'>Martinus</span> <span class='ocrx_word' id='word_1_230' title='bbox 616 3733 705 3781; x_wconf 92' lang='lat' dir='ltr'>sutor</span> <span class='ocrx_word' id='word_1_231' title='bbox 730 3718 918 3801; x_wconf 88' lang='lat' dir='ltr'>Hanczetyn</span> <span class='ocrx_word' id='word_1_232' title='bbox 947 3731 1057 3780; x_wconf 89' lang='lat' dir='ltr'>contra</span> <span class='ocrx_word' id='word_1_233' title='bbox 1083 3717 1218 3780; x_wconf 91' lang='lat' dir='ltr'>Elenam</span> <span class='ocrx_word' id='word_1_234' title='bbox 1244 3717 1490 3779; x_wconf 89' lang='lat' dir='ltr'>candelatricem</span> 
     </span>
     <span class='ocr_line' id='line_1_29' title="bbox 221 3825 1142 3908; baseline -0.001 -20"><span class='ocrx_word' id='word_1_235' title='bbox 221 3827 388 3908; x_wconf 87' lang='lat' dir='ltr'>Kussycza</span> <span class='ocrx_word' id='word_1_236' title='bbox 414 3825 532 3887; x_wconf 89' lang='lat' dir='ltr'>dictam</span> <span class='ocrx_word' id='word_1_237' title='bbox 557 3825 699 3888; x_wconf 89' lang='lat' dir='ltr'>secundo</span> <span class='ocrx_word' id='word_1_238' title='bbox 724 3825 836 3887; x_wconf 89' lang='lat' dir='ltr'>citatus</span> <span class='ocrx_word' id='word_1_239' title='bbox 861 3844 926 3886; x_wconf 93' lang='lat' dir='ltr'>non</span> <span class='ocrx_word' id='word_1_240' title='bbox 952 3825 1142 3906; x_wconf 89' lang='lat' dir='ltr'>comparuit.</span> 
     </span>
    </p>

    <p class='ocr_par' dir='ltr' id='par_1_7' title="bbox 219 3928 1490 5080">
     <span class='ocr_line' id='line_1_30' title="bbox 331 3928 1490 4015; baseline -0.002 -21"><span class='ocrx_word' id='word_1_241' title='bbox 331 3932 409 3994; x_wconf 88' lang='lat' dir='ltr'>ltem</span> <span class='ocrx_word' id='word_1_242' title='bbox 435 3932 553 3994; x_wconf 86' lang='lat' dir='ltr'>Paulus</span> <span class='ocrx_word' id='word_1_243' title='bbox 578 3931 664 3994; x_wconf 91' lang='lat' dir='ltr'>filius</span> <span class='ocrx_word' id='word_1_244' title='bbox 696 3931 832 3994; x_wconf 89' lang='lat' dir='ltr'>condam</span> <span class='ocrx_word' id='word_1_245' title='bbox 867 3931 1022 3993; x_wconf 86' lang='lat' dir='ltr'>Anthonii</span> <span class='ocrx_word' id='word_1_246' title='bbox 1057 3929 1256 4015; x_wconf 89' lang='lat' dir='ltr'>Gonychych</span> <span class='ocrx_word' id='word_1_247' title='bbox 1281 3931 1356 4012; x_wconf 91' lang='lat' dir='ltr'>quia</span> <span class='ocrx_word' id='word_1_248' title='bbox 1389 3928 1490 3993; x_wconf 91' lang='lat' dir='ltr'>Geor-</span> 
     </span>
     <span class='ocr_line' id='line_1_31' title="bbox 219 4037 1489 4122; baseline -0.003 -20"><span class='ocrx_word' id='word_1_249' title='bbox 219 4041 312 4122; x_wconf 89' lang='lat' dir='ltr'>gium</span> <span class='ocrx_word' id='word_1_250' title='bbox 330 4059 440 4121; x_wconf 87' lang='lat' dir='ltr'>sporur</span> <span class='ocrx_word' id='word_1_251' title='bbox 456 4039 642 4100; x_wconf 88' lang='lat' dir='ltr'>servitorem</span> <span class='ocrx_word' id='word_1_252' title='bbox 666 4038 820 4100; x_wconf 87' lang='lat' dir='ltr'>Friderici</span> <span class='ocrx_word' id='word_1_253' title='bbox 845 4037 926 4100; x_wconf 89' lang='lat' dir='ltr'>fabri</span> <span class='ocrx_word' id='word_1_254' title='bbox 944 4038 1020 4100; x_wconf 90' lang='lat' dir='ltr'>dicti</span> <span class='ocrx_word' id='word_1_255' title='bbox 1037 4039 1148 4122; x_wconf 86' lang='lat' dir='ltr'>Frycz,</span> <span class='ocrx_word' id='word_1_256' title='bbox 1173 4057 1268 4120; x_wconf 90' lang='lat' dir='ltr'>super</span> <span class='ocrx_word' id='word_1_257' title='bbox 1284 4051 1379 4120; x_wconf 92' lang='lat' dir='ltr'>caput</span> <span class='ocrx_word' id='word_1_258' title='bbox 1395 4057 1489 4098; x_wconf 90' lang='lat' dir='ltr'>suum</span> 
     </span>
     <span class='ocr_line' id='line_1_32' title="bbox 221 4143 1490 4227; baseline -0.001 -20"><span class='ocrx_word' id='word_1_259' title='bbox 221 4163 297 4208; x_wconf 88' lang='lat' dir='ltr'>cum</span> <span class='ocrx_word' id='word_1_260' title='bbox 323 4145 413 4207; x_wconf 83' lang='lat' dir='ltr'>clava</span> <span class='ocrx_word' id='word_1_261' title='bbox 439 4143 539 4206; x_wconf 76' lang='lat' dir='ltr'>ferrea</span> <span class='ocrx_word' id='word_1_262' title='bbox 564 4143 759 4207; x_wconf 83' lang='lat' dir='ltr'>horribiliter</span> <span class='ocrx_word' id='word_1_263' title='bbox 776 4145 941 4226; x_wconf 88' lang='lat' dir='ltr'>percussit,</span> <span class='ocrx_word' id='word_1_264' title='bbox 966 4159 1061 4227; x_wconf 92' lang='lat' dir='ltr'>prout</span> <span class='ocrx_word' id='word_1_265' title='bbox 1084 4145 1172 4207; x_wconf 91' lang='lat' dir='ltr'>solus</span> <span class='ocrx_word' id='word_1_266' title='bbox 1189 4143 1288 4206; x_wconf 87' lang='lat' dir='ltr'>fassus</span> <span class='ocrx_word' id='word_1_267' title='bbox 1312 4158 1358 4206; x_wconf 89' lang='lat' dir='ltr'>est</span> <span class='ocrx_word' id='word_1_268' title='bbox 1382 4144 1490 4224; x_wconf 87' lang='lat' dir='ltr'>hodie,</span> 
     </span>
     <span class='ocr_line' id='line_1_33' title="bbox 221 4251 1489 4333; baseline 0 -21"><span class='ocrx_word' id='word_1_269' title='bbox 221 4251 299 4313; x_wconf 91' lang='lat' dir='ltr'>ideo</span> <span class='ocrx_word' id='word_1_270' title='bbox 323 4251 417 4332; x_wconf 89' lang='lat' dir='ltr'>jurati</span> <span class='ocrx_word' id='word_1_271' title='bbox 442 4251 707 4332; x_wconf 88' lang='lat' dir='ltr'>adjudicaverunt</span> <span class='ocrx_word' id='word_1_272' title='bbox 739 4252 843 4333; x_wconf 90' lang='lat' dir='ltr'>ipsum</span> <span class='ocrx_word' id='word_1_273' title='bbox 873 4251 1009 4312; x_wconf 91' lang='lat' dir='ltr'>Paulum</span> <span class='ocrx_word' id='word_1_274' title='bbox 1040 4270 1261 4333; x_wconf 89' lang='lat' dir='ltr'>percussorem</span> <span class='ocrx_word' id='word_1_275' title='bbox 1286 4265 1395 4312; x_wconf 90' lang='lat' dir='ltr'>contra</span> <span class='ocrx_word' id='word_1_276' title='bbox 1420 4270 1489 4332; x_wconf 92' lang='lat' dir='ltr'>pre·</span> 
     </span>
     <span class='ocr_line' id='line_1_34' title="bbox 221 4355 1489 4440; baseline -0.002 -20"><span class='ocrx_word' id='word_1_277' title='bbox 221 4358 346 4420; x_wconf 90' lang='lat' dir='ltr'>dictum</span> <span class='ocrx_word' id='word_1_278' title='bbox 371 4357 550 4439; x_wconf 82' lang='lat' dir='ltr'>Georgium</span> <span class='ocrx_word' id='word_1_279' title='bbox 567 4377 678 4440; x_wconf 86' lang='lat' dir='ltr'>sporar</span> <span class='ocrx_word' id='word_1_280' title='bbox 702 4357 734 4418; x_wconf 94' lang='lat' dir='ltr'>in</span> <span class='ocrx_word' id='word_1_281' title='bbox 758 4357 848 4419; x_wconf 83' lang='lat' dir='ltr'>XXV</span> <span class='ocrx_word' id='word_1_282' title='bbox 865 4359 972 4439; x_wconf 86' lang='lat' dir='ltr'>pensis</span> <span class='ocrx_word' id='word_1_283' title='bbox 988 4357 1194 4418; x_wconf 91' lang='lat' dir='ltr'>denariorum</span> <span class='ocrx_word' id='word_1_284' title='bbox 1220 4357 1403 4418; x_wconf 88' lang='lat' dir='ltr'>convictum</span> <span class='ocrx_word' id='word_1_285' title='bbox 1421 4355 1489 4418; x_wconf 86' lang='lat' dir='ltr'>lore</span> 
     </span>
     <span class='ocr_line' id='line_1_35' title="bbox 220 4461 1488 4547; baseline -0.002 -20"><span class='ocrx_word' id='word_1_286' title='bbox 220 4481 253 4527; x_wconf 88' lang='lat' dir='ltr'>et</span> <span class='ocrx_word' id='word_1_287' title='bbox 277 4477 476 4546; x_wconf 89' lang='lat' dir='ltr'>agravatum,</span> <span class='ocrx_word' id='word_1_288' title='bbox 501 4465 587 4526; x_wconf 88' lang='lat' dir='ltr'>salva</span> <span class='ocrx_word' id='word_1_289' title='bbox 610 4463 725 4547; x_wconf 89' lang='lat' dir='ltr'>judicis</span> <span class='ocrx_word' id='word_1_290' title='bbox 741 4463 914 4546; x_wconf 89' lang='lat' dir='ltr'>porcione;</span> <span class='ocrx_word' id='word_1_291' title='bbox 939 4476 969 4526; x_wconf 89' lang='lat' dir='ltr'>et</span> <span class='ocrx_word' id='word_1_292' title='bbox 986 4464 1061 4546; x_wconf 84' lang='lat' dir='ltr'>quia</span> <span class='ocrx_word' id='word_1_293' title='bbox 1085 4461 1149 4545; x_wconf 88' lang='lat' dir='ltr'>jam</span> <span class='ocrx_word' id='word_1_294' title='bbox 1174 4463 1259 4525; x_wconf 87' lang='lat' dir='ltr'>idem</span> <span class='ocrx_word' id='word_1_295' title='bbox 1284 4463 1402 4525; x_wconf 89' lang='lat' dir='ltr'>Paulus</span> <span class='ocrx_word' id='word_1_296' title='bbox 1419 4484 1488 4546; x_wconf 89' lang='lat' dir='ltr'>per·</span> 
     </span>
     <span class='ocr_line' id='line_1_36' title="bbox 222 4569 1489 4653; baseline -0.001 -20"><span class='ocrx_word' id='word_1_297' title='bbox 222 4591 333 4633; x_wconf 90' lang='lat' dir='ltr'>cussor</span> <span class='ocrx_word' id='word_1_298' title='bbox 358 4571 458 4653; x_wconf 90' lang='lat' dir='ltr'>ipsius</span> <span class='ocrx_word' id='word_1_299' title='bbox 483 4569 615 4652; x_wconf 81' lang='lat' dir='ltr'>Georgii</span> <span class='ocrx_word' id='word_1_300' title='bbox 646 4589 757 4653; x_wconf 87' lang='lat' dir='ltr'>sporar</span> <span class='ocrx_word' id='word_1_301' title='bbox 780 4569 973 4632; x_wconf 90' lang='lat' dir='ltr'>terciariario</span> <span class='ocrx_word' id='word_1_302' title='bbox 1007 4571 1039 4631; x_wconf 96' lang='lat' dir='ltr'>in</span> <span class='ocrx_word' id='word_1_303' title='bbox 1063 4569 1268 4652; x_wconf 89' lang='lat' dir='ltr'>percussione</span> <span class='ocrx_word' id='word_1_304' title='bbox 1292 4569 1489 4650; x_wconf 89' lang='lat' dir='ltr'>huiusmodi,</span> 
     </span>
     <span class='ocr_line' id='line_1_37' title="bbox 221 4675 1487 4760; baseline -0.002 -21"><span class='ocrx_word' id='word_1_305' title='bbox 221 4679 305 4739; x_wconf 92' lang='lat' dir='ltr'>inter</span> <span class='ocrx_word' id='word_1_306' title='bbox 327 4697 408 4760; x_wconf 88' lang='lat' dir='ltr'>quas</span> <span class='ocrx_word' id='word_1_307' title='bbox 431 4677 653 4760; x_wconf 88' lang='lat' dir='ltr'>percussiones</span> <span class='ocrx_word' id='word_1_308' title='bbox 677 4697 777 4739; x_wconf 91' lang='lat' dir='ltr'>unum</span> <span class='ocrx_word' id='word_1_309' title='bbox 802 4675 967 4738; x_wconf 91' lang='lat' dir='ltr'>hominem</span> <span class='ocrx_word' id='word_1_310' title='bbox 997 4695 1070 4737; x_wconf 92' lang='lat' dir='ltr'>cum</span> <span class='ocrx_word' id='word_1_311' title='bbox 1093 4677 1206 4758; x_wconf 91' lang='lat' dir='ltr'>sagitta</span> <span class='ocrx_word' id='word_1_312' title='bbox 1232 4690 1262 4738; x_wconf 89' lang='lat' dir='ltr'>et</span> <span class='ocrx_word' id='word_1_313' title='bbox 1286 4677 1350 4738; x_wconf 91' lang='lat' dir='ltr'>ictu</span> <span class='ocrx_word' id='word_1_314' title='bbox 1374 4677 1487 4757; x_wconf 88' lang='lat' dir='ltr'>sagitte</span> 
     </span>
     <span class='ocr_line' id='line_1_38' title="bbox 220 4781 1488 4866; baseline -0.002 -20"><span class='ocrx_word' id='word_1_315' title='bbox 220 4784 391 4866; x_wconf 85' lang='lat' dir='ltr'>sagitaudo</span> <span class='ocrx_word' id='word_1_316' title='bbox 416 4782 586 4862; x_wconf 85' lang='lat' dir='ltr'>interiecit,</span> <span class='ocrx_word' id='word_1_317' title='bbox 611 4785 701 4846; x_wconf 89' lang='lat' dir='ltr'>cuius</span> <span class='ocrx_word' id='word_1_318' title='bbox 731 4782 871 4845; x_wconf 91' lang='lat' dir='ltr'>hominis</span> <span class='ocrx_word' id='word_1_319' title='bbox 904 4781 1061 4845; x_wconf 86' lang='lat' dir='ltr'>interlecti</span> <span class='ocrx_word' id='word_1_320' title='bbox 1094 4782 1189 4844; x_wconf 84' lang='lat' dir='ltr'>irater</span> <span class='ocrx_word' id='word_1_321' title='bbox 1211 4802 1287 4844; x_wconf 88' lang='lat' dir='ltr'>suus</span> <span class='ocrx_word' id='word_1_322' title='bbox 1312 4781 1488 4864; x_wconf 87' lang='lat' dir='ltr'>Gregorius</span> 
     </span>
     <span class='ocr_line' id='line_1_39' title="bbox 221 4889 1487 4973; baseline -0.002 -21"><span class='ocrx_word' id='word_1_323' title='bbox 221 4890 389 4973; x_wconf 87' lang='lat' dir='ltr'>persolvit,</span> <span class='ocrx_word' id='word_1_324' title='bbox 414 4890 554 4972; x_wconf 90' lang='lat' dir='ltr'>ideoque</span> <span class='ocrx_word' id='word_1_325' title='bbox 579 4889 671 4971; x_wconf 81' lang='lat' dir='ltr'>jurati</span> <span class='ocrx_word' id='word_1_326' title='bbox 696 4909 735 4952; x_wconf 92' lang='lat' dir='ltr'>eo</span> <span class='ocrx_word' id='word_1_327' title='bbox 763 4889 863 4952; x_wconf 91' lang='lat' dir='ltr'>modo</span> <span class='ocrx_word' id='word_1_328' title='bbox 896 4889 1130 4970; x_wconf 83' lang='lat' dir='ltr'>adjudicarunt,</span> <span class='ocrx_word' id='word_1_329' title='bbox 1162 4902 1196 4950; x_wconf 90' lang='lat' dir='ltr'>ut</span> <span class='ocrx_word' id='word_1_330' title='bbox 1219 4889 1243 4950; x_wconf 92' lang='lat' dir='ltr'>si</span> <span class='ocrx_word' id='word_1_331' title='bbox 1270 4889 1336 4970; x_wconf 89' lang='lat' dir='ltr'>ipse</span> <span class='ocrx_word' id='word_1_332' title='bbox 1369 4889 1487 4950; x_wconf 91' lang='lat' dir='ltr'>Paulus</span> 
     </span>
     <span class='ocr_line' id='line_1_40' title="bbox 221 4995 1488 5080; baseline -0.006 -18"><span class='ocrx_word' id='word_1_333' title='bbox 221 4997 288 5079; x_wconf 80' lang='lat' dir='ltr'>jam</span> <span class='ocrx_word' id='word_1_334' title='bbox 312 5011 425 5080; x_wconf 90' lang='lat' dir='ltr'>quarta</span> <span class='ocrx_word' id='word_1_335' title='bbox 449 4997 519 5060; x_wconf 83' lang='lat' dir='ltr'>vice</span> <span class='ocrx_word' id='word_1_336' title='bbox 551 4997 582 5058; x_wconf 93' lang='lat' dir='ltr'>in</span> <span class='ocrx_word' id='word_1_337' title='bbox 615 4996 774 5058; x_wconf 90' lang='lat' dir='ltr'>similibus</span> <span class='ocrx_word' id='word_1_338' title='bbox 805 4997 1014 5079; x_wconf 88' lang='lat' dir='ltr'>repperietur,</span> <span class='ocrx_word' id='word_1_339' title='bbox 1043 5015 1116 5057; x_wconf 91' lang='lat' dir='ltr'>mox</span> <span class='ocrx_word' id='word_1_340' title='bbox 1149 4995 1189 5057; x_wconf 89' lang='lat' dir='ltr'>de</span> <span class='ocrx_word' id='word_1_341' title='bbox 1214 4995 1340 5058; x_wconf 87' lang='lat' dir='ltr'>civitate</span> <span class='ocrx_word' id='word_1_342' title='bbox 1366 4996 1488 5058; x_wconf 87' lang='lat' dir='ltr'>eteius</span> 
     </span>
    </p>
   </div>
   <div class='ocr_carea' id='block_1_5' title="bbox 0 0 1874 5786">
    <p class='ocr_par' dir='ltr' id='par_1_8' title="bbox 0 0 1874 5786">
     <span class='ocr_line' id='line_1_41' title="bbox 0 0 1874 5786; baseline 0 4"><span class='ocrx_word' id='word_1_343' title='bbox 0 0 1874 5786; x_wconf 95' lang='lat' dir='ltr'> </span> 
     </span>
    </p>
   </div>
  </div>
 </body>
</html>
