3838 5786
482 593 545 655 354
898 579 983 635 Anno
1006 575 1100 658 1469.
1125 613 1166 621 -
1191 593 1219 638 2.
1237 579 1329 654 junii.

482 790 556 869 quia
583 790 649 872 ipse
676 791 801 852 Marcus
825 792 883 851 sub
902 793 1094 852 atestacione
1121 793 1219 873 ipsius
1237 791 1363 852 Martini
1382 790 1496 870 judicis
1522 789 1640 870 recepit
1658 789 1730 870 ipsos

482 897 583 977 palos,
609 898 773 958 convictus
799 911 845 958 est
869 913 978 959 contra
1003 898 1142 980 judicem
1168 913 1199 958 et
1223 899 1342 980 juratos
1360 898 1390 958 in
1416 897 1574 978 potencia,
1600 909 1631 956 et
1648 895 1732 955 modo

482 1003 578 1064 simili
604 1005 671 1085 ipse
698 1005 853 1066 Martinus
876 1003 971 1082 judex
1005 1005 1080 1086 quia
1106 1005 1324 1066 remanencias
1356 1005 1499 1086 ipsorum
1525 1003 1671 1084 palorum
1696 1021 1732 1062 re·

483 1107 576 1190 cepit,
601 1110 699 1170 modo
724 1110 821 1171 simili
846 1111 1010 1172 convictus
1035 1125 1080 1172 est
1105 1112 1136 1172 in
1169 1112 1316 1192 potencia
1343 1125 1452 1170 contra
1477 1109 1617 1190 judicem
1643 1121 1673 1167 et
1695 1107 1733 1186 ju-

483 1231 584 1290 ratos;
611 1216 649 1276 de
675 1236 740 1297 quo
765 1217 885 1298 judicio
902 1217 1078 1298 juratorum
1105 1219 1171 1299 ipse
1197 1219 1351 1278 Martinus
1368 1217 1463 1296 judex
1483 1235 1546 1275 non
1567 1227 1734 1288 contentus,

484 1322 619 1383 eandem
646 1343 773 1384 causam
799 1323 973 1405 appellavit
997 1324 1037 1384 ad
1062 1324 1203 1384 seniores
1228 1324 1357 1404 judices.

592 1427 668 1490 Item
696 1429 825 1511 insuper
850 1429 942 1510 jurati
971 1430 1196 1510 adjudicarunt
1221 1430 1251 1490 in
1270 1427 1353 1490 facto
1383 1428 1541 1510 palorum,
1565 1447 1646 1507 quos
1678 1427 1736 1506 ipse

485 1535 609 1596 Marcus
624 1535 703 1598 dixit
720 1536 807 1598 sede
824 1537 894 1597 aliis
911 1537 998 1597 silvis
1015 1552 1156 1618 portasse
1173 1537 1212 1597 ad
1230 1537 1313 1618 ipsas
1327 1535 1431 1612 silvas,
1450 1548 1574 1616 emptos
1588 1553 1644 1614 per
1662 1533 1735 1593 Mar-

483 1642 586 1702 tinum
605 1641 755 1722 judicem,
770 1642 857 1724 quod
872 1642 934 1722 jam
950 1657 1021 1724 post
1031 1643 1183 1720 judicium
1196 1663 1251 1724 per
1268 1642 1387 1723 juratos
1400 1640 1517 1702 sactum
1532 1641 1571 1700 ad
1586 1653 1735 1721 quantum

484 1761 515 1808 et
539 1761 619 1830 quot
643 1749 734 1830 palos
751 1747 853 1828 jurare
871 1750 988 1830 poterit
1005 1768 1086 1830 quos
1103 1749 1291 1831 apportavit,
1312 1747 1389 1809 feria
1403 1761 1489 1809 sexta
1507 1747 1650 1828 proxime
1667 1764 1736 1804 ven·

484 1867 552 1914 tura
565 1855 726 1935 deponere
736 1856 907 1934 tenebitur,
917 1875 998 1936 quos
1008 1869 1042 1916 ut
1051 1857 1215 1917 dicebatur
1225 1869 1297 1916 ante
1307 1855 1561 1936 prohibicionem
1572 1865 1736 1933 receperat.

555 2024 700 2096 Sabbato
730 2028 882 2113 proximo
909 2032 984 2114 post
1012 2025 1135 2096 festum
1169 2024 1376 2096 Invencionis
1404 2033 1521 2095 sancte
1550 2021 1674 2094 Crucis.

1034 2159 1076 2236 (6.
1101 2163 1194 2236 mair).
1567 2163 1570 2168 ’

593 2283 669 2344 Item
694 2303 821 2345 causam
847 2285 927 2345 inter
953 2284 1127 2346 Martinum
1152 2284 1290 2365 judicem
1317 2297 1347 2345 et
1370 2283 1451 2344 inter
1475 2285 1619 2344 Marcum
1644 2280 1733 2342 carni·

486 2387 577 2450 ficem
604 2389 829 2472 Gywrakoych
852 2392 980 2452 racione
998 2391 1195 2472 receptionis
1219 2391 1435 2472 quorumdam
1453 2392 1601 2471 palorum
1621 2390 1651 2449 in
1667 2388 1734 2449 silva

487 2497 585 2578 ipsius
610 2497 738 2557 Martini
773 2497 887 2577 judicis
918 2513 1110 2576 secatorum,
1143 2518 1239 2578 quam
1273 2497 1470 2580 comparavit
1502 2497 1568 2578 ipse
1593 2496 1732 2557 Martinus

485 2603 579 2683 judex
613 2623 630 2664 a
662 2602 767 2683 judice
792 2618 823 2665 et
854 2603 963 2684 juratis
987 2606 1061 2665 anni
1095 2605 1248 2686 preteriti,
1281 2625 1337 2686 per
1369 2605 1488 2684 juratos
1520 2603 1730 2682 adjudicatam,

486 2731 545 2771 nos
568 2711 710 2772 seniores
735 2711 856 2791 judices
880 2711 984 2772 taliter
1016 2711 1283 2790 adjudicavimus,
1308 2711 1396 2792 quod
1420 2710 1475 2771 ubi
1501 2711 1568 2791 ipse
1594 2708 1731 2770 Martinus

486 2816 580 2898 judex
611 2815 672 2878 tuit
699 2819 863 2878 convictus
888 2818 920 2878 in
953 2819 1111 2898 potencia,
1137 2838 1201 2879 non
1226 2819 1338 2879 debuit
1362 2817 1509 2878 convinci
1536 2817 1567 2876 in
1594 2817 1657 2898 ipsa
1686 2831 1730 2895 po·

486 2923 588 2984 rencia
607 2943 642 2983 ex
667 2943 716 3002 eo,
741 2924 815 3005 quia
834 2923 900 3005 ipsa
931 2904 1010 2985 silva
1035 2923 1095 2985 fuit
1118 2944 1185 3002 sua,
1209 2925 1364 3005 adquam
1389 2924 1486 2984 habet
1510 2922 1589 3003 jura,
1613 2921 1664 2982 sed
1676 2921 1728 3000 ipse

487 3031 613 3090 Marcus
636 3043 682 3090 est
699 3030 864 3090 convictus
889 3030 921 3090 in
938 3030 1085 3111 potencia
1104 3044 1214 3091 contra
1240 3031 1343 3112 ipsum
1362 3031 1535 3091 Martinum
1562 3044 1593 3090 et
1609 3027 1726 3106 judicem

487 3156 522 3196 ac
538 3135 658 3216 juratos
674 3135 789 3214 taliter,
814 3135 902 3216 quod
917 3137 982 3218 ipse
1007 3137 1132 3198 Marcus
1155 3149 1279 3197 tenetur
1303 3137 1426 3197 solvere
1444 3137 1530 3216 ipsos
1554 3134 1641 3217 palos
1662 3147 1729 3211 quos

485 3243 603 3304 secavit
628 3243 660 3304 in
683 3243 750 3324 ipsa
767 3243 846 3303 silva
872 3242 930 3323 ipsi
956 3243 1094 3304 Martino
1119 3242 1227 3323 judici,
1253 3255 1282 3302 et
1300 3243 1428 3323 insuper
1452 3241 1556 3321 jurare
1573 3237 1727 3302 secundum

486 3349 761 3430 adjudicacionem
794 3348 970 3430 juratorum
1002 3369 1096 3430 super
1120 3348 1200 3430 palis
1234 3368 1316 3429 quos
1347 3350 1386 3408 ab
1412 3347 1482 3408 aliis
1506 3347 1593 3408 silvis
1616 3340 1729 3406 adduxit

488 3469 517 3514 et
545 3456 725 3536 apportavit
749 3454 788 3515 ad
813 3455 913 3537 ipsam
938 3454 1062 3515 silvam.

594 3561 670 3621 Item
696 3581 822 3622 causam
848 3561 930 3623 inter
955 3560 1069 3642 Elyam
1095 3559 1235 3622 fusorem
1264 3580 1493 3642 campanarum
1519 3573 1550 3621 et
1574 3561 1645 3620 inter
1667 3555 1724 3615 Ma-

486 3667 585 3729 thiam
619 3667 843 3750 Trombethyn
876 3668 1003 3728 racione
1036 3668 1200 3728 cniusdam
1234 3669 1284 3728 vie
1316 3669 1428 3729 subtus
1465 3668 1573 3728 vineas
1602 3661 1724 3724 eiusdem

488 3773 617 3851 Mathie‚
642 3794 700 3834 nos
724 3775 865 3835 seniores
889 3773 1011 3855 judices
1036 3775 1229 3852 invenimus,
1262 3775 1337 3856 quia
1363 3775 1393 3835 in
1420 3774 1520 3834 literis
1545 3774 1633 3856 ipsius
1657 3767 1726 3846 Etye

487 3879 664 3960 reperimus
689 3881 776 3961 quod
803 3881 868 3961 ipse
893 3881 989 3962 Elyas
1008 3880 1103 3941 habet
1127 3882 1211 3941 viam
1236 3885 1347 3942 subtus
1371 3881 1481 3948 vineas
1507 3881 1600 3962 ipsius
1615 3872 1727 3951 Mathye

487 4005 693 4046 communem
719 4005 816 4068 penes
833 3987 984 4064 rivulum,
1010 3999 1041 4048 et
1064 3987 1108 4047 sic
1126 4001 1156 4047 et
1178 3987 1276 4047 modo
1295 3987 1389 4046 debet
1407 3986 1525 4048 habere
1550 3985 1623 4045 viam
1640 3993 1728 4060 penes

487 4093 591 4174 ipsum
616 4092 766 4153 rivulum.

594 4198 671 4260 Item
684 4199 714 4258 in
730 4197 812 4258 iacto
831 4199 911 4258 inter
929 4199 1042 4281 Elyam
1055 4198 1194 4261 fusorem
1209 4214 1239 4260 et
1257 4200 1337 4260 inter
1352 4200 1525 4260 Martinum
1539 4197 1664 4278 judicem
1687 4208 1728 4248 ra·

487 4307 578 4367 cione
604 4305 851 4386 vituperacionis
873 4324 928 4386 per
953 4307 1056 4386 ipsum
1076 4307 1247 4366 Matrinum
1274 4305 1412 4381 judicem
1439 4322 1469 4366 et
1494 4307 1590 4386 ipsum
1611 4297 1729 4377 Eltafflr

487 4413 722 4474 concordarunt
739 4413 869 4473 eosdem
898 4413 1023 4473 Marcus
1042 4412 1266 4495 Gyvvraitoych
1292 4427 1322 4474 et
1339 4413 1522 4474 Anthonius
1547 4398 1728 4481 Thermsych

486 4521 626 4580 seniores
651 4519 742 4598 jurati
770 4533 800 4580 et
825 4518 968 4579 fecerunt
992 4540 1103 4600 pacem
1130 4521 1210 4580 inter
1236 4539 1299 4580 eos.

620 4685 714 4758 Feria
744 4696 840 4772 sexta
872 4691 1027 4776 proxima
1064 4697 1140 4776 post
1174 4690 1295 4759 festum
1325 4686 1484 4775 Corporis
1514 4676 1634 4757 Christi.

1037 4825 1078 4899 (2.
1097 4825 1200 4898 junit).

594 4944 671 5006 item
697 4946 772 5026 quia
797 4945 892 5006 tercia
911 4945 978 5005 vice
996 4946 1229 5026 proclamatum
1251 4958 1307 5024 est,
1332 4945 1420 5026 quod
1447 4966 1510 5006 una
1532 4943 1613 5004 litera
1631 4941 1735 4991 nostra

488 5071 543 5112 seu
569 5051 704 5113 civitatis
729 5049 848 5133 preiate
865 5071 923 5134 pro
948 5066 1034 5133 parte
1053 5053 1150 5112 Marci
1178 5052 1400 5134 Sydovvchych
1418 5053 1506 5130 dicti,
1529 5059 1614 5126 super
1639 5037 1733 5095 d0m⁰
