3852 5814
698 549 784 605 Anno
805 558 892 625 1477.
920 582 961 590 -
985 562 1014 607 2.
1039 550 1118 608 maii.
1474 551 1537 630 463

270 781 325 822 sue
343 781 425 822 nove
446 761 551 838 misse,
569 760 661 840 jurati
687 759 951 840 adjudicaverunt
969 780 1064 842 super
1086 781 1136 837 eo,
1165 762 1252 841 quod
1279 761 1361 821 lwan
1390 763 1538 844 Busanyn

272 869 368 930 debet
393 867 507 949 jurare,
532 867 619 948 quod
646 866 731 927 idem
757 886 860 946 equus
892 879 938 927 est
964 867 1018 927 ille
1043 886 1139 946 quem
1165 868 1224 928 sibi
1252 867 1399 928 Michaeli
1426 869 1536 929 vendi·

273 974 372 1052 derat,
398 972 537 1056 prelatus
575 992 650 1034 vero
678 972 813 1034 Michael
847 973 943 1034 debet
975 972 1079 1051 jurare
1104 993 1198 1055 super
1231 974 1320 1034 illum
1347 994 1465 1056 equum
1492 996 1538 1036 se·

273 1080 486 1142 cundusmeth
511 1080 600 1160 quod
626 1092 672 1140 est
697 1098 798 1160 equus
822 1099 898 1140 suus
921 1078 1078 1160 specialis.

378 1187 454 1249 Item
475 1205 604 1248 causam
629 1187 711 1247 inter
730 1185 884 1247 Mathiam
902 1205 1058 1264 generum
1077 1185 1251 1267 Simunycz
1269 1201 1300 1248 et
1318 1187 1399 1248 inter
1418 1189 1537 1249 Lucam

271 1292 419 1354 Ribaricz
445 1293 573 1353 racione
606 1291 772 1353 cuiusdam
799 1305 871 1353 octo
906 1291 986 1369 flor,
1016 1292 1108 1372 jurati
1143 1291 1417 1371 adjudicaverunt,
1450 1294 1538 1374 quod

271 1399 355 1461 idem
384 1398 520 1460 Mathias
545 1398 583 1458 de
617 1398 738 1460 eisdem
772 1415 845 1459 octo
877 1397 946 1460 flor.
981 1411 1027 1459 est
1059 1399 1140 1459 liber
1172 1411 1202 1458 et
1234 1413 1410 1480 exemptus,
1437 1401 1538 1461 Lucas

270 1507 419 1568 Ribaricz
444 1520 556 1587 querat
580 1505 640 1566 sibi
666 1505 844 1566 debitorem
870 1505 968 1566 alium
995 1505 1123 1566 racione
1149 1504 1292 1565 eiusdem
1318 1504 1387 1568 flor.

378 1612 455 1674 ltem
481 1612 596 1673 citatus
621 1609 780 1692 Georgius
805 1611 915 1694 Zobay
941 1631 998 1692 pro
1021 1625 1109 1692 parte
1134 1611 1224 1672 Pauli
1250 1609 1401 1672 aurifabri
1426 1632 1537 1672 secun·

271 1717 361 1779 dario
386 1738 450 1780 non
476 1718 667 1800 comparuit.

376 1823 454 1886 Item
481 1843 608 1885 causam
634 1824 716 1884 inter
733 1823 903 1884 Nicolaum
923 1821 1045 1905 Halycz
1070 1836 1099 1882 et
1117 1822 1246 1882 Petrum
1265 1835 1537 1903 campanatorem,

274 1930 360 1991 idem
386 1931 497 1992 Petrus
522 1930 560 1991 ad
587 1930 847 2011 jurisdiccionem
872 1929 1009 1990 civitatis
1032 1949 1064 1989 se
1090 1929 1219 2010 recepit.

378 2039 455 2100 ltem
481 2037 626 2099 Andreas
651 2037 756 2099 Misko
781 2056 836 2119 per
862 2037 989 2097 Petrum
1015 2035 1270 2096 barbitonsorem
1297 2036 1400 2117 primo
1426 2037 1538 2098 citatus

272 2164 335 2205 non
361 2145 551 2226 comparuit.

376 2251 453 2312 lrem
479 2251 529 2311 die
555 2250 720 2312 dominico
744 2263 817 2332 post
840 2249 955 2311 festum
979 2249 1181 2310 lnvencionis
1204 2264 1310 2310 sancte
1337 2249 1459 2328 Crucis,
1478 2251 1536 2310 cir-

270 2371 472 2439 cumspectus
489 2357 679 2419 Dominicus
696 2357 780 2418 filius
798 2356 952 2418 lobannis
965 2356 1119 2417 Perouicz
1137 2355 1329 2437 presentavit
1343 2356 1435 2416 nobis
1452 2376 1535 2416 sere·

271 2465 392 2525 nissimi
426 2464 579 2546 principis
604 2477 635 2525 et
666 2463 801 2541 domini,
834 2462 957 2524 domini
993 2462 1112 2523 Mathie
1141 2462 1191 2523 dei
1223 2462 1329 2542 gracia
1357 2462 1534 2543 Hungarie,

271 2570 425 2632 Bohemie
451 2584 511 2632 etc.
536 2571 629 2651 regis,
654 2569 777 2630 domini
804 2569 901 2630 nostri
932 2569 1085 2630 naturalis
1110 2582 1141 2629 et
1164 2568 1387 2648 gratiosissimi
1430 2568 1537 2630 literas

271 2691 425 2759 patentes,
450 2696 587 2758 quarum
612 2691 704 2737 tenor
727 2677 799 2737 talis
823 2689 886 2737 est:
914 2676 1048 2736 Mathias
1073 2675 1123 2736 dei
1148 2675 1254 2756 gracia
1279 2695 1331 2736 rex
1358 2675 1534 2756 Hungarie,

270 2782 424 2844 Bohemie
451 2798 509 2846 etc.
535 2782 685 2844 fidelibus
714 2783 829 2843 nostris
862 2782 1075 2864 prudentibus
1100 2797 1129 2842 et
1162 2781 1400 2863 circumspectis
1431 2783 1536 2842 senio·

270 2889 357 2950 ribus
381 2888 542 2970 judicibus
567 2889 703 2950 civitatis
725 2902 832 2950 nostre
862 2889 1143 2968 Montisgrecensis
1167 2887 1303 2949 salutem
1329 2901 1360 2949 et
1383 2887 1535 2968 graciam.

270 2995 302 3055 ln
328 3015 463 3076 persona
489 2993 593 3056 fidelis
617 2995 715 3057 nostri
750 2995 971 3077 circumspecti
1002 2995 1164 3056 llominici
1191 2994 1267 3055 civis
1292 2993 1433 3055 eiusdem
1460 2993 1535 3054 civi·

270 3101 342 3162 tatis
375 3115 493 3179 nostre,
525 3115 631 3162 nostre
665 3101 844 3183 expositum
878 3101 980 3162 extitit
1014 3100 1183 3178 Maiestam,
1217 3099 1304 3180 quod
1337 3099 1410 3160 licet
1434 3118 1536 3180 nuper

271 3207 520 3290 circumspectus
537 3207 699 3269 lohannes
718 3209 870 3270 Perovicz
887 3221 976 3290 pater
993 3205 1137 3270 eiusdem
1163 3206 1351 3287 exponentis
1370 3205 1399 3264 in
1419 3204 1532 3264 eadem

270 3315 397 3377 civitate
424 3328 529 3375 nostra
562 3313 715 3392 residens,
748 3315 778 3375 in
812 3313 1005 3395 quibusdam
1037 3313 1139 3374 causis
1170 3312 1298 3373 racione
1335 3323 1365 3372 et
1389 3323 1534 3392 pretextu

271 3420 486 3501 quorumdam
506 3421 718 3482 ducentorum
737 3435 766 3480 et
777 3420 1011 3502 quinquaginta
1035 3418 1104 3481 flor.
1123 3419 1201 3495 auri,
1219 3417 1298 3478 alias
1323 3436 1377 3498 per
1394 3416 1533 3476 eundem

270 3527 450 3588 lohannem
478 3527 629 3588 Perovicz
653 3527 738 3588 dicto
763 3527 934 3608 exponenti
960 3541 990 3587 et
1019 3525 1150 3586 honeste
1183 3523 1313 3585 domine
1339 3522 1433 3584 Clare
1458 3541 1534 3582 con-

269 3634 345 3694 sorti
371 3633 528 3712 eiusdem,
553 3654 589 3694 ex
615 3653 715 3716 prona
740 3633 931 3694 liberalitate
949 3632 1154 3709 donatorum,
1179 3631 1209 3690 in
1229 3629 1391 3711 presencia
1418 3627 1532 3707 judicis

269 3753 299 3800 et
323 3739 501 3820 juratorum
527 3741 645 3824 civium
671 3738 814 3800 eiusdem
833 3739 969 3800 civitatis
994 3752 1100 3799 nostre
1128 3735 1407 3816 Montisgrecensis
1424 3748 1533 3794 contra

269 3847 407 3908 eundem
433 3859 645 3929 exponentem
671 3847 777 3925 motis,
803 3860 834 3908 et
858 3866 913 3928 per
939 3845 1068 3906 eosdem
1086 3844 1224 3925 judicem
1258 3857 1288 3902 et
1313 3842 1431 3922 juratos
1448 3841 1533 3902 cives

261 3933 468 4034 adjudicatis,
502 3953 540 4014 ad
566 3973 623 4014 vos
648 3966 682 4015 ut
713 3952 834 4034 judices
866 3951 1046 4032 superiores
1077 3949 1303 4031 appellaverit;
1335 3961 1441 4008 tamen
1476 3966 1535 4007 vos

268 4060 408 4122 nescitur
431 4060 549 4140 quibus
574 4059 660 4120 ducti
694 4059 916 4120 occasionibus
941 4058 989 4119 vel
1025 4056 1105 4118 forte
1130 4057 1161 4117 in
1188 4054 1330 4117 favorem
1357 4054 1455 4135 ipsius
1479 4054 1532 4113 lo·

269 4165 383 4226 hannis
408 4165 560 4227 Perovicz
593 4166 623 4226 in
660 4165 846 4227 huiusmodi
880 4165 983 4225 causis
1020 4164 1059 4224 ad
1091 4163 1273 4245 sepissimas
1306 4160 1535 4241 requisiciones

221 4304 223 4307 v
269 4272 412 4333 eiusdem
439 4272 629 4354 exponentis
653 4271 809 4352 judicium
835 4285 865 4331 et
889 4271 1047 4352 justiciam
1073 4269 1253 4330 ministrare
1279 4267 1479 4328 recusassetis
1504 4281 1534 4327 et

268 4378 455 4439 recusaretis
488 4379 588 4439 eciam
622 4378 660 4437 de
694 4379 843 4459 presenti,
875 4376 1033 4458 justiciam
1067 4395 1273 4436 communem
1307 4373 1383 4454 ipsis
1419 4373 1449 4432 in
1475 4372 1533 4432 hae

268 4483 354 4566 parte
391 4485 518 4566 penitus
555 4484 761 4565 abrogando;
798 4504 870 4546 cum
903 4498 1009 4546 autem
1043 4483 1166 4563 justicia
1200 4480 1381 4543 communis
1412 4479 1533 4540 nemini

267 4593 414 4673 abrogari
440 4591 565 4670 debeat,
591 4591 736 4654 fidelitati
770 4591 865 4672 igitur
896 4605 998 4652 vestre
1023 4590 1136 4650 harum
1169 4589 1250 4650 serie
1274 4587 1407 4649 firmiter
1431 4586 1533 4667 preci-

268 4699 391 4780 pientes
417 4699 619 4778 mandamus,
645 4711 803 4780 quatenus
828 4697 962 4779 receptis
978 4697 1179 4779 presentibus
1204 4709 1233 4757 et
1258 4697 1352 4755 rebus
1376 4693 1532 4775 premisso

268 4805 367 4866 modo
392 4825 425 4866 se
450 4804 642 4868 habentibus
667 4805 698 4866 in
723 4804 909 4866 huiusmodi
927 4804 1030 4865 causis
1053 4803 1092 4864 ad
1118 4823 1175 4863 vos
1200 4815 1233 4864 ut
1257 4800 1451 4884 premittitur
1473 4819 1529 4881 per

267 4911 350 4972 viam
382 4911 614 4992 appellacionis
639 4910 784 4972 deductis
808 4911 839 4971 in
867 4910 978 4992 primis
1004 4908 1113 4986 judicii
1146 4908 1239 4969 vestri
1273 4907 1427 4981 terminis,
1461 4919 1532 4986 post

268 5018 388 5080 scilicet
413 5020 614 5099 presencium
640 5017 841 5080 emanacioni
875 5017 1084 5098 sequentibus
1109 5017 1229 5097 absque
1255 5015 1398 5096 parcium
1424 5011 1531 5073 favore
