<?xml version="1.0" encoding="UTF-8"?>
<!DOCTYPE html PUBLIC "-//W3C//DTD XHTML 1.0 Transitional//EN"
    "http://www.w3.org/TR/xhtml1/DTD/xhtml1-transitional.dtd">
<html xmlns="http://www.w3.org/1999/xhtml" xml:lang="en" lang="en">
 <head>
  <title>
</title>
<meta http-equiv="Content-Type" content="text/html;charset=utf-8" />
  <meta name='ocr-system' content='tesseract 3.04.00' />
  <meta name='ocr-capabilities' content='ocr_page ocr_carea ocr_par ocr_line ocrx_word'/>
</head>
<body>
  <div class='ocr_page' id='page_1' title='image "./monumentahistor13laszgoog_0481.png"; bbox 0 0 3838 5786; ppageno 0'>
   <div class='ocr_carea' id='block_1_1' title="bbox 599 483 1100 558">
    <p class='ocr_par' dir='ltr' id='par_1_1' title="bbox 599 483 1100 558">
     <span class='ocr_line' id='line_1_1' title="bbox 599 483 1100 558; baseline 0.002 -21"><span class='ocrx_word' id='word_1_1' title='bbox 599 483 798 556; x_wconf 78' lang='lat' dir='ltr'><em>Ann01473.</em></span> <span class='ocrx_word' id='word_1_2' title='bbox 823 513 865 523; x_wconf 93' lang='lat'><em>-</em></span> <span class='ocrx_word' id='word_1_3' title='bbox 881 495 931 543; x_wconf 83' lang='lat'><strong>22.</strong></span> <span class='ocrx_word' id='word_1_4' title='bbox 946 483 1100 558; x_wconf 84' lang='lat' dir='ltr'><strong>januarii.</strong></span> 
     </span>
    </p>
   </div>
   <div class='ocr_carea' id='block_1_2' title="bbox 258 697 1439 930">
    <p class='ocr_par' dir='ltr' id='par_1_2' title="bbox 258 697 1439 930">
     <span class='ocr_line' id='line_1_2' title="bbox 258 697 1439 789; baseline 0.001 -18"><span class='ocrx_word' id='word_1_5' title='bbox 258 697 355 772; x_wconf 85' lang='lat' dir='ltr'><strong>Feria</strong></span> <span class='ocrx_word' id='word_1_6' title='bbox 383 703 490 772; x_wconf 86' lang='lat' dir='ltr'><strong>tercia</strong></span> <span class='ocrx_word' id='word_1_7' title='bbox 519 697 673 789; x_wconf 79' lang='lat' dir='ltr'><strong>proxima</strong></span> <span class='ocrx_word' id='word_1_8' title='bbox 699 707 777 770; x_wconf 86' lang='lat' dir='ltr'><strong>ante</strong></span> <span class='ocrx_word' id='word_1_9' title='bbox 805 700 928 772; x_wconf 84' lang='lat' dir='ltr'><strong>festum</strong></span> <span class='ocrx_word' id='word_1_10' title='bbox 957 701 1046 771; x_wconf 87' lang='lat' dir='ltr'><strong>beati</strong></span> <span class='ocrx_word' id='word_1_11' title='bbox 1076 698 1244 772; x_wconf 85' lang='lat' dir='ltr'><strong>Vincencii</strong></span> <span class='ocrx_word' id='word_1_12' title='bbox 1273 701 1439 773; x_wconf 88' lang='lat' dir='ltr'><strong>martiris.</strong></span> 
     </span>
     <span class='ocr_line' id='line_1_3' title="bbox 722 853 975 930; baseline 0.012 -20"><span class='ocrx_word' id='word_1_13' title='bbox 722 858 783 928; x_wconf 81' lang='lat'><em>(19.</em></span> <span class='ocrx_word' id='word_1_14' title='bbox 808 853 975 930; x_wconf 81' lang='lat' dir='ltr'><strong>januarii).</strong></span> 
     </span>
    </p>
   </div>
   <div class='ocr_carea' id='block_1_3' title="bbox 212 992 1483 3952">
    <p class='ocr_par' dir='ltr' id='par_1_3' title="bbox 212 992 1483 3952">
     <span class='ocr_line' id='line_1_4' title="bbox 326 992 1479 1078; baseline 0.001 -21"><span class='ocrx_word' id='word_1_15' title='bbox 326 995 430 1058; x_wconf 83' lang='lat' dir='ltr'><strong>Causa</strong></span> <span class='ocrx_word' id='word_1_16' title='bbox 456 995 537 1055; x_wconf 90' lang='lat' dir='ltr'><strong>inter</strong></span> <span class='ocrx_word' id='word_1_17' title='bbox 555 993 742 1076; x_wconf 82' lang='lat' dir='ltr'><strong>magistrum</strong></span> <span class='ocrx_word' id='word_1_18' title='bbox 768 993 904 1055; x_wconf 89' lang='lat' dir='ltr'><strong>Paulum</strong></span> <span class='ocrx_word' id='word_1_19' title='bbox 923 992 1099 1075; x_wconf 89' lang='lat' dir='ltr'><strong>predialem</strong></span> <span class='ocrx_word' id='word_1_20' title='bbox 1117 993 1157 1055; x_wconf 89' lang='lat' dir='ltr'><strong>de</strong></span> <span class='ocrx_word' id='word_1_21' title='bbox 1182 994 1378 1078; x_wconf 88' lang='lat' dir='ltr'><strong>Mykulyncz</strong></span> <span class='ocrx_word' id='word_1_22' title='bbox 1406 1016 1479 1078; x_wconf 91' lang='lat' dir='ltr'><strong>pro·</strong></span> 
     </span>
     <span class='ocr_line' id='line_1_5' title="bbox 218 1099 1483 1183; baseline 0.002 -21"><span class='ocrx_word' id='word_1_23' title='bbox 218 1103 323 1164; x_wconf 90' lang='lat' dir='ltr'><strong>vincie</strong></span> <span class='ocrx_word' id='word_1_24' title='bbox 347 1099 507 1183; x_wconf 86' lang='lat' dir='ltr'><strong>lwanych,</strong></span> <span class='ocrx_word' id='word_1_25' title='bbox 539 1120 574 1161; x_wconf 91' lang='lat' dir='ltr'><strong>ac</strong></span> <span class='ocrx_word' id='word_1_26' title='bbox 606 1100 688 1160; x_wconf 91' lang='lat' dir='ltr'><strong>inter</strong></span> <span class='ocrx_word' id='word_1_27' title='bbox 721 1099 920 1182; x_wconf 84' lang='lat' dir='ltr'>Stephanum</span> <span class='ocrx_word' id='word_1_28' title='bbox 953 1115 984 1161; x_wconf 90' lang='lat' dir='ltr'><strong>et</strong></span> <span class='ocrx_word' id='word_1_29' title='bbox 1016 1101 1136 1161; x_wconf 89' lang='lat' dir='ltr'><strong>Lucam</strong></span> <span class='ocrx_word' id='word_1_30' title='bbox 1169 1115 1302 1179; x_wconf 89' lang='lat' dir='ltr'><strong>sutores,</strong></span> <span class='ocrx_word' id='word_1_31' title='bbox 1334 1103 1483 1164; x_wconf 89' lang='lat' dir='ltr'><strong>concives</strong></span> 
     </span>
     <span class='ocr_line' id='line_1_6' title="bbox 218 1205 1483 1290; baseline 0 -20"><span class='ocrx_word' id='word_1_32' title='bbox 218 1221 354 1286; x_wconf 88' lang='lat' dir='ltr'><strong>nostros,</strong></span> <span class='ocrx_word' id='word_1_33' title='bbox 379 1205 501 1286; x_wconf 81' lang='lat' dir='ltr'><strong>fratres,</strong></span> <span class='ocrx_word' id='word_1_34' title='bbox 518 1205 602 1267; x_wconf 84' lang='lat' dir='ltr'><strong>filios</strong></span> <span class='ocrx_word' id='word_1_35' title='bbox 626 1205 846 1288; x_wconf 86' lang='lat' dir='ltr'><strong>Kowachych,</strong></span> <span class='ocrx_word' id='word_1_36' title='bbox 871 1206 915 1267; x_wconf 89' lang='lat' dir='ltr'><strong>sic</strong></span> <span class='ocrx_word' id='word_1_37' title='bbox 932 1225 964 1267; x_wconf 89' lang='lat' dir='ltr'><strong>se</strong></span> <span class='ocrx_word' id='word_1_38' title='bbox 989 1205 1096 1285; x_wconf 88' lang='lat' dir='ltr'><strong>habet,</strong></span> <span class='ocrx_word' id='word_1_39' title='bbox 1121 1207 1210 1288; x_wconf 95' lang='lat' dir='ltr'><strong>quod</strong></span> <span class='ocrx_word' id='word_1_40' title='bbox 1228 1208 1288 1290; x_wconf 93' lang='lat' dir='ltr'><strong>ipsi</strong></span> <span class='ocrx_word' id='word_1_41' title='bbox 1302 1207 1483 1290; x_wconf 88' lang='lat' dir='ltr'><strong>Stephanus</strong></span> 
     </span>
     <span class='ocr_line' id='line_1_7' title="bbox 217 1311 1482 1395; baseline 0 -18"><span class='ocrx_word' id='word_1_42' title='bbox 217 1329 248 1377; x_wconf 91' lang='lat' dir='ltr'><strong>et</strong></span> <span class='ocrx_word' id='word_1_43' title='bbox 273 1316 375 1376; x_wconf 88' lang='lat' dir='ltr'><strong>Lucas</strong></span> <span class='ocrx_word' id='word_1_44' title='bbox 400 1315 431 1374; x_wconf 92' lang='lat' dir='ltr'><strong>in</strong></span> <span class='ocrx_word' id='word_1_45' title='bbox 457 1313 639 1375; x_wconf 89' lang='lat' dir='ltr'><strong>dominium</strong></span> <span class='ocrx_word' id='word_1_46' title='bbox 665 1313 831 1374; x_wconf 89' lang='lat' dir='ltr'><strong>cuiusdam</strong></span> <span class='ocrx_word' id='word_1_47' title='bbox 858 1311 949 1374; x_wconf 79' lang='lat' dir='ltr'><strong>fundi</strong></span> <span class='ocrx_word' id='word_1_48' title='bbox 982 1333 1014 1374; x_wconf 91' lang='lat' dir='ltr'><strong>se</strong></span> <span class='ocrx_word' id='word_1_49' title='bbox 1039 1313 1256 1393; x_wconf 86' lang='lat' dir='ltr'><strong>immisissent,</strong></span> <span class='ocrx_word' id='word_1_50' title='bbox 1281 1314 1337 1395; x_wconf 94' lang='lat' dir='ltr'><strong>qui</strong></span> <span class='ocrx_word' id='word_1_51' title='bbox 1362 1313 1482 1377; x_wconf 87' lang='lat' dir='ltr'><strong>fundus</strong></span> 
     </span>
     <span class='ocr_line' id='line_1_8' title="bbox 216 1419 1483 1504; baseline 0 -21"><span class='ocrx_word' id='word_1_52' title='bbox 216 1441 275 1504; x_wconf 90' lang='lat' dir='ltr'><strong>pro</strong></span> <span class='ocrx_word' id='word_1_53' title='bbox 300 1421 417 1483; x_wconf 91' lang='lat' dir='ltr'><strong>debitis</strong></span> <span class='ocrx_word' id='word_1_54' title='bbox 442 1420 585 1502; x_wconf 91' lang='lat' dir='ltr'><strong>ipsorum</strong></span> <span class='ocrx_word' id='word_1_55' title='bbox 611 1419 764 1500; x_wconf 82' lang='lat' dir='ltr'><strong>Stephani</strong></span> <span class='ocrx_word' id='word_1_56' title='bbox 789 1433 820 1481; x_wconf 91' lang='lat' dir='ltr'><strong>et</strong></span> <span class='ocrx_word' id='word_1_57' title='bbox 844 1419 929 1480; x_wconf 87' lang='lat' dir='ltr'><strong>Luce</strong></span> <span class='ocrx_word' id='word_1_58' title='bbox 947 1419 1070 1480; x_wconf 92' lang='lat' dir='ltr'><strong>dudum</strong></span> <span class='ocrx_word' id='word_1_59' title='bbox 1088 1419 1368 1501; x_wconf 85' lang='lat' dir='ltr'><strong>predecessoribus</strong></span> <span class='ocrx_word' id='word_1_60' title='bbox 1384 1421 1483 1503; x_wconf 90' lang='lat' dir='ltr'><strong>ipsius</strong></span> 
     </span>
     <span class='ocr_line' id='line_1_9' title="bbox 216 1525 1481 1609; baseline 0.001 -20"><span class='ocrx_word' id='word_1_61' title='bbox 216 1528 359 1609; x_wconf 84' lang='lat' dir='ltr'><strong>magistri</strong></span> <span class='ocrx_word' id='word_1_62' title='bbox 394 1527 484 1588; x_wconf 86' lang='lat' dir='ltr'><strong>Pauli</strong></span> <span class='ocrx_word' id='word_1_63' title='bbox 517 1526 557 1586; x_wconf 91' lang='lat' dir='ltr'><strong>ad</strong></span> <span class='ocrx_word' id='word_1_64' title='bbox 590 1525 815 1608; x_wconf 88' lang='lat' dir='ltr'><strong>occupandum</strong></span> <span class='ocrx_word' id='word_1_65' title='bbox 844 1539 875 1586; x_wconf 88' lang='lat' dir='ltr'><strong>et</strong></span> <span class='ocrx_word' id='word_1_66' title='bbox 907 1525 1138 1607; x_wconf 89' lang='lat' dir='ltr'><strong>possidendum</strong></span> <span class='ocrx_word' id='word_1_67' title='bbox 1171 1526 1264 1588; x_wconf 90' lang='lat' dir='ltr'><strong>datus</strong></span> <span class='ocrx_word' id='word_1_68' title='bbox 1288 1525 1410 1606; x_wconf 84' lang='lat' dir='ltr'><strong>suisset,</strong></span> <span class='ocrx_word' id='word_1_69' title='bbox 1436 1527 1481 1590; x_wconf 90' lang='lat' dir='ltr'><strong>uti</strong></span> 
     </span>
     <span class='ocr_line' id='line_1_10' title="bbox 216 1632 1482 1717; baseline 0 -21"><span class='ocrx_word' id='word_1_70' title='bbox 216 1634 394 1717; x_wconf 85' lang='lat' dir='ltr'><strong>expressius</strong></span> <span class='ocrx_word' id='word_1_71' title='bbox 419 1633 450 1694; x_wconf 93' lang='lat' dir='ltr'><strong>in</strong></span> <span class='ocrx_word' id='word_1_72' title='bbox 476 1633 662 1695; x_wconf 90' lang='lat' dir='ltr'><strong>literatoriis</strong></span> <span class='ocrx_word' id='word_1_73' title='bbox 686 1633 907 1694; x_wconf 89' lang='lat' dir='ltr'><strong>instrumentis</strong></span> <span class='ocrx_word' id='word_1_74' title='bbox 931 1632 1173 1694; x_wconf 89' lang='lat' dir='ltr'><strong>communitatis</strong></span> <span class='ocrx_word' id='word_1_75' title='bbox 1197 1633 1308 1716; x_wconf 90' lang='lat' dir='ltr'><strong>oppidi</strong></span> <span class='ocrx_word' id='word_1_76' title='bbox 1334 1633 1482 1717; x_wconf 89' lang='lat' dir='ltr'><strong>lwanych</strong></span> 
     </span>
     <span class='ocr_line' id='line_1_11' title="bbox 216 1739 1482 1824; baseline 0 -21"><span class='ocrx_word' id='word_1_77' title='bbox 216 1741 409 1820; x_wconf 88' lang='lat' dir='ltr'><strong>continetur,</strong></span> <span class='ocrx_word' id='word_1_78' title='bbox 442 1754 473 1802; x_wconf 92' lang='lat' dir='ltr'><strong>et</strong></span> <span class='ocrx_word' id='word_1_79' title='bbox 502 1759 558 1822; x_wconf 90' lang='lat' dir='ltr'><strong>per</strong></span> <span class='ocrx_word' id='word_1_80' title='bbox 590 1759 827 1820; x_wconf 87' lang='lat' dir='ltr'><strong>quemcumque</strong></span> <span class='ocrx_word' id='word_1_81' title='bbox 860 1739 994 1800; x_wconf 89' lang='lat' dir='ltr'><strong>modum</strong></span> <span class='ocrx_word' id='word_1_82' title='bbox 1028 1739 1060 1800; x_wconf 94' lang='lat' dir='ltr'><strong>in</strong></span> <span class='ocrx_word' id='word_1_83' title='bbox 1092 1739 1162 1821; x_wconf 91' lang='lat' dir='ltr'><strong>ipso</strong></span> <span class='ocrx_word' id='word_1_84' title='bbox 1186 1739 1308 1823; x_wconf 92' lang='lat' dir='ltr'><strong>oppido</strong></span> <span class='ocrx_word' id='word_1_85' title='bbox 1335 1740 1482 1824; x_wconf 85' lang='lat' dir='ltr'><strong>lwanych</strong></span> 
     </span>
     <span class='ocr_line' id='line_1_12' title="bbox 217 1843 1480 1928; baseline 0.001 -20"><span class='ocrx_word' id='word_1_86' title='bbox 217 1846 398 1928; x_wconf 89' lang='lat' dir='ltr'><strong>adjudicata</strong></span> <span class='ocrx_word' id='word_1_87' title='bbox 424 1861 454 1908; x_wconf 89' lang='lat' dir='ltr'><strong>et</strong></span> <span class='ocrx_word' id='word_1_88' title='bbox 478 1847 611 1908; x_wconf 87' lang='lat' dir='ltr'><strong>ulterius</strong></span> <span class='ocrx_word' id='word_1_89' title='bbox 635 1846 806 1928; x_wconf 86' lang='lat' dir='ltr'><strong>appellata,</strong></span> <span class='ocrx_word' id='word_1_90' title='bbox 831 1843 969 1907; x_wconf 85' lang='lat' dir='ltr'><strong>finaliter</strong></span> <span class='ocrx_word' id='word_1_91' title='bbox 986 1865 1062 1906; x_wconf 90' lang='lat' dir='ltr'><strong>vero</strong></span> <span class='ocrx_word' id='word_1_92' title='bbox 1087 1865 1196 1907; x_wconf 89' lang='lat' dir='ltr'><strong>coram</strong></span> <span class='ocrx_word' id='word_1_93' title='bbox 1221 1847 1398 1909; x_wconf 85' lang='lat' dir='ltr'><strong>reverendo</strong></span> <span class='ocrx_word' id='word_1_94' title='bbox 1423 1847 1480 1910; x_wconf 92' lang='lat' dir='ltr'><strong>do·</strong></span> 
     </span>
     <span class='ocr_line' id='line_1_13' title="bbox 217 1952 1480 2036; baseline 0 -20"><span class='ocrx_word' id='word_1_95' title='bbox 217 1955 305 2016; x_wconf 91' lang='lat' dir='ltr'><strong>mino</strong></span> <span class='ocrx_word' id='word_1_96' title='bbox 332 1953 479 2016; x_wconf 87' lang='lat' dir='ltr'><strong>Osualdo</strong></span> <span class='ocrx_word' id='word_1_97' title='bbox 504 1955 659 2036; x_wconf 90' lang='lat' dir='ltr'><strong>episcopo</strong></span> <span class='ocrx_word' id='word_1_98' title='bbox 691 1953 890 2034; x_wconf 84' lang='lat' dir='ltr'><strong>zagrabiensi</strong></span> <span class='ocrx_word' id='word_1_99' title='bbox 924 1952 1048 2029; x_wconf 87' lang='lat' dir='ltr'><strong>decisa;</strong></span> <span class='ocrx_word' id='word_1_100' title='bbox 1079 1972 1178 2034; x_wconf 89' lang='lat' dir='ltr'><strong>quam</strong></span> <span class='ocrx_word' id='word_1_101' title='bbox 1202 1952 1480 2034; x_wconf 84' lang='lat' dir='ltr'><strong>adjudicacionem</strong></span> 
     </span>
     <span class='ocr_line' id='line_1_14' title="bbox 215 2058 1478 2143; baseline -0.002 -21"><span class='ocrx_word' id='word_1_102' title='bbox 215 2061 308 2143; x_wconf 84' lang='lat' dir='ltr'><strong>jurati</strong></span> <span class='ocrx_word' id='word_1_103' title='bbox 333 2081 397 2122; x_wconf 93' lang='lat' dir='ltr'><strong>non</strong></span> <span class='ocrx_word' id='word_1_104' title='bbox 423 2060 657 2138; x_wconf 90' lang='lat' dir='ltr'><strong>contradicunt,</strong></span> <span class='ocrx_word' id='word_1_105' title='bbox 682 2060 722 2120; x_wconf 90' lang='lat' dir='ltr'><strong>de</strong></span> <span class='ocrx_word' id='word_1_106' title='bbox 754 2079 817 2140; x_wconf 84' lang='lat' dir='ltr'><strong>qua</strong></span> <span class='ocrx_word' id='word_1_107' title='bbox 842 2058 1085 2138; x_wconf 78' lang='lat' dir='ltr'><strong>adjudicatione</strong></span> <span class='ocrx_word' id='word_1_108' title='bbox 1117 2059 1217 2140; x_wconf 87' lang='lat' dir='ltr'><strong>ipsius</strong></span> <span class='ocrx_word' id='word_1_109' title='bbox 1242 2059 1366 2120; x_wconf 89' lang='lat' dir='ltr'><strong>domini</strong></span> <span class='ocrx_word' id='word_1_110' title='bbox 1395 2060 1478 2141; x_wconf 89' lang='lat' dir='ltr'><strong>epis·</strong></span> 
     </span>
     <span class='ocr_line' id='line_1_15' title="bbox 215 2162 1478 2249; baseline 0 -21"><span class='ocrx_word' id='word_1_111' title='bbox 215 2167 287 2249; x_wconf 90' lang='lat' dir='ltr'><strong>copi</strong></span> <span class='ocrx_word' id='word_1_112' title='bbox 312 2167 462 2248; x_wconf 85' lang='lat' dir='ltr'><strong>magister</strong></span> <span class='ocrx_word' id='word_1_113' title='bbox 487 2167 605 2228; x_wconf 89' lang='lat' dir='ltr'><strong>Paulus</strong></span> <span class='ocrx_word' id='word_1_114' title='bbox 629 2185 736 2227; x_wconf 89' lang='lat' dir='ltr'><strong>coram</strong></span> <span class='ocrx_word' id='word_1_115' title='bbox 761 2164 868 2244; x_wconf 90' lang='lat' dir='ltr'><strong>judice</strong></span> <span class='ocrx_word' id='word_1_116' title='bbox 897 2179 928 2226; x_wconf 91' lang='lat' dir='ltr'><strong>et</strong></span> <span class='ocrx_word' id='word_1_117' title='bbox 951 2163 1061 2246; x_wconf 86' lang='lat' dir='ltr'><strong>juratis</strong></span> <span class='ocrx_word' id='word_1_118' title='bbox 1086 2177 1196 2247; x_wconf 90' lang='lat' dir='ltr'><strong>petens</strong></span> <span class='ocrx_word' id='word_1_119' title='bbox 1218 2185 1235 2226; x_wconf 89' lang='lat' dir='ltr'><strong>a</strong></span> <span class='ocrx_word' id='word_1_120' title='bbox 1261 2162 1392 2246; x_wconf 83' lang='lat' dir='ltr'><strong>prefatis</strong></span> <span class='ocrx_word' id='word_1_121' title='bbox 1410 2165 1478 2228; x_wconf 89' lang='lat' dir='ltr'><strong>Ste-</strong></span> 
     </span>
     <span class='ocr_line' id='line_1_16' title="bbox 215 2268 1480 2356; baseline -0.002 -21"><span class='ocrx_word' id='word_1_122' title='bbox 215 2274 322 2356; x_wconf 90' lang='lat' dir='ltr'><strong>phano</strong></span> <span class='ocrx_word' id='word_1_123' title='bbox 347 2289 378 2335; x_wconf 88' lang='lat' dir='ltr'><strong>et</strong></span> <span class='ocrx_word' id='word_1_124' title='bbox 405 2273 490 2334; x_wconf 86' lang='lat' dir='ltr'><strong>Luca</strong></span> <span class='ocrx_word' id='word_1_125' title='bbox 511 2272 661 2333; x_wconf 84' lang='lat' dir='ltr'><strong>fratribus</strong></span> <span class='ocrx_word' id='word_1_126' title='bbox 678 2268 934 2333; x_wconf 85' lang='lat' dir='ltr'><strong>satisfaccionem</strong></span> <span class='ocrx_word' id='word_1_127' title='bbox 953 2270 1095 2353; x_wconf 89' lang='lat' dir='ltr'><strong>impendi</strong></span> <span class='ocrx_word' id='word_1_128' title='bbox 1122 2285 1153 2332; x_wconf 94' lang='lat' dir='ltr'><strong>et</strong></span> <span class='ocrx_word' id='word_1_129' title='bbox 1170 2283 1359 2333; x_wconf 91' lang='lat' dir='ltr'><strong>contentum</strong></span> <span class='ocrx_word' id='word_1_130' title='bbox 1376 2269 1480 2333; x_wconf 81' lang='lat' dir='ltr'><strong>iacere</strong></span> 
     </span>
     <span class='ocr_line' id='line_1_17' title="bbox 216 2375 1480 2462; baseline -0.002 -21"><span class='ocrx_word' id='word_1_131' title='bbox 216 2379 361 2462; x_wconf 80' lang='lat' dir='ltr'><strong>capitalis</strong></span> <span class='ocrx_word' id='word_1_132' title='bbox 385 2379 539 2462; x_wconf 89' lang='lat' dir='ltr'><strong>peccunie</strong></span> <span class='ocrx_word' id='word_1_133' title='bbox 564 2378 664 2439; x_wconf 92' lang='lat' dir='ltr'><strong>debiti</strong></span> <span class='ocrx_word' id='word_1_134' title='bbox 682 2378 726 2456; x_wconf 92' lang='lat' dir='ltr'><strong>id,</strong></span> <span class='ocrx_word' id='word_1_135' title='bbox 751 2377 839 2459; x_wconf 90' lang='lat' dir='ltr'><strong>quod</strong></span> <span class='ocrx_word' id='word_1_136' title='bbox 865 2377 931 2459; x_wconf 91' lang='lat' dir='ltr'><strong>ipse</strong></span> <span class='ocrx_word' id='word_1_137' title='bbox 950 2376 1069 2438; x_wconf 85' lang='lat' dir='ltr'><strong>fundus</strong></span> <span class='ocrx_word' id='word_1_138' title='bbox 1093 2396 1151 2459; x_wconf 91' lang='lat' dir='ltr'><strong>pro</strong></span> <span class='ocrx_word' id='word_1_139' title='bbox 1176 2395 1241 2458; x_wconf 94' lang='lat' dir='ltr'><strong>quo</strong></span> <span class='ocrx_word' id='word_1_140' title='bbox 1255 2377 1293 2436; x_wconf 86' lang='lat' dir='ltr'><strong>lis</strong></span> <span class='ocrx_word' id='word_1_141' title='bbox 1318 2375 1377 2439; x_wconf 82' lang='lat' dir='ltr'><strong>fuit</strong></span> <span class='ocrx_word' id='word_1_142' title='bbox 1394 2391 1480 2438; x_wconf 93' lang='lat' dir='ltr'><strong>mota</strong></span> 
     </span>
     <span class='ocr_line' id='line_1_18' title="bbox 214 2482 1480 2564; baseline -0.002 -17"><span class='ocrx_word' id='word_1_143' title='bbox 214 2487 246 2548; x_wconf 93' lang='lat' dir='ltr'><strong>in</strong></span> <span class='ocrx_word' id='word_1_144' title='bbox 272 2487 381 2547; x_wconf 88' lang='lat' dir='ltr'><strong>valore</strong></span> <span class='ocrx_word' id='word_1_145' title='bbox 407 2505 471 2547; x_wconf 94' lang='lat' dir='ltr'><strong>non</strong></span> <span class='ocrx_word' id='word_1_146' title='bbox 504 2484 664 2546; x_wconf 85' lang='lat' dir='ltr'><strong>sufficeret</strong></span> <span class='ocrx_word' id='word_1_147' title='bbox 694 2485 734 2545; x_wconf 91' lang='lat' dir='ltr'><strong>ad</strong></span> <span class='ocrx_word' id='word_1_148' title='bbox 757 2484 961 2562; x_wconf 91' lang='lat' dir='ltr'><strong>solvendum,</strong></span> <span class='ocrx_word' id='word_1_149' title='bbox 995 2483 1069 2544; x_wconf 91' lang='lat' dir='ltr'><strong>ideo</strong></span> <span class='ocrx_word' id='word_1_150' title='bbox 1101 2503 1138 2544; x_wconf 87' lang='lat' dir='ltr'><strong>ex</strong></span> <span class='ocrx_word' id='word_1_151' title='bbox 1174 2503 1240 2564; x_wconf 91' lang='lat' dir='ltr'><strong>quo</strong></span> <span class='ocrx_word' id='word_1_152' title='bbox 1265 2482 1378 2564; x_wconf 80' lang='lat' dir='ltr'><strong>prefati</strong></span> <span class='ocrx_word' id='word_1_153' title='bbox 1412 2483 1480 2546; x_wconf 89' lang='lat' dir='ltr'><strong>Ste-</strong></span> 
     </span>
     <span class='ocr_line' id='line_1_19' title="bbox 215 2590 1480 2675; baseline -0.002 -21"><span class='ocrx_word' id='word_1_154' title='bbox 215 2593 339 2675; x_wconf 92' lang='lat' dir='ltr'><strong>phanus</strong></span> <span class='ocrx_word' id='word_1_155' title='bbox 371 2607 402 2654; x_wconf 91' lang='lat' dir='ltr'><strong>et</strong></span> <span class='ocrx_word' id='word_1_156' title='bbox 438 2592 541 2652; x_wconf 91' lang='lat' dir='ltr'><strong>Lucss</strong></span> <span class='ocrx_word' id='word_1_157' title='bbox 572 2605 643 2674; x_wconf 90' lang='lat' dir='ltr'><strong>post</strong></span> <span class='ocrx_word' id='word_1_158' title='bbox 675 2591 918 2652; x_wconf 86' lang='lat' dir='ltr'><strong>emanacionem</strong></span> <span class='ocrx_word' id='word_1_159' title='bbox 951 2591 1114 2651; x_wconf 87' lang='lat' dir='ltr'><strong>literarum</strong></span> <span class='ocrx_word' id='word_1_160' title='bbox 1148 2590 1290 2671; x_wconf 84' lang='lat' dir='ltr'><strong>magistri</strong></span> <span class='ocrx_word' id='word_1_161' title='bbox 1322 2590 1413 2652; x_wconf 86' lang='lat' dir='ltr'><strong>Pauli</strong></span> <span class='ocrx_word' id='word_1_162' title='bbox 1447 2609 1480 2652; x_wconf 84' lang='lat' dir='ltr'><strong>se</strong></span> 
     </span>
     <span class='ocr_line' id='line_1_20' title="bbox 215 2695 1479 2780; baseline -0.002 -20"><span class='ocrx_word' id='word_1_163' title='bbox 215 2699 467 2776; x_wconf 89' lang='lat' dir='ltr'><strong>intromiserunt,</strong></span> <span class='ocrx_word' id='word_1_164' title='bbox 493 2698 663 2780; x_wconf 92' lang='lat' dir='ltr'><strong>ipsumque</strong></span> <span class='ocrx_word' id='word_1_165' title='bbox 688 2696 826 2758; x_wconf 81' lang='lat' dir='ltr'><strong>fundum</strong></span> <span class='ocrx_word' id='word_1_166' title='bbox 858 2711 1097 2779; x_wconf 88' lang='lat' dir='ltr'><strong>occupaverunt</strong></span> <span class='ocrx_word' id='word_1_167' title='bbox 1121 2711 1151 2758; x_wconf 95' lang='lat' dir='ltr'><strong>et</strong></span> <span class='ocrx_word' id='word_1_168' title='bbox 1183 2697 1406 2779; x_wconf 91' lang='lat' dir='ltr'><strong>possederunt,</strong></span> <span class='ocrx_word' id='word_1_169' title='bbox 1431 2695 1479 2778; x_wconf 79' lang='lat' dir='ltr'><strong>ju·</strong></span> 
     </span>
     <span class='ocr_line' id='line_1_21' title="bbox 214 2805 1479 2888; baseline 0.002 -22"><span class='ocrx_word' id='word_1_170' title='bbox 214 2806 272 2868; x_wconf 87' lang='lat' dir='ltr'><strong>rati</strong></span> <span class='ocrx_word' id='word_1_171' title='bbox 298 2807 434 2868; x_wconf 89' lang='lat' dir='ltr'><strong>eandem</strong></span> <span class='ocrx_word' id='word_1_172' title='bbox 460 2825 589 2866; x_wconf 85' lang='lat' dir='ltr'><strong>causam</strong></span> <span class='ocrx_word' id='word_1_173' title='bbox 613 2805 674 2866; x_wconf 87' lang='lat' dir='ltr'><strong>hoc</strong></span> <span class='ocrx_word' id='word_1_174' title='bbox 699 2805 812 2866; x_wconf 86' lang='lat' dir='ltr'><strong>ordine</strong></span> <span class='ocrx_word' id='word_1_175' title='bbox 835 2805 1055 2883; x_wconf 89' lang='lat' dir='ltr'><strong>decreverunt,</strong></span> <span class='ocrx_word' id='word_1_176' title='bbox 1080 2805 1168 2886; x_wconf 92' lang='lat' dir='ltr'><strong>quod</strong></span> <span class='ocrx_word' id='word_1_177' title='bbox 1193 2825 1251 2888; x_wconf 92' lang='lat' dir='ltr'><strong>pro</strong></span> <span class='ocrx_word' id='word_1_178' title='bbox 1276 2825 1479 2888; x_wconf 89' lang='lat' dir='ltr'><strong>quacumque</strong></span> 
     </span>
     <span class='ocr_line' id='line_1_22' title="bbox 214 2911 1480 2997; baseline -0.001 -22"><span class='ocrx_word' id='word_1_179' title='bbox 214 2933 362 2997; x_wconf 89' lang='lat' dir='ltr'><strong>sumpma</strong></span> <span class='ocrx_word' id='word_1_180' title='bbox 387 2913 543 2995; x_wconf 88' lang='lat' dir='ltr'><strong>peccunie</strong></span> <span class='ocrx_word' id='word_1_181' title='bbox 575 2913 641 2995; x_wconf 91' lang='lat' dir='ltr'><strong>ipse</strong></span> <span class='ocrx_word' id='word_1_182' title='bbox 674 2911 793 2973; x_wconf 79' lang='lat' dir='ltr'><strong>fundus</strong></span> <span class='ocrx_word' id='word_1_183' title='bbox 824 2911 981 2972; x_wconf 91' lang='lat' dir='ltr'><strong>moderno</strong></span> <span class='ocrx_word' id='word_1_184' title='bbox 1013 2926 1158 2994; x_wconf 88' lang='lat' dir='ltr'><strong>tempore</strong></span> <span class='ocrx_word' id='word_1_185' title='bbox 1190 2913 1254 2974; x_wconf 93' lang='lat' dir='ltr'><strong>litis</strong></span> <span class='ocrx_word' id='word_1_186' title='bbox 1288 2932 1345 2994; x_wconf 91' lang='lat' dir='ltr'><strong>pet</strong></span> <span class='ocrx_word' id='word_1_187' title='bbox 1376 2914 1480 2975; x_wconf 92' lang='lat' dir='ltr'><strong>bonos</strong></span> 
     </span>
     <span class='ocr_line' id='line_1_23' title="bbox 213 3017 1478 3100; baseline 0 -20"><span class='ocrx_word' id='word_1_188' title='bbox 213 3021 298 3082; x_wconf 86' lang='lat' dir='ltr'><strong>viros</strong></span> <span class='ocrx_word' id='word_1_189' title='bbox 331 3021 496 3082; x_wconf 89' lang='lat' dir='ltr'><strong>estimatus</strong></span> <span class='ocrx_word' id='word_1_190' title='bbox 529 3018 624 3080; x_wconf 84' lang='lat' dir='ltr'><strong>fuerit</strong></span> <span class='ocrx_word' id='word_1_191' title='bbox 656 3019 746 3079; x_wconf 90' lang='lat' dir='ltr'><strong>cuius</strong></span> <span class='ocrx_word' id='word_1_192' title='bbox 778 3017 897 3078; x_wconf 86' lang='lat' dir='ltr'><strong>valoris</strong></span> <span class='ocrx_word' id='word_1_193' title='bbox 929 3017 979 3096; x_wconf 88' lang='lat' dir='ltr'><strong>sit,</strong></span> <span class='ocrx_word' id='word_1_194' title='bbox 1013 3033 1047 3080; x_wconf 92' lang='lat' dir='ltr'><strong>ut</strong></span> <span class='ocrx_word' id='word_1_195' title='bbox 1071 3037 1129 3100; x_wconf 90' lang='lat' dir='ltr'><strong>pro</strong></span> <span class='ocrx_word' id='word_1_196' title='bbox 1163 3019 1274 3080; x_wconf 84' lang='lat' dir='ltr'><strong>eadem</strong></span> <span class='ocrx_word' id='word_1_197' title='bbox 1301 3019 1478 3099; x_wconf 86' lang='lat' dir='ltr'><strong>quantitate</strong></span> 
     </span>
     <span class='ocr_line' id='line_1_24' title="bbox 212 3123 1477 3208; baseline -0.002 -20"><span class='ocrx_word' id='word_1_198' title='bbox 212 3127 365 3208; x_wconf 88' lang='lat' dir='ltr'><strong>peccunie</strong></span> <span class='ocrx_word' id='word_1_199' title='bbox 390 3127 496 3207; x_wconf 90' lang='lat' dir='ltr'><strong>ipsum</strong></span> <span class='ocrx_word' id='word_1_200' title='bbox 529 3123 665 3186; x_wconf 84' lang='lat' dir='ltr'><strong>fundum</strong></span> <span class='ocrx_word' id='word_1_201' title='bbox 700 3125 766 3205; x_wconf 89' lang='lat' dir='ltr'><strong>ipse</strong></span> <span class='ocrx_word' id='word_1_202' title='bbox 799 3124 949 3204; x_wconf 83' lang='lat' dir='ltr'><strong>magister</strong></span> <span class='ocrx_word' id='word_1_203' title='bbox 982 3124 1101 3186; x_wconf 90' lang='lat' dir='ltr'><strong>Paulus</strong></span> <span class='ocrx_word' id='word_1_204' title='bbox 1132 3124 1295 3207; x_wconf 89' lang='lat' dir='ltr'><strong>possidere</strong></span> <span class='ocrx_word' id='word_1_205' title='bbox 1319 3125 1423 3186; x_wconf 89' lang='lat' dir='ltr'><strong>valeat</strong></span> <span class='ocrx_word' id='word_1_206' title='bbox 1445 3125 1477 3186; x_wconf 91' lang='lat' dir='ltr'><strong>in</strong></span> 
     </span>
     <span class='ocr_line' id='line_1_25' title="bbox 212 3229 1477 3312; baseline -0.002 -18"><span class='ocrx_word' id='word_1_207' title='bbox 212 3247 330 3295; x_wconf 87' lang='lat' dir='ltr'><strong>sortem</strong></span> <span class='ocrx_word' id='word_1_208' title='bbox 355 3232 532 3294; x_wconf 89' lang='lat' dir='ltr'><strong>solucionis</strong></span> <span class='ocrx_word' id='word_1_209' title='bbox 556 3249 703 3312; x_wconf 90' lang='lat' dir='ltr'><strong>sumpme</strong></span> <span class='ocrx_word' id='word_1_210' title='bbox 729 3229 828 3311; x_wconf 90' lang='lat' dir='ltr'><strong>ipsius</strong></span> <span class='ocrx_word' id='word_1_211' title='bbox 844 3229 1011 3309; x_wconf 86' lang='lat' dir='ltr'><strong>originalis</strong></span> <span class='ocrx_word' id='word_1_212' title='bbox 1039 3230 1150 3308; x_wconf 93' lang='lat' dir='ltr'><strong>debiti,</strong></span> <span class='ocrx_word' id='word_1_213' title='bbox 1175 3231 1377 3292; x_wconf 84' lang='lat' dir='ltr'><strong>remanencia</strong></span> <span class='ocrx_word' id='word_1_214' title='bbox 1401 3251 1477 3292; x_wconf 92' lang='lat' dir='ltr'><strong>vero</strong></span> 
     </span>
     <span class='ocr_line' id='line_1_26' title="bbox 213 3335 1477 3419; baseline -0.001 -20"><span class='ocrx_word' id='word_1_215' title='bbox 213 3339 323 3417; x_wconf 91' lang='lat' dir='ltr'><strong>debiti,</strong></span> <span class='ocrx_word' id='word_1_216' title='bbox 348 3340 374 3400; x_wconf 91' lang='lat' dir='ltr'><strong>si</strong></span> <span class='ocrx_word' id='word_1_217' title='bbox 392 3358 455 3419; x_wconf 90' lang='lat' dir='ltr'><strong>que</strong></span> <span class='ocrx_word' id='word_1_218' title='bbox 481 3356 545 3399; x_wconf 91' lang='lat' dir='ltr'><strong>non</strong></span> <span class='ocrx_word' id='word_1_219' title='bbox 563 3337 663 3418; x_wconf 90' lang='lat' dir='ltr'><strong>possit</strong></span> <span class='ocrx_word' id='word_1_220' title='bbox 681 3335 748 3398; x_wconf 86' lang='lat' dir='ltr'><strong>fieri</strong></span> <span class='ocrx_word' id='word_1_221' title='bbox 766 3337 869 3397; x_wconf 86' lang='lat' dir='ltr'><strong>soluta</strong></span> <span class='ocrx_word' id='word_1_222' title='bbox 888 3335 1019 3397; x_wconf 92' lang='lat' dir='ltr'><strong>vendito</strong></span> <span class='ocrx_word' id='word_1_223' title='bbox 1037 3336 1087 3396; x_wconf 91' lang='lat' dir='ltr'><strong>vel</strong></span> <span class='ocrx_word' id='word_1_224' title='bbox 1104 3337 1251 3398; x_wconf 90' lang='lat' dir='ltr'><strong>estimato</strong></span> <span class='ocrx_word' id='word_1_225' title='bbox 1278 3337 1347 3418; x_wconf 92' lang='lat' dir='ltr'><strong>ipso</strong></span> <span class='ocrx_word' id='word_1_226' title='bbox 1364 3335 1477 3416; x_wconf 88' lang='lat' dir='ltr'><strong>fundu,</strong></span> 
     </span>
     <span class='ocr_line' id='line_1_27' title="bbox 213 3443 1476 3527; baseline -0.002 -20"><span class='ocrx_word' id='word_1_227' title='bbox 213 3461 329 3508; x_wconf 86' lang='lat' dir='ltr'><strong>extunc</strong></span> <span class='ocrx_word' id='word_1_228' title='bbox 353 3445 485 3527; x_wconf 88' lang='lat' dir='ltr'><strong>predicti</strong></span> <span class='ocrx_word' id='word_1_229' title='bbox 506 3443 687 3525; x_wconf 87' lang='lat' dir='ltr'><strong>Stephanus</strong></span> <span class='ocrx_word' id='word_1_230' title='bbox 711 3456 741 3504; x_wconf 85' lang='lat' dir='ltr'><strong>et</strong></span> <span class='ocrx_word' id='word_1_231' title='bbox 760 3443 862 3504; x_wconf 88' lang='lat' dir='ltr'><strong>Lucas</strong></span> <span class='ocrx_word' id='word_1_232' title='bbox 886 3443 925 3504; x_wconf 89' lang='lat' dir='ltr'><strong>de</strong></span> <span class='ocrx_word' id='word_1_233' title='bbox 942 3443 1080 3524; x_wconf 89' lang='lat' dir='ltr'><strong>propriis</strong></span> <span class='ocrx_word' id='word_1_234' title='bbox 1097 3461 1208 3504; x_wconf 90' lang='lat' dir='ltr'><strong>eorum</strong></span> <span class='ocrx_word' id='word_1_235' title='bbox 1223 3443 1316 3504; x_wconf 91' lang='lat' dir='ltr'><strong>bonis</strong></span> <span class='ocrx_word' id='word_1_236' title='bbox 1333 3457 1364 3505; x_wconf 94' lang='lat' dir='ltr'><strong>et</strong></span> <span class='ocrx_word' id='word_1_237' title='bbox 1381 3445 1476 3506; x_wconf 87' lang='lat' dir='ltr'><strong>rebus</strong></span> 
     </span>
     <span class='ocr_line' id='line_1_28' title="bbox 212 3549 1472 3634; baseline -0.001 -21"><span class='ocrx_word' id='word_1_238' title='bbox 212 3550 356 3634; x_wconf 87' lang='lat' dir='ltr'><strong>sepefato</strong></span> <span class='ocrx_word' id='word_1_239' title='bbox 390 3551 542 3632; x_wconf 83' lang='lat' dir='ltr'><strong>magistro</strong></span> <span class='ocrx_word' id='word_1_240' title='bbox 575 3550 676 3611; x_wconf 88' lang='lat' dir='ltr'><strong>Paulo</strong></span> <span class='ocrx_word' id='word_1_241' title='bbox 716 3549 839 3611; x_wconf 89' lang='lat' dir='ltr'><strong>solvere</strong></span> <span class='ocrx_word' id='word_1_242' title='bbox 872 3550 1010 3610; x_wconf 90' lang='lat' dir='ltr'><strong>debeant</strong></span> <span class='ocrx_word' id='word_1_243' title='bbox 1042 3565 1072 3610; x_wconf 94' lang='lat' dir='ltr'><strong>et</strong></span> <span class='ocrx_word' id='word_1_244' title='bbox 1104 3562 1290 3626; x_wconf 89' lang='lat' dir='ltr'><strong>teneantur;</strong></span> <span class='ocrx_word' id='word_1_245' title='bbox 1323 3550 1362 3610; x_wconf 91' lang='lat' dir='ltr'><strong>de</strong></span> <span class='ocrx_word' id='word_1_246' title='bbox 1395 3570 1472 3631; x_wconf 93' lang='lat' dir='ltr'><strong>qua·</strong></span> 
     </span>
     <span class='ocr_line' id='line_1_29' title="bbox 212 3655 1477 3739; baseline -0.002 -19"><span class='ocrx_word' id='word_1_247' title='bbox 212 3659 344 3739; x_wconf 92' lang='lat' dir='ltr'><strong>quidem</strong></span> <span class='ocrx_word' id='word_1_248' title='bbox 369 3657 531 3719; x_wconf 87' lang='lat' dir='ltr'><strong>sentencia</strong></span> <span class='ocrx_word' id='word_1_249' title='bbox 564 3677 620 3718; x_wconf 92' lang='lat' dir='ltr'><strong>seu</strong></span> <span class='ocrx_word' id='word_1_250' title='bbox 653 3655 896 3734; x_wconf 82' lang='lat' dir='ltr'><strong>adjudicscione</strong></span> <span class='ocrx_word' id='word_1_251' title='bbox 928 3656 1105 3736; x_wconf 88' lang='lat' dir='ltr'><strong>juratorum</strong></span> <span class='ocrx_word' id='word_1_252' title='bbox 1138 3656 1197 3738; x_wconf 91' lang='lat' dir='ltr'><strong>ipsi</strong></span> <span class='ocrx_word' id='word_1_253' title='bbox 1232 3656 1413 3738; x_wconf 89' lang='lat' dir='ltr'><strong>Stephanus</strong></span> <span class='ocrx_word' id='word_1_254' title='bbox 1446 3671 1477 3718; x_wconf 90' lang='lat' dir='ltr'><strong>et</strong></span> 
     </span>
     <span class='ocr_line' id='line_1_30' title="bbox 214 3761 1477 3844; baseline -0.001 -18"><span class='ocrx_word' id='word_1_255' title='bbox 214 3767 315 3826; x_wconf 91' lang='lat' dir='ltr'><strong>Lucas</strong></span> <span class='ocrx_word' id='word_1_256' title='bbox 347 3784 414 3826; x_wconf 90' lang='lat' dir='ltr'><strong>non</strong></span> <span class='ocrx_word' id='word_1_257' title='bbox 445 3764 605 3840; x_wconf 90' lang='lat' dir='ltr'><strong>contenti,</strong></span> <span class='ocrx_word' id='word_1_258' title='bbox 638 3762 773 3824; x_wconf 88' lang='lat' dir='ltr'><strong>eandem</strong></span> <span class='ocrx_word' id='word_1_259' title='bbox 806 3781 934 3823; x_wconf 88' lang='lat' dir='ltr'><strong>causam</strong></span> <span class='ocrx_word' id='word_1_260' title='bbox 966 3781 1022 3844; x_wconf 88' lang='lat' dir='ltr'><strong>per</strong></span> <span class='ocrx_word' id='word_1_261' title='bbox 1053 3761 1175 3842; x_wconf 88' lang='lat' dir='ltr'><strong>juratos</strong></span> <span class='ocrx_word' id='word_1_262' title='bbox 1206 3762 1421 3843; x_wconf 84' lang='lat' dir='ltr'><strong>adjudicatam</strong></span> <span class='ocrx_word' id='word_1_263' title='bbox 1446 3777 1477 3825; x_wconf 86' lang='lat' dir='ltr'><strong>et</strong></span> 
     </span>
     <span class='ocr_line' id='line_1_31' title="bbox 212 3868 1002 3952; baseline -0.003 -20"><span class='ocrx_word' id='word_1_264' title='bbox 212 3871 388 3933; x_wconf 85' lang='lat' dir='ltr'><strong>discussam</strong></span> <span class='ocrx_word' id='word_1_265' title='bbox 413 3871 453 3932; x_wconf 87' lang='lat' dir='ltr'><strong>ad</strong></span> <span class='ocrx_word' id='word_1_266' title='bbox 477 3871 619 3932; x_wconf 84' lang='lat' dir='ltr'><strong>seniores</strong></span> <span class='ocrx_word' id='word_1_267' title='bbox 643 3869 847 3952; x_wconf 89' lang='lat' dir='ltr'><strong>appellarunt</strong></span> <span class='ocrx_word' id='word_1_268' title='bbox 870 3868 1002 3949; x_wconf 88' lang='lat' dir='ltr'><strong>judices.</strong></span> 
     </span>
    </p>
   </div>
   <div class='ocr_carea' id='block_1_4' title="bbox 239 4101 1449 4300">
    <p class='ocr_par' dir='ltr' id='par_1_4' title="bbox 239 4101 1449 4300">
     <span class='ocr_line' id='line_1_32' title="bbox 239 4101 1449 4196; baseline 0 -19"><span class='ocrx_word' id='word_1_269' title='bbox 239 4104 333 4178; x_wconf 88' lang='lat' dir='ltr'><strong>Feria</strong></span> <span class='ocrx_word' id='word_1_270' title='bbox 363 4115 461 4178; x_wconf 83' lang='lat' dir='ltr'><strong>sexta</strong></span> <span class='ocrx_word' id='word_1_271' title='bbox 491 4109 643 4196; x_wconf 83' lang='lat' dir='ltr'><strong>proxima</strong></span> <span class='ocrx_word' id='word_1_272' title='bbox 672 4114 748 4195; x_wconf 85' lang='lat' dir='ltr'><strong>post</strong></span> <span class='ocrx_word' id='word_1_273' title='bbox 768 4107 889 4177; x_wconf 82' lang='lat' dir='ltr'><strong>festum</strong></span> <span class='ocrx_word' id='word_1_274' title='bbox 919 4106 1093 4177; x_wconf 86' lang='lat' dir='ltr'><strong>beatorum</strong></span> <span class='ocrx_word' id='word_1_275' title='bbox 1123 4101 1261 4176; x_wconf 84' lang='lat' dir='ltr'><strong>Fabiani</strong></span> <span class='ocrx_word' id='word_1_276' title='bbox 1290 4113 1322 4177; x_wconf 86' lang='lat' dir='ltr'><strong>et</strong></span> <span class='ocrx_word' id='word_1_277' title='bbox 1352 4107 1449 4177; x_wconf 87' lang='lat' dir='ltr'><strong>Seba-</strong></span> 
     </span>
     <span class='ocr_line' id='line_1_33' title="bbox 689 4227 1009 4300; baseline -0.013 0"><span class='ocrx_word' id='word_1_278' title='bbox 689 4228 791 4300; x_wconf 88' lang='lat' dir='ltr'><strong>stiani</strong></span> <span class='ocrx_word' id='word_1_279' title='bbox 820 4227 1009 4300; x_wconf 85' lang='lat' dir='ltr'><strong>martirum.</strong></span> 
     </span>
    </p>
   </div>
   <div class='ocr_carea' id='block_1_5' title="bbox 721 4383 962 4459">
    <p class='ocr_par' dir='ltr' id='par_1_5' title="bbox 721 4383 962 4459">
     <span class='ocr_line' id='line_1_34' title="bbox 721 4383 962 4459; baseline 0.012 -20"><span class='ocrx_word' id='word_1_280' title='bbox 721 4385 783 4458; x_wconf 76' lang='lat'><em>(22.</em></span> <span class='ocrx_word' id='word_1_281' title='bbox 799 4383 962 4459; x_wconf 81' lang='lat' dir='ltr'><strong>januarii).</strong></span> 
     </span>
    </p>
   </div>
   <div class='ocr_carea' id='block_1_6' title="bbox 210 4523 1474 5033">
    <p class='ocr_par' dir='ltr' id='par_1_6' title="bbox 210 4523 1474 5033">
     <span class='ocr_line' id='line_1_35' title="bbox 318 4523 1474 4606; baseline -0.003 -20"><span class='ocrx_word' id='word_1_282' title='bbox 318 4525 395 4587; x_wconf 87' lang='lat' dir='ltr'><strong>Item</strong></span> <span class='ocrx_word' id='word_1_283' title='bbox 420 4526 496 4606; x_wconf 91' lang='lat' dir='ltr'><strong>quia</strong></span> <span class='ocrx_word' id='word_1_284' title='bbox 528 4525 661 4606; x_wconf 88' lang='lat' dir='ltr'><strong>provida</strong></span> <span class='ocrx_word' id='word_1_285' title='bbox 695 4524 811 4585; x_wconf 87' lang='lat' dir='ltr'><strong>mulier</strong></span> <span class='ocrx_word' id='word_1_286' title='bbox 845 4523 1019 4585; x_wconf 87' lang='lat' dir='ltr'><strong>Katberina</strong></span> <span class='ocrx_word' id='word_1_287' title='bbox 1049 4538 1172 4601; x_wconf 87' lang='lat' dir='ltr'><strong>vocata,</strong></span> <span class='ocrx_word' id='word_1_288' title='bbox 1206 4543 1284 4585; x_wconf 88' lang='lat' dir='ltr'><strong>uxor</strong></span> <span class='ocrx_word' id='word_1_289' title='bbox 1318 4523 1474 4604; x_wconf 82' lang='lat' dir='ltr'><strong>legittima</strong></span> 
     </span>
     <span class='ocr_line' id='line_1_36' title="bbox 210 4629 1470 4714; baseline -0.002 -22"><span class='ocrx_word' id='word_1_290' title='bbox 210 4632 337 4714; x_wconf 89' lang='lat' dir='ltr'><strong>providi</strong></span> <span class='ocrx_word' id='word_1_291' title='bbox 362 4632 420 4692; x_wconf 92' lang='lat' dir='ltr'><strong>viri</strong></span> <span class='ocrx_word' id='word_1_292' title='bbox 446 4631 544 4693; x_wconf 88' lang='lat' dir='ltr'><strong>Marci</strong></span> <span class='ocrx_word' id='word_1_293' title='bbox 569 4632 644 4692; x_wconf 92' lang='lat' dir='ltr'><strong>dicti</strong></span> <span class='ocrx_word' id='word_1_294' title='bbox 675 4630 919 4712; x_wconf 87' lang='lat' dir='ltr'><strong>Gwrakowych,</strong></span> <span class='ocrx_word' id='word_1_295' title='bbox 952 4629 1099 4691; x_wconf 89' lang='lat' dir='ltr'><strong>moderni</strong></span> <span class='ocrx_word' id='word_1_296' title='bbox 1125 4630 1229 4710; x_wconf 90' lang='lat' dir='ltr'><strong>jurati,</strong></span> <span class='ocrx_word' id='word_1_297' title='bbox 1254 4630 1470 4708; x_wconf 88' lang='lat' dir='ltr'><strong>juramentum</strong></span> 
     </span>
     <span class='ocr_line' id='line_1_37' title="bbox 210 4734 1474 4819; baseline -0.003 -21"><span class='ocrx_word' id='word_1_298' title='bbox 210 4739 373 4800; x_wconf 89' lang='lat' dir='ltr'><strong>terciemet</strong></span> <span class='ocrx_word' id='word_1_299' title='bbox 386 4757 458 4797; x_wconf 90' lang='lat' dir='ltr'><strong>cum</strong></span> <span class='ocrx_word' id='word_1_300' title='bbox 473 4737 667 4798; x_wconf 89' lang='lat' dir='ltr'><strong>dominabus</strong></span> <span class='ocrx_word' id='word_1_301' title='bbox 684 4751 714 4798; x_wconf 92' lang='lat' dir='ltr'><strong>et</strong></span> <span class='ocrx_word' id='word_1_302' title='bbox 727 4737 871 4819; x_wconf 89' lang='lat' dir='ltr'><strong>personis</strong></span> <span class='ocrx_word' id='word_1_303' title='bbox 888 4737 948 4796; x_wconf 88' lang='lat' dir='ltr'><strong>sibi</strong></span> <span class='ocrx_word' id='word_1_304' title='bbox 964 4736 1123 4797; x_wconf 90' lang='lat' dir='ltr'><strong>similibus</strong></span> <span class='ocrx_word' id='word_1_305' title='bbox 1141 4755 1195 4817; x_wconf 88' lang='lat' dir='ltr'><strong>per</strong></span> <span class='ocrx_word' id='word_1_306' title='bbox 1213 4734 1332 4815; x_wconf 87' lang='lat' dir='ltr'><strong>juratos</strong></span> <span class='ocrx_word' id='word_1_307' title='bbox 1349 4734 1474 4814; x_wconf 87' lang='lat' dir='ltr'><strong>adjudi-</strong></span> 
     </span>
     <span class='ocr_line' id='line_1_38' title="bbox 211 4841 1473 4923; baseline -0.004 -18"><span class='ocrx_word' id='word_1_308' title='bbox 211 4859 315 4906; x_wconf 87' lang='lat' dir='ltr'><strong>catum</strong></span> <span class='ocrx_word' id='word_1_309' title='bbox 341 4843 468 4905; x_wconf 89' lang='lat' dir='ltr'><strong>racione</strong></span> <span class='ocrx_word' id='word_1_310' title='bbox 494 4843 658 4905; x_wconf 91' lang='lat' dir='ltr'><strong>cuiusdam</strong></span> <span class='ocrx_word' id='word_1_311' title='bbox 678 4843 806 4903; x_wconf 90' lang='lat' dir='ltr'><strong>camisie</strong></span> <span class='ocrx_word' id='word_1_312' title='bbox 833 4843 930 4922; x_wconf 82' lang='lat' dir='ltr'><strong>vulgo</strong></span> <span class='ocrx_word' id='word_1_313' title='bbox 958 4843 1103 4923; x_wconf 85' lang='lat' dir='ltr'><strong>surlyczs</strong></span> <span class='ocrx_word' id='word_1_314' title='bbox 1121 4841 1215 4918; x_wconf 88' lang='lat' dir='ltr'><strong>dicte,</strong></span> <span class='ocrx_word' id='word_1_315' title='bbox 1240 4841 1271 4902; x_wconf 94' lang='lat' dir='ltr'><strong>in</strong></span> <span class='ocrx_word' id='word_1_316' title='bbox 1297 4861 1349 4901; x_wconf 90' lang='lat' dir='ltr'><strong>ara</strong></span> <span class='ocrx_word' id='word_1_317' title='bbox 1366 4855 1473 4902; x_wconf 89' lang='lat' dir='ltr'><strong>sancte</strong></span> 
     </span>
     <span class='ocr_line' id='line_1_39' title="bbox 211 4947 1472 5033; baseline -0.004 -19"><span class='ocrx_word' id='word_1_318' title='bbox 211 4950 323 5014; x_wconf 89' lang='lat' dir='ltr'><strong>Crucis</strong></span> <span class='ocrx_word' id='word_1_319' title='bbox 347 4951 497 5033; x_wconf 87' lang='lat' dir='ltr'><strong>deposuit</strong></span> <span class='ocrx_word' id='word_1_320' title='bbox 521 4965 556 5012; x_wconf 92' lang='lat' dir='ltr'><strong>ut</strong></span> <span class='ocrx_word' id='word_1_321' title='bbox 580 4951 705 5030; x_wconf 87' lang='lat' dir='ltr'><strong>debuit,</strong></span> <span class='ocrx_word' id='word_1_322' title='bbox 730 4969 827 5032; x_wconf 90' lang='lat' dir='ltr'><strong>quam</strong></span> <span class='ocrx_word' id='word_1_323' title='bbox 847 4950 1002 5012; x_wconf 90' lang='lat' dir='ltr'><strong>discretus</strong></span> <span class='ocrx_word' id='word_1_324' title='bbox 1020 4950 1067 5010; x_wconf 90' lang='lat' dir='ltr'><strong>vir</strong></span> <span class='ocrx_word' id='word_1_325' title='bbox 1092 4947 1207 5010; x_wconf 87' lang='lat' dir='ltr'><strong>Gallus</strong></span> <span class='ocrx_word' id='word_1_326' title='bbox 1230 4949 1385 5031; x_wconf 82' lang='lat' dir='ltr'><strong>presbiter</strong></span> <span class='ocrx_word' id='word_1_327' title='bbox 1402 4969 1472 5030; x_wconf 92' lang='lat' dir='ltr'><strong>pre·</strong></span> 
     </span>
    </p>
   </div>
   <div class='ocr_carea' id='block_1_7' title="bbox 0 0 1924 5784">
    <p class='ocr_par' dir='ltr' id='par_1_7' title="bbox 0 0 1924 5784">
     <span class='ocr_line' id='line_1_40' title="bbox 0 0 1924 5784; baseline 0 0"><span class='ocrx_word' id='word_1_328' title='bbox 0 0 1924 5784; x_wconf 95' lang='lat' dir='ltr'><strong> </strong></span> 
     </span>
    </p>
   </div>
  </div>
 </body>
</html>
