3838 5786
418 624 614 710 Gywrlronis
637 626 754 688 sutoris
777 625 906 686 racione
930 623 1061 685 lesionis
1081 624 1180 706 ipsius
1204 623 1288 685 Petri
1311 625 1452 709 Dragyn‚
1476 625 1543 707 ipse
1567 623 1685 685 Valen-

418 731 504 792 tinus
528 731 631 813 jurare
657 731 817 792 tenebitur
833 730 1027 808 terciusmet,
1052 729 1140 810 quod
1166 729 1231 810 ipse
1257 750 1325 791 non
1343 731 1414 792 lesit
1438 730 1590 808 eundem,
1606 727 1684 791 feria

417 839 514 899 tercia
539 851 611 920 post
636 837 832 913 Katherine3
863 849 895 897 et
918 836 996 897 dum
1020 836 1137 918 jurabit
1167 849 1242 898 tunc
1268 837 1336 918 ipse
1367 837 1480 898 Petrus
1503 835 1686 898 remanebit

420 943 526 1006 eidem
551 944 724 1006 Valentino
750 945 783 1005 in
807 943 919 1005 decem
943 943 1050 1025 pensis
1074 956 1104 1004 et
1128 941 1238 1024 juratis
1265 943 1297 1006 in
1323 943 1467 1025 quinque
1491 943 1609 1025 pensis.

524 1050 602 1111 ltem
627 1070 755 1112 causam
781 1051 862 1110 inter
879 1050 1071 1131 Myrlronem
1096 1061 1127 1110 et
1152 1049 1233 1110 inter
1251 1049 1412 1130 Pangracz
1435 1050 1563 1112 racione
1581 1050 1685 1111 cuius-

419 1156 492 1218 dam
518 1169 610 1236 terre,
635 1156 728 1237 jurati
753 1154 983 1218 confirmarunt
1008 1155 1162 1234 judicium
1183 1155 1348 1217 Michaelis
1376 1155 1482 1234 jurati,
1508 1156 1596 1238 quod
1619 1177 1684 1217 non

417 1275 542 1324 tenetur
566 1262 672 1324 eidem
701 1263 886 1343 terragium.

524 1369 601 1430 Item
627 1370 703 1450 quia
728 1369 853 1430 Blasius
877 1367 971 1450 judex
996 1367 1091 1430 debet
1122 1367 1225 1448 jurare
1250 1369 1410 1430 solusmet
1444 1369 1476 1429 in
1501 1388 1554 1430 ara
1578 1383 1685 1430 sancte

418 1477 532 1538 Crucis
546 1476 633 1558 quod
649 1476 786 1538 Michael
798 1475 1052 1537 Methanhawser
1066 1487 1192 1537 tenetur
1202 1474 1306 1537 eidem
1323 1474 1570 1556 quatuordecim
1587 1473 1686 1536 funtis

417 1583 635 1661 denariorum,
660 1583 765 1644 eidem
783 1582 1042 1664 inpignoraverat
1066 1582 1199 1643 domum
1225 1581 1307 1643 circa
1324 1581 1518 1662 porticulum
1541 1581 1582 1642 ad
1599 1601 1684 1642 cam-

417 1709 494 1771 pum
507 1711 515 1766 ;
529 1689 568 1750 de
593 1708 659 1770 quo
672 1689 792 1770 judicio
803 1689 944 1770 ipsorum
962 1687 1137 1768 juratorum
1154 1687 1508 1770 DyonisiusSypchych
1525 1699 1556 1749 et
1582 1688 1681 1770 Elyas

417 1794 505 1857 fusor
529 1814 758 1876 campanarum
782 1814 848 1855 non
866 1795 1019 1874 contenti,
1043 1793 1247 1876 appellarunt
1270 1793 1309 1854 ad
1334 1793 1477 1855 seniores
1500 1792 1632 1874 judices.

521 1901 598 1963 ltem
624 1919 751 1962 causam
777 1901 859 1962 inter
883 1900 1006 1962 lellram
1033 1899 1271 1982 Mlynaryczam
1296 1913 1327 1960 et
1355 1899 1438 1962 inter
1462 1899 1578 1981 Elyam
1604 1901 1682 1961 Bor-

416 2007 532 2090 dulycz
556 2007 685 2068 racione
709 2007 958 2089 vituperacionis
990 2021 1021 2068 et
1052 2006 1187 2067 eandem
1214 2005 1385 2087 allegando
1426 2005 1630 2067 meretricem
1655 2021 1685 2066 et

416 2115 485 2175 eius
508 2113 799 2190 dehonestationis,
823 2111 916 2194 jurati
937 2111 1170 2194 adjudicarunt,
1194 2112 1281 2193 quod
1300 2112 1366 2193 ipsa
1394 2111 1500 2191 jurare
1523 2113 1684 2174 tenebitur

415 2221 579 2282 terciamet
603 2221 634 2280 in
660 2239 712 2281 ara
741 2231 848 2280 sancte
873 2218 986 2280 Crucis
1019 2217 1097 2279 feria
1122 2219 1218 2280 tercia
1250 2218 1396 2301 proxime
1425 2231 1570 2296 ventura,
1595 2221 1683 2300 quod

416 2329 483 2409 ipsa
507 2347 573 2388 non
599 2327 679 2387 dixit
703 2326 808 2388 eidem
834 2326 914 2408 Elye
939 2325 1028 2407 quod
1053 2326 1120 2405 ipse
1145 2324 1256 2386 fuisset
1279 2323 1419 2386 infidelis
1445 2325 1582 2386 domino
1606 2345 1682 2402 suo;

416 2447 447 2494 et
471 2432 548 2494 dum
573 2431 691 2514 jurabit
714 2446 790 2494 tunc
814 2433 881 2516 ipse
899 2433 996 2514 Elyas
1020 2431 1199 2492 remanebit
1223 2445 1333 2492 contra
1356 2430 1492 2492 eandem
1519 2431 1681 2492 indecem

415 2541 523 2622 pensis
547 2553 578 2600 et
602 2539 699 2620 judici
724 2558 797 2600 cum
822 2537 932 2619 juratis
956 2551 1084 2600 centum
1110 2537 1258 2599 denariis.

522 2646 599 2708 Item
624 2665 753 2706 causam
779 2647 862 2708 inter
885 2645 1088 2707 Clementem
1106 2642 1303 2705 aurifabrum
1329 2657 1360 2706 et
1385 2642 1571 2726 Philippum
1597 2643 1679 2705 auri-

416 2751 540 2813 fabrum
567 2754 694 2814 racione
720 2750 888 2812 fraccionis
905 2750 1073 2812 cuiusdam
1097 2751 1196 2828 anuli,
1221 2749 1315 2831 jurati
1333 2749 1567 2832 adjudicarunt,
1593 2751 1680 2832 quod

417 2859 483 2940 ipse
509 2858 677 2940 Philippus
700 2857 803 2938 jurare
828 2857 989 2918 tenebitur
1017 2856 1172 2918 aolusmet
1197 2857 1228 2918 in
1254 2877 1307 2918 ara
1332 2871 1440 2918 sancte
1466 2857 1580 2919 Crucis
1604 2857 1681 2919 feria

415 2965 511 3026 tercia
536 2965 681 3045 proxime
706 2977 852 3042 ventura,
875 2963 962 3045 quod
981 2964 1047 3045 ipse
1072 2983 1136 3024 non
1162 2961 1256 3044 fregit
1281 2963 1420 3024 eundem
1448 2964 1593 3026 anulum.

523 3071 599 3133 ltem
626 3091 719 3132 causa
744 3072 826 3131 inter
844 3070 1047 3133 Clementem
1065 3068 1262 3132 aurifabrum
1276 3084 1307 3131 et
1322 3070 1405 3131 inter
1431 3070 1575 3132 Blasium
1594 3071 1675 3131 insti-

415 3191 518 3238 torem
544 3178 671 3239 racione
696 3178 945 3260 vituperacionis
969 3191 1139 3260 prorogata
1164 3176 1273 3238 estad
1303 3176 1443 3258 primum
1469 3175 1636 3258 judicium.

523 3282 599 3345 ltem
625 3284 753 3366 Mycula
785 3284 950 3366 Jagodych
981 3283 1172 3345 secundario
1197 3282 1309 3344 citatus
1341 3297 1450 3344 contra
1478 3283 1679 3345 Anthonium

416 3403 568 3467 sutorem,
592 3391 751 3450 seniorem
770 3389 921 3470 juratum,
945 3390 1136 3452 secundario
1161 3390 1274 3451 citatus
1299 3410 1363 3450 non
1382 3391 1564 3472 comparuit
1588 3391 1679 3472 inju-

415 3496 502 3557 dicio
527 3515 634 3556 coram
659 3497 763 3558 nobis.

521 3601 597 3662 ltem
623 3603 697 3682 quia
730 3601 890 3682 Georgius
915 3599 1045 3662 Prezwh
1078 3615 1109 3663 et
1140 3601 1225 3662 filius
1250 3603 1426 3685 Peczthycz
1457 3617 1567 3665 contra
1608 3603 1679 3664 Phi-

417 3706 541 3787 lippum
562 3705 676 3767 Gvden
694 3707 799 3788 primo
816 3707 940 3786 citatus,
965 3726 1029 3767 non
1052 3709 1232 3790 comparuit
1249 3708 1280 3768 in
1298 3707 1419 3790 judicio
1444 3729 1553 3771 coram
1571 3710 1672 3770 nobis.

495 3943 640 4014 Sabbata
669 3947 822 4033 proximo
851 3955 929 4017 ante
952 3947 1075 4018 festum
1103 3947 1200 4018 beate
1229 3945 1414 4019 flatherine
1442 3947 1595 4037 virginis.

908 4095 975 4176 (24.
1001 4099 1187 4180 novembris).

522 4237 597 4299 ltem
631 4257 758 4298 causam
791 4239 872 4299 inter
903 4257 1036 4300 uxorem
1069 4240 1180 4300 Jacobi
1213 4240 1330 4301 sutoris
1362 4254 1393 4302 et
1427 4240 1511 4301 inter
1536 4240 1675 4311 Swslram

416 4342 672 4422 candelatricem‚
697 4344 862 4405 concivem
893 4361 1045 4423 nostram,
1070 4345 1200 4407 racione
1233 4346 1398 4407 cuiusdam
1427 4347 1503 4427 palii
1530 4347 1676 4412 etunius

414 4449 533 4527 tunice,
558 4450 646 4530 quod
670 4451 793 4532 palium
818 4464 849 4513 et
870 4453 1012 4513 tunicam
1037 4453 1103 4534 ipse
1122 4453 1261 4514 lacobus
1287 4452 1414 4514 dicebat
1438 4453 1506 4534 ipse
1531 4473 1587 4514 sue
1605 4473 1675 4515 con-

414 4555 490 4614 sorti
515 4567 659 4636 tempore
684 4558 903 4638 copulationis
927 4579 983 4620 sue
1008 4559 1075 4620 dari
1103 4560 1308 4642 promisisse,
1343 4572 1374 4620 et
1398 4579 1456 4641 per
1479 4559 1602 4639 juratos
1624 4558 1674 4621 ad-

415 4657 586 4737 judicatam
612 4661 716 4722 eidem
744 4665 833 4724 uxori
860 4665 969 4725 lacobi
995 4665 1163 4745 extraclari,
1189 4678 1220 4727 et
1242 4667 1282 4727 ab
1307 4664 1423 4726 eodem
1449 4665 1572 4747 judicio
1597 4667 1673 4747 jura·

416 4778 520 4824 torum
546 4765 612 4846 ipsa
628 4767 729 4828 Suska
754 4769 792 4828 ad
811 4789 869 4830 nos
893 4770 1068 4852 appellavit
1096 4773 1238 4833 seniores
1255 4771 1378 4852 judices
1400 4771 1540 4833 dicendo
1565 4773 1673 4834 eadem

417 4868 529 4948 Suska,
554 4871 640 4952 quod
660 4872 726 4954 ipsa
752 4893 810 4934 nee
835 4876 926 4937 aliter
943 4878 1071 4939 emisset
1088 4878 1148 4939 nisi
1166 4878 1205 4939 ad
1231 4877 1419 4961 porcionem
1436 4879 1671 4961 possessionum
