3644 5788
549 593 635 650 Anno
658 604 750 669 1459.
775 626 817 636 -
840 605 892 652 20.
917 590 1034 667 apriles.
1360 613 1418 675 173

259 806 338 867 ltem
365 805 553 867 Franciscus
577 803 719 888 frenipar
750 821 860 868 contra
886 805 1013 868 Petrum
1039 803 1220 866 carnificem
1246 805 1353 887 primo
1378 807 1421 868 ci-

164 928 236 976 tatus
259 934 325 975 non
354 913 544 994 comparuit.

258 1019 338 1080 Item
364 1019 527 1100 quandam
553 1039 679 1080 causam
708 1019 790 1082 inter
816 1019 956 1081 Blaslum
983 1019 1187 1102 Kylarvchicz
1212 1033 1243 1081 et
1268 1018 1351 1080 filios
1369 1019 1420 1080 Ja-

162 1124 289 1206 gichich,
316 1123 464 1186 Thomas
488 1126 630 1187 sororius
655 1125 779 1188 domini
798 1127 932 1188 Fabiani
956 1139 988 1188 et
1011 1126 1193 1188 Demetrius
1217 1125 1255 1188 ad
1283 1127 1419 1208 primam

162 1232 260 1293 sedem
286 1231 489 1314 judiciariam
514 1246 768 1314 prorogaverunt
792 1233 832 1294 ad
857 1232 1074 1295 concordiam.

260 1356 341 1418 Item
367 1355 544 1439 Gregorius
569 1357 720 1420 Bdwdicz
737 1371 848 1420 contra
866 1357 1019 1420 Cosmam
1038 1357 1156 1420 Bnrber
1173 1357 1278 1439 primo
1303 1357 1417 1420 citatus

162 1481 220 1522 non
243 1463 437 1544 comparuit.

258 1587 339 1649 Item
365 1607 492 1648 causam
514 1587 596 1649 inter
613 1587 782 1650 dominum
800 1587 971 1650 Nicolaum
990 1589 1165 1671 plebanum
1190 1601 1221 1651 et
1238 1587 1419 1650 Johannem

161 1707 309 1754 sartorem
334 1692 428 1773 jurati
453 1693 718 1774 adjudicaverunt
741 1695 869 1756 racione
892 1693 1058 1756 cuiusdam
1084 1695 1210 1775 domus,
1237 1695 1325 1776 quod
1350 1715 1420 1778 pre·

162 1795 236 1859 latus
260 1799 415 1861 dominus
439 1800 592 1861 Nicolaus
617 1799 774 1882 plebanus
797 1801 829 1862 in
855 1799 912 1862 illo
936 1815 1122 1884 permaneat
1146 1801 1187 1862 ad
1211 1800 1299 1882 quod
1325 1799 1420 1862 habet

161 1904 288 1967 litoralia
316 1907 526 1969 instrumenta
553 1920 678 1984 nostra;
706 1906 746 1968 de
771 1925 836 1988 quo
868 1907 989 1988 judicio
1014 1921 1045 1969 et
1069 1907 1312 1988 adjudicacione
1337 1906 1418 1986 jura·

159 2027 258 2074 torum
283 2012 427 2096 prelatus
451 2014 613 2076 lohannes
629 2027 731 2076 sartor
754 2033 820 2075 non
844 2027 1013 2076 contentus
1037 2013 1210 2096 appellavit
1235 2014 1266 2074 in
1292 2033 1419 2096 presen-

160 2118 234 2180 ciam
260 2121 426 2182 seniorum
451 2120 595 2202 judicum
626 2139 697 2182 curn
731 2120 822 2184 totali
855 2139 949 2182 causa
973 2134 1004 2181 et
1035 2139 1186 2202 processu
1210 2119 1277 2180 suis
1309 2119 1418 2181 denuo

160 2224 371 2304 judicandam.

258 2351 338 2414 Item
364 2351 456 2431 jurati
482 2351 748 2432 adjudicaverunt
765 2369 893 2412 causam
918 2349 1000 2412 inter
1024 2349 1203 2411 Johannem
1229 2361 1370 2412 sutorem
1388 2363 1419 2410 et

160 2453 258 2518 Grexa
285 2456 482 2538 lutifigulum
507 2457 636 2519 racione
663 2456 828 2518 cuiusdam
850 2457 1009 2538 potencie,
1034 2456 1122 2538 quod
1147 2454 1288 2538 prelatus
1313 2454 1417 2517 Grexa

159 2577 264 2624 contra
290 2565 396 2646 ipsum
422 2563 602 2625 Johannem
635 2565 795 2626 asserebat
826 2577 856 2624 et
887 2563 1073 2625 testimonio
1106 2564 1318 2644 comprobare
1352 2581 1417 2623 non

158 2670 267 2748 potuit,
293 2670 349 2731 tali
375 2670 485 2748 modo,
509 2684 543 2732 ut
567 2671 635 2752 ipse
661 2669 766 2733 Grexa
791 2669 947 2752 prefatam
965 2669 1147 2752 potenciam
1172 2668 1333 2751 persolvat
1358 2667 1417 2750 ipsi

160 2773 294 2836 lohanni
320 2777 431 2838 sutori.

259 2900 337 2962 ltem
362 2901 456 2982 jurati
480 2901 747 2983 adjudicaverunt
763 2921 891 2964 causam
916 2901 998 2962 inter
1023 2901 1193 2962 dominum
1217 2921 1417 2983 gargyanum

157 3005 279 3069 claustri
304 3008 404 3069 sancti
430 3007 591 3069 Francisci
616 3021 647 3069 et
671 3007 875 3071 Clementem
896 3007 1017 3070 dictum
1043 3008 1261 3070 Kouchewich
1286 3007 1414 3068 racione

157 3114 319 3176 cuiusdam
345 3115 476 3198 dampni
501 3135 557 3197 per
590 3115 694 3197 ipsum
720 3114 924 3178 Clementem
958 3115 990 3175 in
1016 3113 1204 3176 molendino
1237 3113 1336 3194 ipsius
1360 3113 1417 3174 do-

157 3222 231 3282 mini
255 3223 410 3304 gargyani
435 3220 520 3300 lacti,
544 3221 600 3282 tali
631 3221 740 3299 modo,
773 3221 861 3303 quod
886 3219 1028 3302 prefatus
1061 3219 1212 3281 dominus
1236 3239 1418 3302 gargyanus

157 3329 257 3408 primo
275 3327 491 3408 juramentum
516 3327 680 3410 deponere
698 3327 828 3390 debebit
852 3346 942 3388 more
967 3325 1063 3388 solito
1081 3327 1112 3387 in
1133 3345 1182 3404 e0,
1207 3340 1241 3388 ut
1264 3327 1331 3408 ipse
1349 3345 1418 3408 pre-

158 3429 219 3494 lato
244 3433 407 3496 Clementi
433 3454 497 3496 non
523 3434 596 3516 plus
616 3453 714 3516 quam
731 3431 851 3496 ferrum
877 3433 977 3515 ipsius
994 3432 1184 3510 molendini,
1209 3431 1333 3513 lapides
1349 3451 1418 3493 mo·

160 3537 235 3600 lales
260 3553 291 3602 et
315 3540 414 3620 vulgo
438 3541 532 3621 groth
557 3541 678 3602 dictum
704 3539 744 3603 de
769 3539 839 3622 ipso
857 3537 1047 3601 molendino
1073 3538 1233 3600 commisit
1258 3538 1418 3620 recipere;

159 3645 298 3706 secundo
323 3665 419 3728 super
432 3665 640 3728 quocumque
657 3645 799 3729 prelatus
822 3665 1005 3728 gargyanus
1022 3643 1238 3726 juramentum
1256 3645 1418 3725 deponere

157 3750 295 3830 debebit,
321 3752 425 3834 ipsum
450 3751 628 3834 dampnum
652 3750 794 3834 prelatus
818 3751 972 3814 Clemens
995 3751 1120 3814 solvere
1144 3751 1315 3812 tenebitur.

260 3875 338 3938 Item
363 3877 457 3958 jurati
491 3875 757 3957 adjudicaverunt
788 3895 917 3938 causam
952 3875 1035 3938 inter
1067 3874 1263 3937 Dorotheum
1298 3875 1417 3956 Kerpa·

157 3981 299 4063 wycham
324 3995 356 4045 ct
380 3981 519 4044 Grexam
543 3981 740 4064 lutifigulum
767 3983 894 4045 racione
920 3981 1088 4044 cuiusdam
1113 3982 1261 4064 vituperii
1287 3995 1318 4043 et
1342 3983 1416 4042 sub·

156 4089 334 4150 sanationis
358 4108 416 4150 nec
441 4109 505 4151 non
531 4091 689 4172 potencie,
721 4110 819 4172 quam
851 4090 1115 4152 subsanacionem
1143 4101 1252 4150 contra
1276 4087 1416 4150 eundem

157 4195 289 4274 probare
315 4215 381 4257 non
406 4195 522 4277 potuit,
546 4209 577 4258 et
593 4197 742 4278 potencia
767 4197 928 4258 mediante
946 4195 985 4256 ad
1003 4195 1137 4256 domum
1163 4215 1252 4256 suam
1278 4195 1417 4273 intravit,

157 4301 186 4361 in
211 4321 294 4383 pena
318 4301 466 4384 potencie
492 4303 631 4364 eundem
658 4301 807 4381 Grexam,
833 4303 893 4364 hoc
918 4307 964 4364 e'st
989 4302 1020 4362 in
1045 4302 1075 4362 X
1099 4302 1222 4363 marcis.
1248 4301 1332 4382 (sic).

262 4425 340 4488 Item
365 4425 458 4506 jurati
483 4426 749 4506 adjudicaverunt
772 4447 900 4488 causam
926 4427 1007 4488 inter
1033 4425 1168 4487 Paulum
1193 4425 1332 4506 juratum
1358 4445 1414 4486 no-

156 4543 253 4592 strum
279 4532 472 4594 modernum
491 4547 521 4594 et
545 4533 726 4596 Johannem
751 4532 907 4616 Hwalych
926 4533 1053 4594 racione
1072 4531 1238 4593 cuiusdam
1263 4532 1416 4593 subsana-

156 4636 267 4715 cionis,
291 4657 353 4719 qua
378 4637 520 4721 prelatus
537 4638 700 4700 lohannes
722 4639 824 4721 ipsum
844 4638 1029 4700 subsanavit
1055 4651 1085 4699 et
1102 4650 1211 4698 contra
1237 4655 1312 4698 eum
1329 4655 1416 4698 corn·

157 4744 289 4822 probare
307 4734 372 4806 non
397 4745 513 4827 potuit,
530 4745 585 4806 tali
604 4745 714 4824 mod0,
732 4745 821 4827 quod
839 4743 979 4828 prelatus
1003 4744 1166 4806 lohannes
1183 4757 1291 4806 contra
1310 4744 1415 4826 ipsum

157 4847 291 4911 Paulum
315 4865 362 4912 est
386 4851 417 4912 in
443 4851 586 4934 dupplici
611 4851 685 4913 vivo
710 4851 863 4933 homagio
896 4853 1061 4913 convictus
1085 4864 1252 4932 propterea
1277 4851 1353 4932 quia
1371 4863 1418 4912 est

157 4953 294 5032 juratus;
318 4957 358 5018 de
382 4977 449 5039 quo
480 4977 546 5019 non
579 4971 749 5021 contentus
780 4959 866 5020 idern
899 4957 1062 5019 lohannes
1094 4958 1268 5039 appellavit
1298 4956 1338 5017 ad
1370 4975 1417 5016 se-

157 5063 263 5124 niores
291 5063 423 5145 judices.
