3694 5782
400 509 460 572 312
787 487 983 568 Ann01467.
1009 523 1050 532 —
1072 503 1105 564 9.
1122 490 1271 564 januarii.

510 703 587 764 ltem
621 703 696 785 quia
729 702 882 764 Clemens
915 702 1111 764 Bankowich
1144 702 1258 780 dictus,
1289 701 1329 763 de
1359 702 1532 784 Pobresya,
1557 713 1661 762 contra

402 811 557 892 Egidium
576 808 756 870 carnificem
782 809 821 870 de
839 808 946 869 Mlaka
963 808 1153 870 secundario
1171 809 1284 870 citatus
1309 809 1339 868 in
1358 807 1480 888 judicio
1497 827 1562 868 non
1580 827 1661 868 corn·

403 918 519 1000 paruit,
543 917 598 978 sed
624 916 699 997 quia
732 915 777 976 uti
803 915 896 976 nobis
928 915 1044 976 dicitur
1075 915 1143 996 ipse
1175 914 1327 977 Clemens
1358 918 1397 976 ad
1423 935 1553 997 presens
1585 927 1662 976 esset

404 1022 529 1101 debilis,
554 1043 630 1103 ergo
654 1041 762 1082 coram
787 1021 881 1081 nobis
905 1041 1090 1104 comparere
1115 1042 1180 1082 non
1205 1023 1319 1102 potuit.

508 1131 583 1191 ltem
603 1129 678 1210 quia
697 1127 821 1189 Blasius
838 1127 1016 1208 lutifigulus
1033 1143 1142 1190 contra
1161 1129 1324 1189 Vrbanum
1342 1142 1497 1190 sartorem
1515 1129 1661 1189 claudum

400 1237 591 1298 secundario
624 1236 737 1297 citatus
768 1247 878 1294 contra
909 1234 1060 1313 eundem,
1093 1253 1157 1295 non
1190 1235 1370 1316 comparuit
1394 1235 1426 1296 in
1459 1235 1580 1314 judicio
1613 1254 1662 1294 co-

401 1363 469 1404 ram
494 1344 597 1404 nobis.

508 1449 583 1510 Item
618 1450 649 1510 in
684 1448 767 1510 facto
803 1447 1057 1528 adjudicationis
1090 1467 1145 1528 per
1182 1445 1387 1528 magnificum
1420 1447 1589 1508 dominum
1613 1448 1663 1508 Jo-

403 1557 543 1618 hannem
568 1555 608 1617 de
634 1557 768 1636 Bozgon
794 1555 982 1635 magistrum
1010 1554 1258 1615 tawarnicorum
1290 1555 1459 1635 regalium,
1485 1556 1568 1617 inter
1595 1555 1663 1616 Bla-

403 1664 485 1724 sium
506 1663 643 1743 judicem
663 1661 875 1744 Ztoymylych
902 1661 1034 1738 dictum,
1059 1661 1097 1720 ab
1120 1681 1181 1720 una
1201 1673 1230 1720 et
1252 1661 1334 1721 inter
1351 1660 1516 1722 dominam
1542 1663 1662 1741 Marga-

404 1771 523 1830 retham
549 1770 691 1831 relictam
710 1785 740 1830 et
757 1769 921 1830 Thomam
946 1781 977 1828 et
1000 1767 1081 1828 alios
1098 1765 1181 1827 filios
1202 1767 1338 1826 condam
1357 1767 1482 1828 Nicolai
1500 1767 1661 1845 aurifabri,

403 1877 480 1937 olim
507 1875 621 1954 judicis
644 1889 674 1937 et
698 1875 776 1936 civis
801 1875 884 1934 dicte
917 1874 1062 1950 civitatis,
1096 1873 1224 1933 racione
1256 1874 1474 1934 concessionis
1499 1873 1610 1934 decem
1634 1887 1664 1934 et

402 1997 475 2044 octo
501 1981 569 2044 flor.
595 1983 674 2060 auri,
700 2001 756 2042 nec
781 2000 845 2042 non
872 1979 1065 2059 uniusequi,
1084 1978 1178 2038 unius
1201 1978 1377 2060 pec(h)arii,
1396 1999 1513 2042 novem
1539 1999 1665 2040 mensu·

403 2109 509 2151 rarum
536 2089 642 2166 tritici,
676 2087 849 2148 duodecim
883 2086 1078 2148 tunellarum
1109 2105 1281 2145 vacuarum
1315 2085 1377 2145 olei
1403 2101 1434 2146 et
1465 2087 1559 2146 unius
1584 2086 1662 2146 curri

403 2197 443 2256 de
468 2196 625 2256 asseribus
650 2215 747 2276 penes
771 2194 877 2255 literas
902 2191 1112 2252 sentenciales
1137 2190 1280 2250 eiusdem
1305 2191 1431 2251 domini
1456 2191 1613 2252 iohannis
1629 2192 1663 2250 de

405 2303 540 2382 Rozgon
563 2302 667 2362 taliter
701 2301 793 2380 jurati
827 2299 910 2360 dicte
935 2298 1071 2358 civitatis
1104 2299 1161 2378 ipsi
1188 2297 1294 2358 Blasio
1327 2297 1425 2376 judici
1450 2297 1663 2378 juramentum

405 2406 483 2469 feria
500 2423 586 2469 sexta
605 2407 749 2488 proxime
766 2419 899 2467 ventura
917 2405 1054 2465 solomet
1079 2405 1110 2464 in
1128 2424 1180 2464 ara
1205 2418 1311 2466 sancte
1329 2403 1443 2466 Crucis
1460 2406 1662 2486 prestandum

406 2514 436 2574 in
463 2533 501 2574 eo
527 2513 755 2594 deponendum
789 2525 884 2593 prout
916 2524 961 2570 est
993 2511 1180 2571 roboratum
1206 2525 1236 2571 et
1268 2511 1446 2589 inventum,
1471 2512 1513 2571 ita
1544 2526 1660 2586 tamen,

405 2619 494 2700 quod
527 2620 591 2700 ipse
618 2620 742 2680 Blasius
775 2618 871 2698 judex
902 2616 1113 2699 prescriptum
1147 2635 1277 2697 equum,
1307 2617 1436 2698 ciphum
1471 2630 1665 2698 argenteum,

406 2745 521 2785 novem
540 2745 705 2786 mensuras
721 2725 828 2802 tritici,
845 2724 1018 2784 duodecim
1036 2723 1174 2783 tunellas
1199 2737 1229 2784 et
1255 2743 1354 2784 unum
1373 2743 1501 2783 currum
1526 2741 1664 2783 asserum

406 2831 511 2892 eidem
537 2831 674 2891 condam
701 2831 837 2890 Nicolao
870 2829 967 2910 judici
993 2829 1200 2890 concessisset
1232 2841 1262 2890 et
1286 2848 1350 2888 nou
1376 2829 1589 2910 propinasset,
1613 2847 1665 2888 nec

406 2937 530 3017 aliquas
555 2938 724 3018 peccunias
750 2937 781 2996 in
805 2949 924 2996 sortem
949 2935 1124 2996 solutionis
1148 2935 1333 2996 earumdem
1360 2954 1465 2996 rerum
1490 2934 1664 2996 abeodem

406 3043 540 3104 Nicolao
557 3043 662 3123 judice
688 3043 896 3125 percepisset;
923 3043 997 3102 item
1023 3042 1110 3102 aliud
1129 3042 1344 3120 juramentum
1366 3061 1460 3124 super
1486 3043 1595 3103 valore
1619 3061 1665 3102 ea·

406 3150 552 3210 rumdem
578 3170 695 3226 rerum,
729 3149 878 3209 videlicet
908 3149 1041 3230 predicti
1075 3148 1161 3228 equi,
1186 3147 1270 3229 ciphi
1305 3148 1447 3228 argentei
1480 3162 1511 3209 et
1534 3149 1665 3208 aliarum

409 3276 515 3317 rerum
541 3256 627 3336 juxta
645 3256 905 3316 commissionem
925 3253 1064 3335 predicte
1082 3255 1243 3316 sentencie
1261 3255 1361 3334 ipsius
1373 3254 1499 3314 domini
1516 3252 1666 3315 lobannis

408 3362 446 3422 de
473 3363 619 3442 Bozgon,
644 3361 737 3442 jurati
763 3361 868 3423 taliter
900 3362 1101 3438 invenerunt,
1126 3361 1214 3441 quod
1249 3361 1315 3442 ipse
1343 3361 1466 3422 Blasius
1490 3359 1587 3440 judex
1611 3374 1665 3420 ter·

407 3469 541 3528 ciusmet
573 3489 645 3529 cum
679 3468 823 3550 personis
855 3467 975 3528 scilicet
1007 3467 1130 3527 civibus
1162 3467 1245 3527 dicte
1279 3466 1416 3528 civitatis
1448 3465 1561 3527 eadem
1593 3463 1666 3526 feria

407 3590 492 3635 sexta
517 3576 661 3656 proxime
687 3589 818 3635 ventura
847 3573 951 3652 jurare
983 3573 1144 3634 tenebitur
1170 3585 1201 3634 et
1225 3572 1400 3654 deponere,
1433 3587 1590 3654 quantum
1622 3591 1666 3631 res

408 3683 559 3764 premisse
584 3682 691 3742 valent
713 3701 769 3742 seu
793 3681 972 3758 valuerunt,
997 3693 1027 3740 et
1052 3680 1129 3740 dum
1162 3679 1289 3758 jurabit,
1314 3679 1402 3760 quod
1427 3693 1503 3740 tunc
1528 3679 1596 3760 ipsa
1620 3697 1665 3737 re·

407 3789 480 3849 licta
505 3801 535 3849 et
559 3787 615 3848 filii
634 3788 734 3869 ipsius
758 3787 895 3847 condam
914 3786 1039 3846 Nicolai
1058 3784 1209 3846 aurifabri
1234 3786 1274 3846 de
1292 3787 1387 3847 rebus
1412 3800 1443 3847 et
1459 3787 1553 3846 bonis
1571 3785 1665 3867 ipsius

408 3894 544 3954 condam
568 3893 691 3954 Nicolai
717 3891 867 3954 aurifabri
893 3911 993 3972 usque
1019 3892 1333 3972 quintumdecimum
1359 3893 1444 3954 diem
1464 3891 1563 3972 ipsius
1586 3889 1665 3973 jura·

408 4000 556 4060 mentalis
580 3999 795 4082 deposicionis
819 3999 922 4059 eidem
951 3998 1057 4074 Blasio
1080 3999 1177 4080 judici
1202 4000 1326 4059 solvere
1352 4000 1556 4062 tenebuntur.

514 4106 589 4166 ltem
623 4125 681 4186 pro
714 4105 864 4186 predictis
888 4105 999 4165 decem
1032 4119 1062 4166 et
1094 4117 1167 4166 octo
1199 4104 1268 4167 flor.
1298 4105 1366 4166 auri
1399 4105 1546 4166 similiter
1577 4104 1665 4184 jurati

408 4213 529 4272 eisdem
554 4212 784 4273 commiserunt
809 4211 913 4272 eidem
939 4211 1046 4271 Blasio
1071 4210 1174 4292 jurato
1207 4231 1308 4292 usque
1333 4211 1518 4292 quindecim
1544 4211 1665 4272 dierum

407 4319 549 4400 spacium
575 4320 700 4380 solvere
733 4320 928 4380 tenebuntur
960 4339 997 4378 ex
1022 4300 1072 4396 ἑο,
1104 4319 1179 4398 quia
1204 4319 1270 4399 ipse
1296 4319 1421 4380 Blasius
1450 4317 1546 4397 judex
1576 4317 1667 4379 habet

407 4427 514 4486 literas
539 4426 746 4504 obligatorias
771 4425 885 4504 judicis
909 4439 939 4484 et
963 4425 1139 4504 juratorum
1165 4425 1248 4486 dicte
1272 4425 1417 4486 civitatis.

514 4532 591 4594 ltem
618 4551 744 4592 causam
768 4533 848 4591 inter
873 4531 1036 4592 Thomam
1062 4529 1165 4592 filium
1190 4530 1327 4592 condam
1353 4531 1477 4594 Nicolai
1504 4531 1664 4607 aurifabri,

407 4655 441 4700 ut
466 4653 606 4699 actorem
639 4641 679 4700 ab
712 4659 785 4715 una,
810 4653 841 4699 et
873 4639 953 4698 inter
986 4637 1187 4699 Anthonium
1219 4637 1380 4698 seniorem
1413 4639 1553 4720 judicem
1586 4639 1664 4699 dicte

407 4746 542 4807 civitatis
579 4759 612 4806 ut
641 4746 672 4806 in
698 4764 825 4806 causam
857 4758 1036 4823 attractum,
1071 4745 1199 4806 racione
1231 4745 1429 4826 recepcionis
1453 4743 1664 4826 quorumdam

408 4853 546 4913 duorum
572 4854 707 4928 bovum,
740 4871 822 4932 quos
853 4851 920 4932 ipse
946 4851 1129 4912 Anthonius
1154 4851 1248 4932 judex
1281 4851 1409 4912 racione
1434 4849 1664 4912 verberationis

410 4958 576 5020 cuiusdam
604 4959 747 5020 mulieris
765 4957 887 5019 Croace
911 4971 1056 5040 tempore
1080 4959 1128 5019 sui
1154 4957 1311 5040 judicatus
1328 4977 1401 5019 cum
1426 4957 1536 5039 juratis
1552 4971 1663 5018 eotunc
