3738 5786
384 523 424 581 54
786 505 872 562 Anno
895 515 984 580 1453.
1010 537 1051 545 —
1076 497 1127 562 18.
1151 503 1231 562 maii.

381 714 615 778 informacione
640 716 758 778 sororis
782 715 882 797 ipsius
906 714 1072 776 Michaelis
1100 715 1132 774 in
1166 726 1233 775 arte
1257 713 1403 792 textoria,
1435 711 1526 775 uxori
1551 712 1642 792 legit-

380 824 457 884 time
482 823 648 885 Benedicti
674 821 808 905 Agnych
834 823 864 883 in
896 821 1000 903 specie
1026 821 1114 882 dedit
1134 822 1202 903 ipse
1219 817 1407 903 Gregurych
1424 820 1528 882 adhuc
1546 821 1644 898 solus,

382 929 479 990 aliatn
504 945 612 990 autem
643 929 849 991 medietatem
883 927 1027 990 eiusdem
1060 927 1142 989 milii
1171 927 1256 989 idem
1290 926 1475 1010 Gregurycz
1500 926 1645 988 vendidit

382 1051 413 1097 et
437 1037 589 1117 pecunias
602 1055 660 1118 pro
674 1036 792 1116 quibus
809 1035 956 1096 vendidit
971 1033 1092 1116 prefate
1106 1035 1195 1096 uxori
1214 1033 1314 1116 ipsius
1328 1034 1492 1096 Benedicti
1509 1032 1644 1116 Agnych

381 1162 439 1224 pro
465 1142 578 1203 eadem
596 1140 828 1203 informatione
845 1141 945 1222 ipsius
968 1141 1087 1202 sororis
1112 1140 1187 1202 dicti
1206 1139 1373 1202 Michaelis
1389 1140 1552 1222 persolvit,
1570 1140 1644 1200 ideo

382 1268 440 1310 nos
464 1248 603 1310 eundem
628 1248 826 1330 Stephanum
852 1248 1029 1310 institorem
1055 1267 1151 1329 super
1178 1247 1341 1330 premissis
1364 1245 1421 1308 Xll
1446 1247 1645 1328 quartalibus

381 1355 462 1416 milii
487 1354 687 1416 reddidimus
712 1353 779 1416 lore
804 1355 989 1437 expeditum
1018 1367 1050 1416 et
1073 1355 1230 1436 quietum.

487 1462 564 1524 ltem
590 1462 694 1522 Lucas
717 1461 840 1523 Arland
872 1463 976 1524 dictus
1008 1475 1118 1523 contra
1148 1461 1291 1522 Marcum
1324 1461 1469 1522 villicum
1502 1461 1644 1522 Abbacie

382 1569 473 1629 beate
498 1569 599 1630 Maria
623 1568 756 1649 virginis
780 1569 923 1630 secundo
946 1569 1060 1630 citatus
1083 1587 1147 1629 non
1173 1567 1364 1650 comparuit.

488 1675 566 1737 Item
591 1675 685 1757 jurati
721 1695 848 1738 causam
885 1677 966 1737 inter
990 1675 1190 1736 Demetrium
1223 1693 1363 1736 rasorem
1399 1692 1579 1756 pannorum
1613 1689 1644 1735 et

382 1782 464 1843 inter
489 1781 631 1844 Blasium
665 1781 872 1865 Kurmanych
897 1795 931 1842 ut
955 1794 1087 1861 actores,
1119 1796 1150 1842 et
1173 1781 1255 1843 inter
1287 1779 1480 1862 Gregorium
1506 1779 1645 1862 juratum

380 1887 484 1950 filium
509 1889 649 1972 Philippi
675 1889 707 1950 in
733 1909 861 1951 causam
878 1901 1058 1967 attractum,
1082 1888 1234 1968 habitam,
1259 1889 1298 1949 ad
1323 1889 1465 1972 primum
1489 1889 1644 1971 judicium

381 1995 525 2077 proxime
544 2015 714 2058 occurrens
727 2015 785 2078 pro
799 1994 886 2057 finali
901 1996 1001 2077 ipsius
1014 2015 1107 2057 cause
1124 1995 1367 2075 adjudicatione
1380 2008 1645 2078 prorogaverunt.

487 2101 565 2165 ltem
591 2103 752 2184 Georgius
775 2101 861 2164 filius
894 2102 1032 2164 condam
1056 2102 1223 2164 Benedicti
1255 2101 1325 2180 rufi,
1350 2102 1493 2164 secundo
1517 2123 1551 2164 se
1575 2122 1644 2184 per·

380 2209 468 2271 sonis
491 2209 552 2270 sibi
577 2209 736 2270 similibus
764 2229 862 2291 penes
896 2209 1085 2270 effusionem
1117 2209 1282 2290 sanguinis
1316 2223 1425 2271 contra
1451 2208 1645 2290 Gregorium

381 2315 585 2377 Procertham
611 2329 725 2378 octavo
750 2316 801 2376 die
835 2336 930 2397 super
961 2335 1048 2377 aram
1072 2315 1189 2396 jurabit
1221 2335 1316 2398 super
1340 2335 1390 2396 eo,
1415 2329 1450 2378 ut
1473 2315 1541 2398 ipse
1566 2315 1644 2379 Gre-

379 2423 489 2504 gorius
514 2423 661 2484 Procerta
688 2422 792 2504 ipsum
819 2420 997 2502 Georgium
1021 2442 1116 2504 super
1140 2441 1271 2483 manum
1297 2423 1457 2485 mactavit.

487 2528 563 2589 Item
590 2527 767 2611 Elyzabeth
793 2528 876 2590 dicta
903 2528 1004 2589 Kussa
1034 2528 1143 2590 relicta
1174 2527 1310 2590 condam
1339 2529 1429 2590 Pauli
1455 2527 1644 2611 Doklenych

381 2634 523 2697 secundo
545 2655 578 2696 se
610 2635 755 2716 personis
787 2654 886 2717 penes
917 2633 1106 2696 effusionem
1138 2635 1304 2716 sanguinis
1335 2648 1367 2696 et
1387 2655 1487 2718 penes
1517 2655 1644 2718 percus·

381 2741 505 2802 sionem
530 2754 644 2802 octavo
670 2741 721 2802 die
739 2761 834 2823 super
858 2761 896 2802 eo
913 2760 1009 2822 super
1025 2759 1111 2802 aram
1136 2755 1244 2802 contra
1263 2739 1456 2822 Gregorium
1482 2742 1643 2804 literatum

379 2847 507 2928 jurabit,
539 2861 573 2908 ut
597 2847 665 2928 ipse
698 2845 873 2928 Gregorius
905 2847 1007 2928 ipsam
1040 2846 1217 2929 Elyzabeth
1249 2847 1417 2909 mulierem
1449 2867 1505 2930 per
1529 2847 1644 2912 faciem

380 2954 586 3036 percussisset
611 2972 711 3036 usque
737 2953 777 3014 ad
801 2954 966 3035 sanguinis
990 2952 1190 3016 effusionem.

485 3060 562 3122 ltem
588 3061 726 3122 lacobus
750 3059 891 3142 frenipar
916 3061 990 3122 bina
1015 3061 1084 3122 vice
1110 3075 1219 3122 contra
1245 3061 1387 3122 lvvanum
1412 3062 1534 3124 dictum
1552 3063 1644 3125 Turk

381 3186 437 3249 per
460 3167 720 3229 commissionem
745 3167 860 3249 judicis
884 3181 915 3229 et
938 3167 1115 3250 juratorum
1141 3167 1173 3228 in
1198 3166 1354 3248 judicium
1379 3187 1444 3230 non
1469 3170 1566 3233 venit.

540 3383 636 3457 laria
664 3394 761 3458 sextu
790 3389 945 3476 proxima
982 3395 1060 3459 ante
1088 3388 1210 3460 festum
1239 3388 1486 3461 Penthecostes.

922 3537 986 3617 (18.
1008 3541 1102 3618 maie).

438 3719 440 3723 -
487 3680 566 3742 ltem
591 3681 705 3743 Vraula
729 3679 793 3743 filia
819 3682 958 3744 condam
980 3683 1090 3744 Jacobi
1115 3683 1348 3767 Zuholowlych
1373 3685 1482 3748 relicta
1506 3686 1643 3748 condam

383 3787 513 3850 Thome
538 3787 695 3850 carnificis
718 3789 794 3850 dicti
821 3789 942 3862 Kozak‚
964 3803 1105 3851 nostram
1130 3791 1263 3852 veniens
1280 3792 1311 3852 in
1337 3791 1535 3873 presenciam
1552 3793 1646 3854 nobis

383 3914 422 3956 co
447 3894 546 3956 modo
571 3894 748 3974 significare
774 3897 905 3974 curavit,
930 3910 965 3957 ut
992 3896 1131 3978 quedam
1155 3898 1235 3958 silva
1268 3898 1299 3959 in
1324 3898 1485 3960 territorio
1509 3899 1645 3960 civitatis

382 4001 414 4062 in
438 4001 601 4062 vicinitate
625 4001 703 4063 silve
728 4002 905 4064 liberorum
927 4003 1065 4064 condam
1085 4003 1240 4065 lohannis
1263 4003 1365 4088 Bolye
1390 4005 1466 4068 dicti
1491 4019 1521 4067 et
1546 4005 1644 4067 Seba-

382 4107 479 4168 stiani
504 4106 658 4168 Zoldinar
681 4107 800 4186 habita,
825 4109 959 4190 predicti
984 4109 1094 4170 Jacobi
1119 4110 1216 4191 patris
1241 4111 1340 4193 ipsius
1364 4111 1477 4173 Vrsule
1501 4111 1646 4174 mulieris

383 4212 574 4274 hereditaria
598 4233 724 4296 semper
748 4213 808 4274 luit
840 4228 871 4277 et
892 4229 964 4296 post
996 4229 1131 4278 mortem
1157 4217 1256 4299 ipsius
1288 4218 1397 4280 Jacobi
1423 4237 1518 4300 super
1542 4219 1645 4300 ipsam

382 4319 529 4380 Vrsulam
555 4318 654 4381 filiam
673 4339 762 4382 suam
788 4321 855 4403 jure
880 4321 1074 4384 hereditario
1098 4323 1183 4405 juxta
1202 4325 1302 4407 ipsius
1318 4326 1454 4388 civitatis
1479 4325 1644 4407 antiquam

381 4427 646 4489 consvetudinem
671 4442 701 4490 et
725 4428 960 4510 privilegiatam
994 4430 1174 4492 libertatem
1206 4432 1336 4494 nemine
1360 4433 1488 4515 penitus
1520 4447 1645 4495 contra-

382 4534 508 4595 dicente
532 4534 591 4596 rite
617 4548 647 4596 et
670 4535 827 4615 legittime
858 4549 905 4598 est
936 4537 1097 4616 devoluta,
1122 4538 1153 4598 in
1187 4539 1277 4600 cuius
1308 4539 1456 4602 dominio
1480 4555 1545 4603 tam
1579 4541 1645 4623 ipse

382 4641 520 4702 lacobus
551 4655 640 4723 pater
670 4641 768 4723 ipsius
798 4642 911 4704 Vrsule
942 4663 1038 4724 quam
1064 4644 1131 4726 ipsa
1156 4645 1269 4707 Vraula
1300 4647 1456 4708 muliera
1488 4649 1647 4709 memoria

380 4745 549 4808 hominum
571 4747 701 4829 pacifice
714 4769 839 4831 semper
859 4750 1033 4831 permansit
1046 4751 1136 4812 nullo
1150 4752 1277 4833 penitus
1298 4753 1531 4814 contradictore
1549 4773 1645 4835 appa·

380 4867 487 4930 rente3
505 4867 535 4915 et
552 4855 639 4934 quod
657 4855 747 4918 litera
764 4855 972 4938 privilegialis
992 4877 1050 4939 pro
1067 4871 1155 4939 parte
1172 4857 1285 4940 prefati
1303 4859 1413 4922 Jacobi
1431 4861 1528 4942 patris
1546 4861 1645 4945 ipsius

380 4961 497 5021 Vrsule
525 4961 668 5022 mulieris
690 4981 784 5045 super
815 4963 927 5025 eadem
960 4963 1039 5026 silva
1071 4963 1216 5028 conlecta
1245 4981 1276 5028 et
1307 4981 1454 5030 emanata
1479 4968 1646 5030 casualiter
