3838 5786
418 517 483 574 4¹0
801 505 886 562 Anno
917 519 1007 582 1472.
1031 539 1075 548 -
1092 520 1149 582 30·
1173 507 1300 566 octobris.

491 755 584 828 Ferin
615 771 710 830 sexta
750 760 901 848 proxima
941 773 1016 852 post
1056 763 1176 834 testum
1206 765 1293 834 beati
1326 765 1414 851 regis
1443 763 1610 851 Stephani.

938 917 998 991 (21.
1022 918 1164 992 erogasti).

525 1052 602 1114 Item
628 1075 756 1117 causam
783 1057 864 1118 inter
881 1056 1023 1120 relictam
1043 1055 1212 1140 Paukoycz
1237 1071 1267 1118 et
1285 1057 1366 1118 inter
1391 1058 1580 1140 Myrkonem
1600 1058 1682 1139 agri·

418 1157 521 1219 colam
547 1161 675 1224 racione
700 1163 931 1244 apreciacionis
963 1164 1129 1224 cuiusdam
1155 1177 1237 1225 terre
1270 1164 1409 1242 arabilis,
1433 1163 1526 1244 jurati
1553 1164 1683 1226 invene-

418 1279 501 1344 runt,
525 1267 613 1348 quod
632 1268 699 1350 ipsa
714 1289 779 1330 non
797 1283 902 1352 potest
918 1271 958 1331 ab
977 1269 1093 1331 eodem
1117 1271 1273 1352 Myrkone
1288 1271 1428 1352 recipere
1447 1271 1547 1353 ipsam
1565 1284 1682 1332 terram

417 1390 585 1453 quousque
611 1375 678 1456 ipse
702 1377 859 1438 solusmet
883 1377 967 1438 colet
992 1377 1091 1458 ipsam
1118 1391 1245 1438 terram.

523 1497 600 1559 ltem
626 1519 752 1561 causam
779 1501 861 1562 inter
885 1501 1038 1563 Mathiam
1069 1501 1253 1585 Rukowzky
1286 1501 1428 1562 nobilem
1455 1501 1494 1562 de
1521 1501 1680 1580 Marencz,

417 1615 451 1662 ut
474 1617 627 1684 actorem,
652 1621 682 1666 et
707 1607 788 1669 inter
814 1608 956 1668 Marcum
982 1607 1188 1689 jobagionem
1212 1608 1251 1670 de
1269 1608 1394 1686 eadem,
1419 1606 1521 1669 filium
1548 1609 1683 1688 Mathie,

416 1709 546 1772 racione
564 1712 827 1797 interemptionis
843 1715 1005 1776 Valentini
1025 1714 1081 1776 filii
1108 1715 1207 1797 ipsius
1225 1715 1343 1776 Mathie
1369 1715 1567 1798 Bulrowzky,
1584 1735 1682 1796 quem

416 1816 576 1880 interemit
601 1819 737 1882 Mathias
769 1821 962 1904 Sylkowych
995 1822 1035 1884 de
1061 1821 1181 1900 Otholr,
1218 1823 1285 1904 ipse
1319 1823 1444 1883 Marcus
1468 1821 1571 1899 jurare
1595 1837 1682 1884 tene-

416 1923 501 1984 bitur
525 1926 769 2006 quintodecimo
788 1927 839 1989 die
866 1929 896 1988 in
914 1949 967 1989 ara
984 1943 1092 1990 sancte
1117 1927 1231 1990 Crucis
1256 1929 1287 1988 in
1305 1927 1438 1989 ecclesia
1456 1943 1563 1990 nostra
1581 1930 1681 1990 sancti

416 2031 514 2092 Marci
547 2032 578 2093 in
612 2053 662 2112 eo,
694 2035 806 2115 viginti
840 2036 984 2117 quinque
1017 2035 1162 2117 personis
1193 2035 1252 2096 sibi
1285 2034 1464 2113 similibus,
1501 2035 1590 2116 quod
1615 2037 1681 2117 ipse

416 2137 541 2198 Marcus
566 2159 603 2200 ex
636 2140 726 2202 nullo
758 2141 830 2203 zelo
860 2161 917 2203 nec
951 2141 1146 2223 precogitare
1181 2141 1318 2219 malicia,
1350 2160 1408 2202 nec
1433 2155 1569 2203 mortem
1595 2143 1682 2223 cogi-

413 2243 513 2304 tando
537 2245 620 2307 velle
652 2267 725 2308 eum
760 2247 912 2310 Mathiam
947 2247 1150 2332 Sylkowych,
1174 2247 1289 2328 jurare,
1323 2247 1427 2328 ipsum
1460 2247 1681 2326 Valentinum,

415 2367 472 2410 nec
497 2350 600 2432 ipsum
627 2352 834 2415 Valentinum
859 2355 1032 2416 alliciendo
1058 2355 1161 2435 ipsum
1187 2352 1375 2431 interficere,
1399 2355 1572 2416 tenebitur.

521 2473 597 2536 Item
624 2476 826 2560 Gasparycza
850 2477 954 2558 jurare
978 2479 1138 2540 tenebitur
1162 2492 1276 2539 octavo
1301 2478 1352 2538 die
1378 2477 1524 2539 datarum
1549 2498 1679 2561 presen-

413 2579 517 2659 cium,
548 2582 636 2662 quod
669 2584 735 2665 ipsa
768 2604 832 2646 non
865 2583 1030 2646 remiserat
1069 2583 1205 2646 fundum
1238 2603 1331 2646 suum
1365 2603 1503 2646 vacuum
1536 2586 1679 2646 condam

415 2687 508 2748 Petro
533 2690 654 2772 Zayecz
680 2705 810 2774 propter
834 2691 973 2774 dampna
998 2693 1115 2754 domus
1139 2691 1293 2754 eiusdem.

520 2813 597 2876 ltem
631 2817 831 2897 Margaretba
864 2817 972 2878 relicta
1006 2817 1105 2898 ipsius
1138 2816 1274 2877 condam
1309 2815 1392 2877 Petri
1426 2816 1549 2900 Zayccz
1574 2815 1679 2897 jurare

412 2922 574 2983 tenebitur
591 2923 705 2985 eodem
719 2925 771 2986 die
789 2939 944 3006 quantum
964 2925 1110 3006 exposuit
1127 2924 1174 2984 vir
1191 2943 1266 2985 suus
1279 2942 1375 3004 super
1392 2923 1528 2984 eandem
1543 2923 1677 2984 domum

412 3047 503 3088 suam
529 3045 559 3090 et
583 3044 738 3111 quantum
765 3031 904 3114 dampna
929 3051 1019 3114 passa
1045 3045 1111 3108 est;
1143 3044 1174 3092 et
1199 3030 1274 3091 dum
1301 3029 1427 3110 jurabit,
1464 3043 1539 3090 tunc
1565 3031 1677 3114 Elyza·

414 3132 487 3193 beth
505 3136 666 3198 tenebitur
689 3138 812 3198 solvere
830 3137 970 3219 dampna
988 3151 1144 3218 quantum
1163 3135 1309 3218 exposuit
1323 3135 1390 3217 ipse
1410 3135 1547 3196 condam
1568 3136 1678 3197 Petrus

413 3253 443 3300 et
467 3240 533 3322 ipsa
559 3243 666 3304 relicta
697 3244 780 3306 Petri
806 3245 939 3328 Zayecz.

519 3367 595 3428 ltcm
621 3369 767 3430 terciario
793 3370 1026 3451 proclamatum
1053 3381 1098 3429 est
1115 3368 1243 3430 racione
1268 3382 1349 3429 terre
1367 3367 1496 3428 arabilis
1520 3382 1552 3428 et
1569 3365 1677 3429 fertilis

412 3469 550 3534 filiorum
578 3475 715 3535 condam
740 3476 820 3537 Pero
837 3475 982 3553 Wolani,
1008 3488 1038 3536 et
1055 3475 1163 3535 nullus
1188 3495 1225 3536 ex
1251 3474 1296 3535 eis
1312 3473 1503 3555 comparuit,
1529 3493 1587 3535 nec
1605 3493 1676 3555 pro·

412 3591 537 3639 curator
561 3580 677 3661 aliquis
700 3601 757 3664 pro
783 3581 838 3659 eis,
861 3601 918 3642 nec
943 3581 1074 3643 amicus.

517 3704 594 3765 ltem
621 3725 700 3766 uxor
726 3705 879 3788 Stephani
898 3705 1040 3767 Bertbun
1065 3719 1176 3767 contra
1192 3705 1393 3788 supradictos
1408 3704 1557 3766 terciario
1582 3705 1675 3766 citata

411 3829 476 3871 non
502 3813 691 3893 comparuit.

517 3918 594 3979 ltem
620 3939 699 3980 uxor
717 3921 805 3982 Jurse
823 3920 962 4001 agricole
987 3919 1092 4002 jurare
1116 3919 1278 3982 tenebitur
1295 3918 1410 3981 eodem
1429 3918 1481 3980 die
1499 3919 1675 3997 terciamet,

411 4023 499 4105 quod
524 4025 590 4106 ipsa
617 4046 681 4086 non
707 4026 885 4089 diffamavit
917 4047 1049 4088 uxorem
1081 4026 1207 4088 Nicolai
1239 4026 1349 4107 generi
1374 4025 1592 4110 Zmolichycz,
1618 4045 1675 4086 nec

411 4130 482 4191 aliis
505 4131 598 4192 malis
622 4133 728 4194 verbis
751 4133 865 4196 affecit.

499 4365 595 4439 Feria
624 4377 723 4440 sexta
752 4373 905 4458 proxima
934 4379 1012 4443 ante
1040 4372 1163 4442 testum
1192 4369 1345 4442 Omnium
1374 4372 1584 4442 Sanctorum.

925 4525 989 4600 (30.
1014 4524 1155 4597 octobrio).

515 4661 592 4722 ltem
619 4663 694 4743 quia
719 4662 916 4725 Cristoiorus
947 4663 1129 4744 gladiorum
1157 4677 1308 4746 purgator
1344 4684 1416 4726 cum
1442 4677 1593 4726 consorte
1618 4683 1673 4725 sua

409 4769 517 4828 relicta
543 4769 680 4829 condam
707 4769 790 4831 Petri
809 4771 962 4831 institoris
980 4771 1255 4854 Zayeczapameth
1275 4772 1392 4850 vocati,
1416 4772 1544 4832 racione
1562 4771 1673 4852 damp-

409 4896 536 4953 norum,
562 4896 625 4956 que
650 4877 789 4958 dampna
814 4879 925 4939 domui
951 4893 982 4939 et
1006 4880 1123 4940 celario
1148 4880 1290 4940 eiusdem
1320 4878 1457 4939 condam
1483 4879 1565 4938 Petri
1585 4879 1670 4938 insti-

409 4985 485 5043 toris
511 4984 548 5042 de
575 4983 676 5044 fundo
712 5005 813 5046 vacuo
837 5001 867 5047 et
899 4986 1025 5048 deserto
1057 4987 1165 5048 relicte
1198 4986 1335 5048 condam
1369 4985 1519 5068 Gasparis
1556 4986 1669 5048 literati
