3644 5788
555 533 757 614 Ann01461.
782 569 823 581 -
848 547 894 612 15.
923 533 1010 598 maii.
1356 554 1416 617 203

256 749 336 811 ltem
361 769 490 810 cauum
515 749 598 810 inter
616 749 785 810 dominum
810 749 971 810 Abbatem
988 767 1046 810 nec
1072 767 1137 810 non
1156 749 1285 811 Petrum
1311 763 1341 810 et
1366 749 1417 810 Jo-

158 855 293 916 hennem
319 854 495 938 llanychyn
520 853 687 934 carnificis,
712 854 905 916 dimiserunt
929 854 969 916 ad
998 855 1156 916 decanum
1181 853 1364 917 carnificum
1388 867 1419 916 et

159 963 233 1023 alios
257 960 443 1023 carnificum
461 962 641 1044 magistros,
658 961 684 1022 si
703 961 823 1022 ibidem
841 961 1037 1023 concordare
1058 975 1220 1042 poterunt,
1238 961 1292 1022 ubi
1310 975 1416 1022 autent

158 1068 348 1130 concordare
373 1087 438 1130 non
463 1079 625 1151 poterunt,
650 1067 785 1130 eandem
808 1087 938 1130 causam
963 1066 1003 1128 ad
1021 1067 1162 1149 primum
1187 1065 1344 1148 judicium
1361 1066 1417 1128 ite-

158 1193 218 1236 rum
247 1172 421 1237 finiendam
447 1187 661 1257 prorogarunt
684 1185 716 1237 et
739 1173 989 1236 discuciendam.

256 1279 336 1342 ltem
353 1299 482 1342 causam
507 1279 590 1342 inter
606 1279 822 1342 Laurencium
840 1299 952 1362 sporar
968 1292 999 1342 et
1017 1279 1099 1342 inter
1115 1279 1260 1342 relictam
1278 1277 1416 1340 condam

159 1385 286 1469 Georgii
310 1386 578 1449 molendinatorie
601 1387 730 1448 racione
754 1385 932 1448 oblacionis
960 1385 1171 1468 quadraginta
1196 1385 1266 1448 flor.
1291 1384 1416 1468 adjudi-

159 1505 314 1571 caverunt,
338 1493 426 1574 quod
451 1492 519 1575 ipsa
543 1491 652 1554 relicta
678 1490 809 1573 Georgii
838 1492 1106 1554 molendinatoris
1130 1491 1295 1554 terciamet
1311 1490 1416 1572 jurare

159 1597 282 1662 debebit
305 1597 384 1662 feria
407 1599 504 1661 tercia
528 1599 674 1682 proxima
698 1612 772 1662 ante
797 1597 930 1680 Georgii
954 1599 986 1660 in
1011 1617 1062 1677 eo,
1086 1597 1174 1679 quod
1199 1597 1266 1680 ipsa
1291 1596 1337 1658 nil
1362 1595 1413 1659 vel

159 1725 265 1788 parum
290 1705 328 1766 de
353 1705 447 1768 bonis
471 1705 570 1788 ipsius
603 1705 774 1768 Laurencii
806 1704 925 1788 Sporar
948 1718 980 1767 et
1011 1704 1149 1767 condam
1181 1703 1313 1766 domine
1340 1722 1414 1766 con·
1477 1711 1480 1720 “

159 1813 244 1874 sortis
268 1832 324 1874 sue
349 1811 529 1894 recepisset.

257 1917 335 1980 ltem
360 1936 488 1979 causam
521 1917 603 1979 inter
626 1917 830 1980 Clementem
854 1914 1049 1999 freniparem
1085 1929 1116 1978 et
1141 1914 1344 1998 Stephanych
1369 1915 1417 1998 ju·

162 2037 267 2099 ratum,
293 2022 559 2104 adjudicaverunt
582 2024 801 2105 proquodam
826 2043 923 2106 equo,
948 2022 1035 2104 quod
1054 2022 1122 2104 ipse
1140 2041 1242 2103 equus
1265 2033 1313 2084 est
1329 2021 1416 2082 illius

160 2129 371 2209 qui.eundem
405 2129 493 2207 emit,
517 2147 555 2190 ex
588 2148 637 2208 en,
670 2129 746 2210 quia
780 2130 847 2212 ipae
879 2129 1018 2192 eundem
1051 2127 1207 2190 redimere
1232 2126 1336 2188 noluit
1359 2146 1416 2209 per

160 2233 429 2314 adjudicacionem
454 2233 580 2315 judicis,
605 2255 700 2317 super
724 2254 787 2317 qua
805 2236 994 2318 receptione
1016 2251 1046 2296 et
1069 2233 1298 2316 redempcione
1316 2233 1416 2316 ipsius

160 2341 227 2421 equi
251 2341 380 2402 termini
397 2337 527 2402 fuerunt
550 2341 712 2423 preteriti;
736 2341 776 2403 de
794 2361 859 2423 quo
882 2341 1003 2423 judicio
1020 2339 1162 2424 prelatus
1178 2340 1332 2403 Clemens
1349 2358 1413 2401 non

161 2459 320 2508 contentus
344 2467 472 2509 causam
497 2447 598 2530 ipsam
620 2447 660 2509 ad
685 2448 828 2510 seniores
851 2447 973 2529 judices
997 2447 1182 2530 appellavit.

434 2645 532 2721 ieris
559 2651 667 2722 tercia
694 2656 774 2722 ante
802 2647 938 2740 Georgii
965 2653 1131 2740 proxima.

673 2801 735 2878 (21.
759 2803 887 2880 aprilis).

258 2940 336 3004 ltem
353 2941 457 3005 Frane
481 2941 722 3006 molendinator
739 2957 849 3006 contra
867 2942 978 3006 fratres
994 2945 1181 3007 monasterii
1198 2945 1298 3007 sancti
1315 2945 1413 3008 Fran·

162 3045 227 3108 cisci
252 3047 399 3131 deposuit
422 3047 639 3130 juramentum
659 3048 816 3112 solusmet
840 3063 874 3112 ut
897 3050 1045 3129 debebat,
1069 3064 1104 3114 ut
1121 3051 1188 3132 ipse
1213 3051 1245 3112 in
1271 3050 1413 3113 destruc-

160 3151 245 3214 cione
267 3153 445 3216 molendini
470 3155 625 3217 innocens
649 3169 732 3218 esset
755 3169 786 3219 et
813 3155 966 3234 inmunis,
992 3175 1050 3218 nec
1074 3156 1208 3238 aliquod
1233 3156 1411 3240 dampnum

161 3257 189 3318 in
211 3259 322 3321 eodem
346 3260 468 3323 eisdem
493 3261 674 3343 irrogasset.

256 3365 332 3428 ltem
357 3364 471 3429 Gallus
494 3365 579 3429 filius
603 3365 748 3430 eiusdem
773 3366 876 3430 Frane
901 3367 1001 3430 modo
1022 3369 1120 3430 simili
1145 3381 1256 3430 contra
1280 3367 1412 3430 eosdem

161 3466 263 3533 iratres
284 3473 421 3556 prestitit
444 3473 559 3535 eodem
584 3473 694 3537 modo.

258 3577 333 3640 item
357 3577 493 3661 provida
510 3579 626 3641 mulier
643 3578 821 3663 Elyzabeth
847 3593 971 3660 vocata,
988 3581 1098 3644 relicta
1123 3581 1261 3644 condam
1279 3580 1412 3664 Georgii

161 3683 427 3764 molendinatoris‚
460 3698 570 3747 contra
595 3686 809 3747 Laurencium
843 3706 954 3768 sporar
985 3687 1118 3766 dictum,
1146 3687 1284 3768 juratum
1309 3688 1411 3750 civem

161 3786 239 3850 dicte
260 3791 405 3870 civitatis,
430 3790 544 3853 eadem
559 3789 636 3854 feria
653 3792 751 3855 tercia
776 3792 991 3874 juramentum
1008 3794 1173 3856 terciamet
1196 3794 1229 3855 in
1256 3813 1306 3873 eo,
1323 3794 1412 3876 quod

160 3891 223 3974 ipsa
246 3895 275 3957 in
297 3897 487 3980 recepcione
513 3899 674 3960 bonorum
699 3919 831 3962 suorum
857 3913 888 3962 et
916 3901 1024 3962 uxoris
1049 3901 1162 3963 suein
1187 3901 1278 3963 nullo
1303 3899 1412 3983 culpa-

161 3998 230 4060 bilis
252 4017 338 4083 esset,
363 4003 510 4086 prestitit.

259 4108 333 4172 ltem
358 4111 477 4173 Micula
509 4109 594 4173 filius
626 4109 712 4174 Galli
748 4112 825 4173 civis
856 4111 940 4174 dicte
978 4113 1115 4176 civitatis
1148 4133 1205 4184 pro
1229 4114 1410 4196 suspicione

160 4217 345 4296 receptionis
359 4217 455 4279 unius
470 4217 591 4299 galline
617 4217 727 4297 Lucio,
751 4231 862 4280 contra
879 4219 1016 4280 eandem
1034 4219 1249 4300 juramentum
1274 4221 1411 4304 prestitit

161 4318 190 4379 in
204 4337 251 4395 eo,
263 4323 348 4403 quod
362 4324 430 4406 ipse
440 4323 472 4384 in
482 4323 703 4406 reperdicione
713 4323 814 4406 ipsius
827 4325 946 4406 galline
957 4325 1107 4386 innoxius
1120 4339 1201 4387 esset
1214 4339 1245 4388 et
1256 4325 1409 4390 inmunis.

258 4520 350 4597 ieris
377 4534 475 4599 sexta
505 4529 660 4616 proxima
683 4535 760 4617 post
787 4528 909 4600 festum
937 4527 1153 4602 ascensionis
1181 4527 1320 4613 Domini,

556 4670 643 4724 anno
672 4649 853 4726 ucceclx
881 4655 999 4743 primo.

682 4788 743 4864 (15.
768 4789 863 4866 mair).

262 4905 334 4970 ltenr
358 4910 504 4972 Andreas
520 4923 630 4972 tunsor
650 4931 833 4994 pannorum
857 4927 966 4975 contra
985 4913 1092 4979 Claws
1109 4915 1280 5000 loriparem
1298 4934 1409 4980 secun·

163 5007 251 5073 dario
272 5013 380 5079 citatus
401 5035 467 5080 non
491 5018 671 5103 comparuit
694 5018 725 5082 in
750 5017 881 5102 judicio.
