3738 5786
398 576 463 628 'too
763 569 850 626 Anno
873 579 961 644 1455.
987 602 1027 610 —
1054 581 1101 644 14.
1126 569 1292 627 novembris.

398 780 511 859 geliste
543 780 696 863 predicte,
728 799 835 842 coram
868 778 978 860 juratis
1010 793 1142 858 motam,
1175 779 1229 841 tali
1263 779 1372 858 mod0,
1401 793 1436 842 ut
1459 780 1534 862 quia
1571 795 1666 842 testes

399 887 546 969 producti
578 907 634 969 per
667 887 771 969 ipsum
805 887 973 948 dominum
1008 886 1176 946 Nicolaum
1212 887 1386 967 plebanum
1413 887 1444 948 in
1478 887 1665 948 testimonio

398 1013 463 1055 non
489 994 776 1072 concordaverunt,
802 1008 831 1055 et
849 993 924 1074 quia
950 993 1051 1053 eciam
1069 1011 1134 1053 non
1159 1005 1233 1053 sunt
1257 1012 1316 1054 nec
1333 992 1463 1056 fuerunt
1487 994 1573 1056 cives
1590 993 1664 1055 ideo

399 1101 457 1182 ipsi
483 1101 575 1181 jurati
595 1115 820 1162 testamentum
839 1101 991 1181 scriptum
1018 1097 1130 1180 prelati
1150 1097 1298 1181 Gregorii
1318 1099 1463 1182 llenltyn,
1487 1099 1576 1181 quod
1594 1101 1662 1182 ipse

399 1209 429 1268 in
456 1208 570 1269 ultimo
595 1227 654 1269 suo
679 1223 755 1268 voto
779 1207 874 1268 scribi
910 1219 941 1268 et
966 1225 1021 1287 per
1045 1206 1214 1266 dominum
1241 1205 1431 1268 Michaelem
1458 1207 1662 1288 capellanum

399 1315 497 1395 ipsius
522 1314 645 1375 domini
674 1313 797 1374 Nicolai
823 1313 951 1394 plebani
978 1326 1008 1373 et
1033 1331 1088 1393 per
1113 1311 1293 1374 iohannem
1318 1312 1458 1394 judicem
1485 1313 1661 1396 Perowych

397 1420 517 1481 dictum
544 1435 575 1480 et
599 1440 656 1502 per
681 1420 817 1480 Paulum
842 1433 984 1480 sutorem
1009 1419 1094 1480 cives
1130 1419 1266 1480 civitatis
1289 1420 1430 1502 predicte
1456 1421 1487 1481 in
1513 1419 1609 1481 fidem
1634 1435 1666 1482 et

397 1529 617 1589 testimonium
644 1548 700 1589 sue
717 1527 954 1589 testamentarie
973 1527 1149 1608 legacionis
1165 1529 1280 1608 sigillis
1297 1549 1409 1589 eorum
1426 1529 1559 1609 sigillari
1577 1527 1661 1606 lecit,

397 1635 524 1715 penitus
557 1633 845 1711 confirmaverunt,
878 1633 1099 1696 testimonium
1124 1647 1230 1694 autem
1265 1635 1363 1717 ipsius
1387 1635 1510 1696 domini
1536 1634 1662 1695 Nicolai

398 1741 526 1822 plebani
553 1760 610 1822 pro
628 1740 748 1802 nichilo
773 1754 1001 1823 reputaverunt
1025 1753 1055 1800 et
1079 1741 1206 1822 penitus
1230 1741 1465 1804 anullaverunt.

503 1847 579 1908 ltem
607 1849 631 1910 J.
658 1847 743 1908 lilius
761 1847 903 1928 Dwoyelt
923 1846 1088 1908 Michaelis
1105 1859 1215 1908 contra
1233 1847 1398 1909 dominam
1417 1853 1544 1909 Annam
1568 1848 1660 1909 relic·

395 1968 459 2015 tam
476 1953 556 2015 Pero
569 1953 662 2034 jurati
681 1953 713 2014 in
731 1953 814 2015 lacto
828 1953 1047 2014 desecacionis
1066 1953 1146 2014 silve
1164 1953 1262 2035 ipsius
1275 1954 1373 2015 hodie
1389 1974 1455 2016 non
1468 1955 1658 2037 comparuit.

503 2059 580 2120 ltem
596 2059 689 2141 jurati
708 2059 973 2140 adjudicaverunt
989 2079 1117 2120 causam
1137 2060 1219 2122 inter
1238 2061 1364 2122 Petrum
1379 2075 1519 2122 sutorem
1538 2062 1659 2122 dictum

397 2165 518 2246 Pogled
544 2179 579 2227 ut
603 2179 755 2244 actorem,
779 2180 810 2226 et
835 2167 916 2227 inter
940 2166 1141 2228 Anthonium
1174 2166 1313 2248 juratum
1337 2166 1440 2228 filium
1466 2167 1595 2229 Thome
1618 2167 1658 2228 de

397 2271 619 2355 Grabrawnyk
644 2286 678 2333 ut
699 2273 731 2333 in
757 2291 884 2334 causam
902 2286 1067 2351 attactum,
1086 2273 1140 2333 tali
1167 2273 1276 2350 modo,
1301 2287 1335 2334 ut
1352 2292 1431 2334 uxor
1456 2273 1554 2355 ipsius
1573 2274 1658 2335 Petri

395 2379 511 2440 sutoris
534 2378 638 2458 iurare
663 2380 824 2440 tenebitur
848 2399 943 2460 super
969 2400 1008 2440 eo
1034 2393 1148 2440 octavo
1173 2380 1236 2458 die,
1262 2394 1296 2441 ut
1320 2380 1388 2462 ipsa
1412 2400 1492 2442 uxor
1515 2381 1660 2442 eiusdem

396 2485 478 2546 Petri
504 2487 620 2547 sutoris
652 2506 748 2568 super
780 2486 850 2568 ipso
882 2506 956 2548 vase
988 2485 1065 2564 vini,
1102 2487 1189 2568 quod
1216 2487 1319 2548 dictus
1352 2488 1462 2549 Petrus
1485 2502 1575 2550 sutor
1599 2489 1658 2571 ipsi

395 2591 562 2653 Anthonio
595 2593 699 2673 jurato
730 2592 886 2670 vendidit,
918 2592 958 2654 ad
991 2593 1170 2674 periculum
1203 2607 1234 2655 et
1266 2592 1534 2655 anichilacionem
1560 2594 1660 2676 ipsius

395 2699 461 2760 vini
487 2718 551 2760 non
577 2699 691 2760 minxit
715 2699 870 2773 volenter,
907 2699 962 2760 sed
995 2700 1129 2781 contigit
1153 2699 1212 2761 sibi
1238 2700 1382 2780 mingere
1407 2720 1444 2762 ex
1469 2701 1655 2762 necessitate

395 2819 519 2867 nature.

501 2911 579 2974 Item
603 2913 690 2972 idem
715 2911 826 2973 Petrus
851 2925 940 2974 sutor
963 2931 1020 2994 per
1044 2910 1322 2992 adjudicacionem
1346 2912 1524 2994 juratorum
1550 2927 1659 2975 contra

395 3019 574 3100 predictum
598 3017 800 3079 Anthonium
826 3017 966 3098 juratum
991 3031 1105 3079 octavo
1130 3018 1182 3079 die
1211 3038 1421 3099 superarem
1446 3017 1550 3100 jurare
1575 3031 1662 3081 tene·

395 3124 481 3184 bitur
504 3143 599 3204 super
623 3142 672 3201 e0,
698 3137 733 3184 ut
757 3124 824 3204 ipse
850 3123 960 3186 Petrus
984 3137 1072 3184 sutor
1097 3143 1161 3184 non
1186 3125 1379 3186 assecuravit
1403 3125 1508 3206 ipsum
1534 3123 1658 3186 Antho-

396 3231 484 3291 nium
510 3230 646 3310 juratum
675 3249 733 3313 pro
759 3230 867 3291 valore
893 3230 992 3312 ipsius
1015 3229 1092 3309 vini,
1116 3243 1147 3290 et
1171 3230 1275 3312 ipsum
1300 3231 1410 3291 vinum
1437 3245 1658 3312 comparatum

395 3337 480 3397 idem
502 3337 688 3398 Anthonius
711 3337 832 3417 juratus
849 3337 979 3398 deberet
1002 3351 1109 3397 tenere
1127 3355 1229 3417 usque
1247 3336 1286 3397 ad
1312 3334 1427 3398 festum
1453 3337 1553 3398 sancti
1577 3337 1661 3418 regis

396 3443 560 3524 Stephani,
582 3443 657 3524 quia
675 3443 779 3524 ipsum
798 3443 908 3502 vinum
934 3461 1035 3522 usque
1060 3441 1099 3502 ad
1125 3443 1216 3503 illum
1242 3443 1327 3504 diem
1346 3444 1427 3504 bene
1451 3443 1557 3524 potuit
1580 3456 1661 3504 stare

394 3551 515 3630 absque
541 3547 653 3629 aliquo
679 3547 833 3630 periculo.

448 3748 543 3821 Feria
572 3757 668 3820 sexta
697 3753 850 3838 proxima
880 3757 957 3838 post
986 3749 1109 3820 festum
1145 3753 1255 3821 sancti
1294 3751 1431 3820 Martini
1461 3753 1607 3840 episcopi

888 3883 921 3945 et
950 3874 1166 3945 confessoris.

886 4025 951 4106 (14.
976 4027 1163 4098 novembris).

499 4168 575 4228 ltem
602 4167 701 4227 Elena
719 4167 826 4228 relicta
845 4167 995 4248 Symonis
1016 4168 1153 4229 Rarilow
1170 4189 1226 4250 per
1242 4167 1533 4247 adjudicacionem.
1550 4169 1657 4247 (deest).

501 4274 577 4334 ltem
603 4273 694 4354 jurati
720 4273 987 4352 adjudicaverunt
1011 4293 1138 4334 causam
1165 4274 1247 4335 inter
1272 4273 1453 4335 iohannem
1479 4274 1655 4357 Perowych

393 4380 551 4439 seniorem
577 4379 715 4460 judicem
741 4393 772 4439 et
790 4379 955 4440 concivem
982 4393 1126 4440 nostrum
1152 4395 1182 4440 et
1199 4381 1281 4441 inter
1309 4380 1493 4441 Ladislaum
1518 4379 1659 4460 juratum

393 4504 546 4564 generum
574 4485 740 4546 Laurencii
768 4486 930 4563 institoris,
956 4487 995 4546 ad
1020 4487 1161 4566 primum
1184 4487 1340 4568 judicium
1365 4507 1423 4568 pro
1448 4507 1525 4568 pace
1550 4486 1656 4549 fienda

394 4589 677 4670 prolongaverunt.

500 4696 575 4756 ltem
600 4696 693 4776 jurati
728 4697 993 4776 adjudicaverunt
1025 4717 1152 4759 causam
1185 4699 1267 4758 inter
1291 4697 1493 4760 Anthonium
1519 4698 1657 4780 juratum

394 4800 495 4861 filium
521 4801 649 4863 Thome
675 4801 714 4863 de
747 4800 971 4885 Grabrownyk
1005 4817 1035 4864 et
1068 4804 1149 4866 inter
1181 4803 1361 4866 iohannem
1386 4803 1525 4885 judicem
1552 4803 1655 4866 filium

392 4908 473 4968 Pero
497 4906 588 4986 jurati
615 4923 645 4969 et
670 4909 750 4970 inter
767 4909 931 4970 dominam
958 4909 1194 4990 Margaretham
1222 4923 1357 4972 matrem
1375 4911 1473 4992 ipsius
1499 4911 1657 4972 iohannis

392 5013 506 5093 judicis
530 5015 561 5074 in
587 5014 670 5077 lacto
694 5018 902 5096 pecuniarum
937 5017 1162 5096 quarumdam,
1187 5037 1245 5099 pro
1278 5018 1397 5099 quibus
1421 5033 1502 5080 terra
1528 5019 1659 5080 arabilis
