3644 5788
554 587 641 645 Anno
663 585 755 664 1463.
781 621 823 630 -
846 600 898 663 29.
915 589 1001 664 J'ulr‘i.
1352 605 1413 670 243

154 800 182 860 in
207 819 246 860 eo
270 799 374 880 jurare
399 799 572 879 tenebitur,
596 799 684 882 quod
710 801 777 882 ipse
806 820 864 862 nec
891 801 1050 863 invidiose
1075 821 1133 862 nec
1158 800 1335 880 maliciose,
1361 821 1417 862 nec

154 926 207 987 per
230 906 421 968 mandatum
439 905 552 989 prefati
579 907 743 970 Benedicti
765 905 918 969 aurifabri
935 906 1072 969 eandem
1089 907 1216 968 vineam
1242 907 1417 990 depascuit,

153 1027 181 1074 et
204 1013 282 1074 dum
305 1013 435 1094 jurabit,
459 1026 535 1075 tunc
560 1013 737 1096 dampnum
764 1014 829 1096 ipse
859 1013 1052 1076 Benedictus
1077 1013 1134 1094 ipsi
1163 1013 1301 1075 Martino
1318 1012 1417 1094 judici

153 1120 278 1182 solvere
302 1120 473 1183 tenebitur.

256 1226 333 1287 lrem
359 1226 522 1288 Barnabas
545 1245 643 1307 gener
667 1226 822 1288 iohannis
838 1225 1023 1309 Wenthych
1040 1227 1180 1304 sartoris,
1198 1245 1304 1288 coram
1322 1227 1416 1288 nobis

155 1333 274 1395 scilicet
290 1333 472 1395 senioribus
488 1332 649 1414 judicibus
670 1333 871 1410 constitutus,
884 1333 1096 1413 interrogatus
1113 1345 1147 1394 ut
1163 1333 1187 1394 si
1206 1333 1272 1414 ipse
1291 1333 1414 1394 Antho-

154 1440 241 1500 nium
266 1439 406 1521 judicem
432 1441 463 1502 in
489 1460 581 1502 causa
602 1440 784 1523 supradicta
809 1453 1048 1521 procuratorem
1080 1459 1173 1500 suum
1199 1441 1413 1501 constituisset

156 1567 194 1607 an
212 1567 263 1624 ne,
281 1548 336 1628 qui
362 1547 424 1608 alta
442 1561 472 1608 et
497 1547 690 1628 intelligibili
710 1566 788 1608 voce
806 1566 913 1608 coram
931 1546 1024 1607 nobis
1046 1545 1221 1628 respondit,
1243 1547 1331 1627 quod
1349 1547 1416 1629 ipse

155 1653 259 1734 ipsum
285 1653 485 1714 Anthonium
505 1653 644 1734 judicem
662 1653 743 1714 sicut
768 1653 834 1734 ipse
852 1651 1014 1713 Johannes
1035 1671 1142 1714 coram
1160 1653 1255 1713 nobis
1280 1652 1416 1730 dicebat,

156 1759 279 1820 nullum
299 1773 537 1841 procuratorem
563 1758 658 1836 fecit;
676 1772 706 1820 et
731 1759 805 1841 quia
837 1756 978 1840 prelatus
1003 1759 1165 1820 lohannes
1188 1777 1296 1820 coram
1322 1759 1415 1820 nobis

153 1881 183 1926 et
201 1864 306 1944 judice
322 1885 381 1948 pro
398 1865 549 1928 tribunali
567 1865 753 1928 sedentibus
769 1865 830 1926 hoc
847 1864 973 1926 locutus
990 1879 1046 1942 est,
1064 1865 1152 1945 quod
1171 1867 1237 1945 ipse
1251 1865 1413 1926 lohannes

151 1971 338 2054 Wenthych
363 1973 394 2033 in
420 1973 530 2033 decem
557 1973 671 2033 marcis
694 1985 803 2034 contra
833 1971 937 2053 ipsum
956 1971 1157 2032 Anthonium
1181 1971 1320 2052 judicem
1338 1990 1415 2033 con·

153 2078 265 2156 victus,
289 2079 321 2139 in
346 2078 472 2140 duabus
504 2079 648 2160 partibus
679 2079 737 2160 ipsi
770 2078 937 2140 Anthonio
962 2091 993 2138 et
1025 2078 1118 2140 nobis
1143 2078 1174 2139 in
1198 2077 1295 2140 tercia
1320 2091 1410 2160 parte

152 2185 360 2246 convincatur
385 2197 417 2246 et
440 2185 606 2247 convictus
630 2184 774 2248 habetur.

242 2421 338 2496 lesia
367 2433 466 2497 sexta
496 2428 648 2514 proxima
678 2433 754 2515 post
782 2425 905 2498 testum
934 2423 1025 2496 Anne
1056 2425 1177 2496 matris
1206 2423 1321 2496 llatie.

688 2582 753 2654 (29.
769 2581 868 2656 julii).

258 2717 335 2778 ltem
361 2717 446 2796 juxta
471 2716 748 2797 adjudicacionem
773 2719 938 2781 seniorum
963 2717 1106 2798 judicum
1134 2717 1293 2799 Georgius
1319 2716 1414 2780 lrater

152 2823 325 2901 Werchelt,
356 2825 465 2900 (deest).

258 2931 334 2992 ltem
369 2931 443 3011 quia
469 2930 652 2992 Anthonius
682 2929 767 2992 lilius
795 2929 941 3013 Dyonisii
974 2931 1059 2992 ribar
1090 2930 1178 3008 dicti,
1209 2931 1343 2993 senioris
1367 2929 1415 3012 ju·

150 3037 208 3098 rati
241 3053 272 3097 et
303 3037 444 3098 concivis
475 3039 592 3115 nostri,
637 3037 765 3098 racione
797 3037 1033 3099 verberacionis
1066 3037 1184 3098 Mathia
1217 3036 1414 3119 Tergowecz

151 3145 257 3224 primo
282 3144 397 3204 citatus
421 3144 453 3203 in
477 3142 597 3224 judicio
621 3162 729 3204 coram
755 3144 848 3204 nobis
877 3162 940 3204 non
967 3143 1156 3224 comparuit.

258 3249 335 3310 ltem
361 3249 436 3330 quia
461 3247 636 3332 Dyonisius
660 3249 825 3330 Wodopia
851 3250 954 3330 primo
978 3249 1090 3311 citatus
1114 3261 1222 3310 contra
1249 3248 1412 3311 Thomam

149 3354 285 3417 Cheden
312 3375 376 3416 non
402 3356 582 3437 comparuit
606 3357 637 3418 in
664 3355 783 3437 judicio
809 3375 914 3417 coram
942 3355 1044 3416 nobis.

256 3462 334 3523 ltem
367 3481 495 3523 causam
527 3462 609 3524 inter
640 3463 819 3523 iohannem
852 3462 1012 3524 Werchelt
1037 3475 1068 3524 et
1100 3461 1181 3522 inter
1208 3462 1408 3524 Anthonium

149 3567 361 3650 Thermsych,
386 3569 534 3630 concives
558 3583 693 3648 nostros,
721 3569 849 3630 racione
882 3569 1079 3649 recepcionis
1113 3569 1250 3630 vestium
1275 3568 1412 3630 familia·

149 3674 233 3736 rium
260 3674 404 3736 eiusdem
430 3674 586 3737 Anthonii
612 3675 741 3737 racione
758 3675 956 3756 depastionis
979 3676 1028 3736 sui
1053 3675 1146 3754 milii,
1164 3676 1251 3756 quod
1276 3676 1342 3758 ipse
1360 3676 1413 3740 lo·

148 3781 271 3843 hannes
305 3780 466 3843 Werchek
499 3781 602 3862 jurare
634 3782 796 3844 tenebitur
825 3780 902 3844 seria
934 3795 1020 3844 sexta
1052 3782 1197 3864 proxime
1223 3796 1355 3844 ventura
1380 3784 1412 3844 in

147 3908 200 3950 ata
224 3901 333 3949 sancte
351 3887 476 3966 Crucis,
501 3889 589 3970 quod
607 3889 675 3971 ipse
697 3889 859 3950 Johannes
876 3889 1006 3950 eosdem
1032 3889 1131 3950 boves
1148 3889 1179 3949 in
1196 3909 1252 3950 sua
1276 3891 1412 3951 semina-

146 4007 215 4055 tura
243 3995 371 4076 reperit,
395 4008 427 4056 et
450 3995 526 4056 dum
559 3994 688 4076 jurabit,
722 4009 837 4057 extunc
869 3995 934 4077 ipse
960 3994 1144 4056 Anthonius
1169 3995 1298 4056 vadium
1324 4016 1341 4056 a
1365 3995 1412 4076 ju-

145 4099 219 4161 dice
245 4099 342 4161 debet
375 4101 542 4174 redimere,
574 4101 627 4163 ubi
663 4121 738 4162 vero
772 4121 835 4163 non
861 4101 988 4182 jurabit,
1020 4113 1134 4162 extunc
1159 4102 1226 4182 ipse
1251 4100 1413 4164 lohannes

144 4205 286 4267 redimet
312 4205 454 4268 vadium.

254 4311 331 4374 ltem
358 4332 487 4374 causam
519 4313 600 4374 inter
625 4312 815 4374 Gurltonem
840 4327 981 4375 sutorem
1007 4326 1038 4375 et
1071 4312 1233 4374 Andream
1266 4313 1413 4376 similiter

144 4431 289 4480 sutorem
308 4419 436 4480 racione
454 4421 589 4482 crinium
608 4420 778 4481 traccionis
802 4435 833 4480 et
850 4420 1063 4501 percussionis
1081 4420 1162 4480 inter
1180 4420 1266 4500 ipsos
1286 4417 1412 4498 laetam,

144 4525 242 4606 jurati
269 4525 308 4586 ad
333 4526 473 4606 primum
498 4526 653 4608 judicium
679 4529 738 4588 sub
763 4525 865 4587 lottna
890 4525 994 4588 frende
1020 4527 1106 4607 pacis
1131 4539 1356 4607 prorogarunt.

256 4631 333 4692 ltem
359 4651 487 4693 causam
514 4633 595 4694 inter
620 4633 829 4696 Benedictum
851 4647 1003 4712 sutorem,
1021 4633 1180 4694 seniorem
1205 4632 1357 4712 juratum,
1382 4647 1413 4693 et

144 4737 230 4799 inter
259 4738 377 4799 Lucam
404 4751 435 4799 et
460 4739 659 4822 Stephanum
685 4752 808 4800 sutores
836 4740 964 4801 racione
988 4739 1222 4820 vituperiorum
1247 4752 1277 4799 et
1301 4741 1411 4800 verbe-

143 4844 284 4905 racionis
316 4845 424 4905 uxoris
460 4845 603 4906 eiusdem
630 4846 796 4907 Benedicti
831 4845 923 4925 jurati
956 4845 1181 4924 adjudicarunt
1212 4845 1266 4906 tali
1300 4845 1411 4923 modo,

143 4951 233 5030 quod
260 4969 342 5010 uxor
366 4950 510 5012 eiusdem
536 4952 700 5012 Benedicti
734 4952 851 5012 sutoris
879 4951 982 5032 jurare
1016 4951 1178 5012 tenebitur
1202 4950 1411 5012 secundamet

143 5057 175 5118 in
200 5077 256 5118 ata
287 5071 397 5118 sancte
430 5057 554 5136 Crucis,
586 5059 674 5139 quod
707 5059 773 5140 ipse
807 5058 989 5140 Stephanus
1013 5057 1168 5140 percussit
1202 5057 1349 5136 eandem,
1381 5072 1412 5119 et

1283 5161 1300 5201 ὴ
