3818 5786
633 535 833 613 Ann01452.
857 570 900 580 -
924 551 972 598 21.
997 537 1114 611 aprilis.
1465 559 1503 622 33

559 746 636 808 Item
663 746 781 808 Paulus
804 760 905 811 sartor
930 747 1072 810 Philech.

553 853 630 914 Item
656 852 816 936 Georgius
838 867 940 916 sartor
964 854 1179 938 lelowcbych.

555 959 632 1020 Item
659 959 816 1020 Martinus
839 975 941 1022 sartor
965 961 1105 1022 sororius
1129 961 1253 1022 domini
1279 963 1423 1026 Fabiani

556 1065 635 1128 Item
659 1065 853 1128 Benedictus
876 1065 1011 1130 institor.

554 1171 630 1234 Item
656 1170 810 1235 Clemens
833 1171 974 1256 pellifex.

554 1277 632 1340 Item
658 1277 816 1340 Martinus
840 1299 961 1361 sporar.

555 1384 633 1447 Item
658 1384 777 1446 Paulus
799 1405 920 1468 sporar.

554 1491 631 1552 Item
657 1491 799 1552 Briccius
821 1489 971 1574 irenipar.

555 1597 633 1660 Item
659 1596 835 1679 Gregorius
859 1599 1001 1660 sororius
1028 1599 1137 1662 relicte
1162 1601 1289 1662 Farltas.

555 1704 632 1766 Item
658 1703 814 1766 Martinus
843 1704 1079 1788 Barberychyn.

552 1809 629 1871 Item
655 1808 808 1871 Clemens
832 1810 1069 1894 Barberychyn.

554 1915 633 1977 Item
659 1913 826 1999 Philippus
848 1929 947 1979 sutor.

555 2022 632 2085 Item
657 2022 811 2084 Nicolaus
834 2037 932 2086 sutor.

553 2129 630 2190 Item
656 2128 840 2191 Anthonius
863 2143 962 2192 sutor.

340 2343 420 2405 Item
445 2341 587 2426 prefatus
618 2343 757 2404 lacobus
789 2342 883 2424 judex
912 2361 985 2405 cum
1017 2343 1169 2426 predictis
1199 2343 1310 2425 juratis
1334 2358 1365 2408 et
1396 2345 1501 2409 consi·

236 2435 334 2511 liariis
357 2449 524 2510 modernis
548 2469 585 2510 ex
603 2449 749 2510 unanimi
774 2461 805 2510 et
828 2449 980 2511 concordi
1003 2469 1038 2510 ac
1056 2450 1124 2531 pari
1141 2450 1318 2528 voluntate,
1342 2471 1501 2515 consensu

237 2570 266 2617 et
289 2556 418 2617 decreto
443 2556 547 2618 tocius
571 2555 811 2618 communitatis
834 2557 943 2618 omnia
961 2567 1076 2618 statuta
1101 2571 1132 2618 et
1156 2558 1281 2620 decreta
1305 2572 1369 2620 tam
1395 2559 1428 2620 in
1445 2579 1499 2621 an·

238 2663 335 2744 tiquis
359 2683 457 2744 quam
483 2663 515 2724 in
539 2663 678 2745 presenti
703 2663 842 2724 laternis
874 2662 1052 2746 conscripta
1077 2676 1109 2725 et
1140 2678 1289 2726 contenta
1313 2685 1350 2726 ac
1374 2667 1499 2748 consIg-

236 2782 308 2830 nata
332 2769 441 2850 quoad
466 2787 579 2830 omnes
603 2768 772 2846 clausulas,
796 2783 913 2850 puncta
946 2781 977 2830 et
1004 2768 1155 2831 articulos
1179 2789 1291 2832 eorum
1316 2791 1372 2854 per
1395 2785 1498 2834 totum

237 2894 356 2936 annum
380 2874 517 2936 valitura
541 2887 573 2936 et
596 2873 796 2936 observanda
821 2873 1052 2937 confirmarunt
1075 2889 1221 2959 ternpore
1245 2878 1401 2958 presentis
1417 2875 1499 2959 judi·

237 2993 323 3042 catus
346 3001 382 3042 ac
406 2981 558 3064 deinceps
582 2981 614 3042 in
638 2993 840 3064 perpetuum.

368 3215 464 3290 Ieria
493 3225 591 3290 sexta
618 3221 774 3309 proxima
803 3227 878 3308 post
902 3228 1057 3292 octavam
1086 3221 1190 3294 Pasce
1217 3221 1357 3295 Domini.

756 3371 820 3452 (ει.
845 3371 976 3452 apriles).

342 3511 419 3574 Item
439 3511 540 3573 Elena
559 3511 667 3573 relicta
685 3511 822 3574 condam
845 3511 975 3596 Mathye
992 3512 1123 3576 textoris
1139 3513 1237 3575 veluti
1263 3527 1298 3576 ut
1321 3515 1353 3576 in
1371 3536 1499 3580 causam

235 3631 365 3680 attracta
391 3629 501 3680 contra
527 3616 704 3698 Georgium
730 3631 870 3680 sutorem
896 3633 930 3680 ut
954 3633 1107 3699 actorem,
1140 3619 1356 3702 juramentum
1381 3623 1441 3684 sibi
1467 3623 1498 3684 in

234 3743 273 3786 eo
297 3723 527 3802 adiudicatum,
554 3735 587 3784 ut
610 3721 752 3806 prelatus
777 3724 923 3807 Mathyas
946 3725 994 3786 vit
1023 3725 1121 3808 ipsIus
1147 3726 1249 3789 Elene
1274 3728 1417 3790 mulleris
1440 3749 1499 3791 nec

234 3831 336 3911 ipsam
366 3849 433 3890 rem
466 3829 618 3891 videlicet
649 3831 817 3912 capucium
848 3831 900 3893 vel
932 3831 1069 3893 biretum
1102 3851 1161 3894 nec
1192 3831 1317 3914 aliquas
1341 3835 1419 3896 alias
1451 3855 1500 3898 res

234 3935 293 4016 ipsi
319 3935 463 4016 Georgio
487 3936 588 3997 sutori
612 3937 757 3998 servitori
790 3956 848 3998 suo
880 3937 1008 4018 legavit,
1032 3937 1130 4001 hodie
1160 3959 1256 4023 super
1279 3960 1365 4002 aram
1389 3955 1495 4005 sancte

235 4041 349 4103 Crucis
373 4042 406 4102 in
424 4041 557 4103 ecclesia
582 4042 666 4104 beati
691 4043 790 4104 Marci
815 4043 1021 4124 ewangeliste
1045 4064 1141 4128 super
1165 4064 1204 4106 eo
1228 4046 1364 4129 prestitit
1389 4061 1419 4109 et
1443 4047 1496 4110 de·

233 4148 340 4230 posuit
352 4147 409 4210 tali
423 4149 533 4226 modo,
548 4147 693 4230 ut(dum)
706 4148 847 4232 prelatus
866 4149 1012 4233 Mathyas
1024 4151 1072 4213 vir
1085 4151 1226 4233 predicte
1240 4152 1341 4214 Elene
1356 4153 1499 4216 mulieris

234 4257 265 4315 iu
291 4254 441 4316 extremis
465 4255 528 4316 vite
552 4273 609 4316 sue
633 4256 820 4336 temporalis
843 4255 1029 4337 laborasset,
1053 4271 1128 4318 tunc
1153 4258 1220 4340 ipse
1245 4279 1303 4320 nec
1330 4259 1498 4342 capucium

234 4381 292 4422 nec
315 4361 395 4422 alias
419 4381 468 4422 res
492 4381 565 4422 suas
588 4361 648 4443 ipsi
682 4360 824 4443 Georgio
858 4363 986 4444 legavit,
1019 4383 1098 4446 quas
1130 4364 1196 4446 ipse
1221 4363 1381 4446 Georgius
1411 4379 1499 4427 sutor

232 4486 327 4549 super
351 4467 465 4530 eadem
491 4467 591 4530 Elena
616 4467 751 4530 muliere
775 4488 832 4551 per
849 4469 1084 4551 litigIonarIum
1109 4490 1293 4552 processum
1320 4485 1351 4534 et
1373 4470 1498 4553 justicia

233 4574 394 4636 mediante
430 4576 695 4656 prosequebatur,
728 4588 759 4636 et
791 4574 865 4637 ideo
895 4576 996 4658 ipsam
1033 4575 1169 4638 Elenam
1202 4577 1371 4640 mulierem
1403 4598 1499 4661 super

233 4679 441 4761 deposicione
466 4679 566 4763 ipsius
591 4681 762 4762 juramenti
787 4693 818 4743 et
850 4701 945 4764 super
976 4681 1119 4764 predicta
1153 4683 1282 4745 accione
1308 4697 1338 4744 et
1362 4685 1497 4765 acquisi-

233 4786 324 4848 cione
342 4787 443 4868 ipsius
461 4785 594 4868 Georgii
612 4787 728 4849 sutoris
746 4786 945 4849 reddidImus
962 4787 1029 4849 iore
1051 4789 1231 4872 expeditam
1251 4804 1281 4850 et
1305 4789 1496 4853 absolutam.

337 4891 416 4955 Item
450 4891 597 4954 Thomas
635 4891 777 4956 carnifex
808 4895 950 4956 concivis
980 4909 1088 4958 noster
1120 4895 1216 4958 hodie
1249 4915 1304 4978 per
1335 4895 1498 4978 adjudica·

234 4997 357 5060 cionem
382 4998 561 5080 juratorum
585 4997 799 5081 juramentum
833 5001 893 5062 sibi
922 5015 1030 5064 contra
1065 5003 1248 5064 Emericum
1275 5003 1314 5063 de
1340 5003 1497 5084 Popowcz

1392 5112 1408 5174 3
