3852 5814
684 564 770 621 Anno
794 575 881 640 1477.
908 597 948 606 -
973 561 1024 623 18.
1048 566 1161 638 aprilis.
1495 565 1554 643 461

399 776 474 837 Item
502 795 629 837 causam
656 775 738 836 inter
756 775 888 836 Gallum
905 776 984 836 alias
1008 775 1146 856 juratum
1173 789 1202 837 et
1228 776 1382 838 Mathiam
1400 797 1556 856 generum

294 881 477 966 Symunycz
509 881 669 942 seniorem
700 881 838 961 judicem
871 880 965 962 jurati
998 881 1037 942 ad
1063 881 1202 963 primum
1237 881 1379 943 futurum
1404 882 1559 963 judicium

293 987 427 1049 eandem
454 1007 581 1048 causam
610 1001 876 1069 prorogaverunt.

398 1094 474 1156 Item
499 1113 628 1155 causam
653 1094 735 1155 inter
760 1093 923 1156 Thomam
949 1107 980 1156 et
997 1095 1117 1155 Lucam
1142 1095 1290 1156 Ribaricz
1307 1095 1436 1156 racione
1455 1097 1558 1157 cuius·

292 1200 365 1262 dam
390 1220 446 1261 sue
471 1213 552 1261 terre
577 1219 633 1282 per
658 1200 762 1282 ipsum
793 1199 955 1262 Thomam
991 1202 1205 1284 exstirpatam,
1238 1201 1331 1284 jurati
1356 1202 1558 1284 adjudicave-

290 1320 374 1386 runt,
399 1307 488 1389 quod
513 1307 599 1369 idem
625 1307 728 1368 Lucas
745 1306 841 1369 debet
865 1307 969 1388 jurare
995 1309 1026 1368 iu
1052 1309 1186 1370 ecclesia
1203 1309 1302 1370 sancti
1329 1309 1427 1370 Marci
1454 1309 1485 1370 in
1504 1330 1556 1370 ara

291 1426 398 1475 sancte
424 1413 537 1476 Crucis
562 1414 709 1495 sequenti
734 1412 812 1475 feria
845 1415 942 1475 tercia
973 1414 1150 1476 solusmeth
1182 1435 1277 1496 super
1302 1435 1351 1493 eo,
1376 1416 1463 1496 quod
1491 1417 1558 1498 ipse

291 1539 357 1580 non
382 1520 462 1581 vidit
487 1539 546 1582 nec
562 1520 662 1582 homo
679 1539 755 1581 suus
779 1520 810 1580 in
836 1519 949 1581 eadem
966 1533 1048 1582 terra
1073 1540 1199 1582 crucem
1217 1521 1372 1602 positam;
1397 1535 1428 1582 et
1444 1523 1469 1582 si
1489 1542 1552 1583 non

291 1625 409 1706 jurabit
433 1639 509 1688 tunc
533 1627 712 1687 remanebit
735 1639 845 1687 contra
870 1627 1009 1688 eundem
1036 1628 1067 1688 in
1093 1647 1155 1688 una
1181 1628 1339 1709 potencia.

396 1731 476 1794 Item
501 1731 647 1794 Thomas
671 1732 801 1815 sellipar
827 1731 961 1794 Heriacz
979 1733 1106 1794 racione
1131 1733 1298 1794 cuiusdam
1323 1734 1458 1815 pecunie
1484 1734 1551 1795 Ste-

290 1837 386 1920 phani
412 1839 452 1899 de
478 1838 644 1901 Oborowo
669 1859 726 1921 per
750 1839 929 1901 Iohannem
955 1839 1146 1921 Hungarum
1178 1842 1218 1901 ab
1250 1841 1363 1902 eodem
1390 1843 1552 1923 potencia·

290 1945 362 2006 liter
378 1945 528 2021 ablatam,
546 1944 640 2026 jurati
665 1945 939 2026 adjudicaverunt,
964 1958 998 2007 ut
1015 1946 1101 2008 idem
1119 1945 1264 2008 Thomas
1285 1946 1414 2028 seIIIpar
1439 1948 1555 2009 debeat

290 2049 394 2130 jurare
419 2051 614 2113 sextusmeth
638 2071 734 2134 super
757 2072 807 2130 eo,
832 2053 920 2134 quod
946 2053 1012 2134 ipse
1037 2054 1170 2114 minime
1195 2073 1232 2114 ex
1257 2054 1392 2114 consilio
1416 2073 1474 2114 suo
1499 2055 1552 2115 Jo-

289 2157 412 2218 hannes
437 2157 611 2238 Hungarus
643 2177 708 2219 non
733 2157 813 2220 dixit
845 2159 985 2241 recipere
1019 2161 1189 2241 pecuniam
1221 2161 1365 2222 eiusdem
1400 2160 1554 2242 Stephani

289 2263 523 2345 potencialiter.
556 2261 637 2345 (sic).

395 2369 472 2432 Item
498 2387 625 2430 causam
651 2371 733 2431 Inter
758 2370 948 2433 Michaelem
967 2372 1156 2454 Naspichicz
1182 2386 1213 2435 et
1229 2373 1371 2435 relictam
1399 2373 1552 2455 Stephani

290 2475 369 2554 Lab,
395 2496 451 2558 per
482 2474 602 2556 juratos
634 2477 748 2542 eadem
780 2497 873 2539 causa
906 2478 946 2539 ad
979 2476 1121 2540 futurum
1154 2480 1294 2561 primum
1326 2479 1482 2561 judicinm
1507 2493 1554 2542 est

290 2597 470 2664 prorogata.

397 2689 473 2750 Item
508 2710 636 2752 causam
669 2690 751 2752 inter
783 2691 957 2772 quemdam
989 2689 1195 2770 jobagionem
1228 2689 1352 2751 domini
1378 2690 1490 2772 prelati
1516 2692 1554 2752 de

290 2795 469 2878 Frianyncz
493 2811 523 2859 et
548 2798 629 2859 inter
654 2798 773 2859 Lucam
804 2797 953 2859 Ilibaricz
985 2797 1112 2858 racione
1138 2797 1304 2858 cuiusdam
1332 2817 1437 2876 vacce,
1462 2797 1554 2878 jurati

289 2905 469 2985 approbant
493 2917 523 2965 et
548 2904 738 2967 confirmant
762 2906 899 2987 prImam
917 2904 1195 2984 adjudicacionem
1220 2905 1456 2986 primitivorum
1471 2905 1554 2986 jura·

288 3023 406 3071 torum.

396 3116 473 3178 Item
500 3137 627 3180 causam
655 3120 735 3180 inter
762 3119 895 3179 Lowrelr
921 3133 951 3179 et
972 3117 1150 3198 Georgium
1177 3116 1469 3178 molendinatorem
1494 3116 1554 3178 Ira-

289 3237 370 3283 trem
397 3224 541 3284 eiusdem
566 3226 695 3286 racione
713 3225 879 3286 cuiusdam
905 3225 1115 3305 sIgilIacionis
1132 3224 1239 3284 celarii
1259 3223 1402 3284 eiusdem
1422 3223 1553 3305 Georgii

291 3348 346 3409 per
372 3329 475 3411 ipsum
501 3329 581 3392 facte
607 3331 638 3392 in
656 3352 728 3393 area
753 3330 898 3410 civitatis,
917 3331 1010 3414 jurati
1032 3330 1308 3409 adjudicaverunt,
1334 3349 1390 3411 pro
1409 3349 1447 3390 eo
1465 3331 1552 3410 quod

289 3435 357 3495 sine
382 3437 463 3497 scitu
480 3436 596 3517 judicis
613 3451 643 3499 et
659 3437 835 3518 juratorum
854 3437 1008 3518 sigillavit
1037 3437 1175 3498 eundem
1200 3435 1341 3516 sigillum
1361 3435 1448 3516 quod
1467 3435 1554 3496 solus

289 3560 353 3601 non
379 3544 519 3623 negavit,
551 3564 590 3605 eo
626 3543 710 3606 lacto
745 3543 910 3605 convictus
943 3543 1049 3606 existit
1084 3542 1181 3622 judici
1215 3555 1246 3603 et
1277 3541 1387 3620 juratis
1419 3542 1551 3602 cuilibet

288 3665 399 3708 eorum
419 3649 449 3709 in
466 3649 540 3710 vivo
558 3649 720 3731 homagio,
738 3664 943 3732 preterquam
960 3663 1068 3710 autem
1085 3648 1183 3730 judici
1209 3661 1239 3708 et
1256 3647 1366 3726 juratis
1383 3647 1421 3706 de
1437 3648 1551 3708 codem

286 3752 439 3836 homagio
471 3755 675 3835 satisfecerit,
709 3757 767 3818 sibi
801 3755 924 3837 justIcia
957 3776 994 3816 ex
1034 3768 1121 3836 parte
1154 3753 1297 3815 eIusdem
1332 3753 1465 3834 Georgii
1491 3754 1551 3814 im-

288 3861 456 3941 pendetur.

342 3983 344 3988 ’
393 3967 469 4030 Item
503 3989 630 4030 causam
664 3970 745 4031 inter
779 3969 932 4030 Mathiam
966 3957 1110 4030 Turchin
1143 3981 1173 4029 et
1208 3967 1360 4030 Mathiam
1392 3987 1548 4047 generum

289 4074 463 4159 Simunycz
481 4077 640 4139 seniorem
665 4077 806 4158 judIcem
823 4077 952 4138 racione
970 4075 1135 4137 cuiusdam
1161 4075 1235 4156 equi
1254 4094 1348 4155 quem
1369 4074 1550 4155 Stephanus

291 4181 423 4265 Jaksycz
448 4183 567 4264 recepit
599 4197 629 4245 et
660 4183 803 4262 adduxit,
835 4183 928 4264 jurati
962 4181 1196 4263 adjudicarunt,
1229 4181 1316 4262 quod
1341 4181 1401 4240 sibi
1429 4179 1548 4241 Mathia

289 4288 442 4372 Turchyn
468 4304 533 4352 tota
558 4291 772 4352 communitas
797 4291 916 4352 civium
941 4289 1036 4352 debet
1060 4289 1184 4349 solvere
1210 4287 1348 4348 eundem
1374 4306 1494 4367 equum
1520 4301 1550 4348 et

288 4414 351 4456 non
378 4397 444 4478 ipse
471 4396 607 4458 Mathias
630 4397 737 4459 senior
761 4397 866 4478 judex.

393 4502 469 4563 Item
503 4523 629 4564 causam
664 4503 745 4565 inter
779 4503 913 4564 Paulum
945 4499 1142 4563 aurifabrum
1175 4513 1207 4561 et
1236 4498 1411 4580 Georgium
1438 4499 1552 4582 Zobay

288 4607 391 4690 primo
417 4609 531 4671 citatus
556 4609 640 4670 idem
675 4609 834 4690 Georgius
866 4610 975 4692 Zobay
1007 4607 1046 4668 ad
1079 4607 1338 4688 jurisdiccionem
1363 4626 1395 4666 se
1422 4606 1549 4688 recepit.

394 4715 471 4776 Item
508 4735 635 4777 causam
669 4717 749 4776 iuter
787 4714 986 4796 Stephanum
1029 4714 1219 4795 piscatorem
1261 4711 1361 4774 lilium
1400 4710 1548 4792 Gregorii

285 4821 447 4904 Polyczlry
464 4836 494 4883 et
512 4823 594 4884 inter
612 4820 790 4883 Iohannem
813 4821 1004 4901 Hungarum
1022 4821 1061 4881 de
1079 4820 1184 4898 Pesth,
1202 4820 1256 4900 qui
1282 4817 1340 4880 Iuit
1359 4818 1436 4878 alias
1459 4815 1551 4879 fami·

285 4928 372 4988 liaris
398 4927 536 5010 Philippi
563 4928 726 4990 castellani
757 4929 788 4988 in
814 4927 944 4988 castello
970 4925 1111 5008 Capituli
1145 4925 1359 5006 zagrabiensis
1384 4924 1549 4984 reverendi

284 5034 407 5095 domini
434 5033 569 5096 Osualdi
588 5035 742 5116 episcopI,
767 5034 895 5094 racione
916 5031 988 5095 talis
1006 5033 1141 5114 pecunie
1167 5031 1255 5111 quod
1281 5031 1459 5092 absciderat
1477 5049 1548 5090 cum
