3838 5786
440 555 500 618 352
846 534 1049 613 Ann01469.
1076 569 1116 578 -
1135 547 1168 610 5.
1197 535 1283 596 maii.

440 749 601 832 Zayltonis
626 747 781 810 carnificis
806 748 836 808 in
856 760 970 829 camp'o
995 763 1026 808 et
1047 748 1207 808 territorio
1225 749 1308 808 dicte
1333 749 1469 808 civitatis
1485 749 1596 826 babiti,
1615 748 1700 828 quod

439 853 534 918 fenile
561 857 627 936 ipse
653 854 771 915 Paulus
802 851 962 916 aurifaber
995 873 1054 935 pro
1086 873 1119 914 se
1144 868 1174 915 et
1205 853 1270 914 suis
1301 855 1426 914 colonis
1455 869 1649 915 convenerat
1673 869 1701 914 et

440 963 505 1044 ipse
533 962 633 1022 lucas
658 961 689 1021 in
715 979 850 1042 persona
875 961 979 1021 tocius
1010 961 1253 1022 communitatis
1285 961 1368 1022 dicte
1394 961 1530 1022 civitatis
1554 980 1613 1042 pro
1638 961 1701 1042 ipsa

438 1069 669 1131 communitate
702 1067 919 1150 prohibuerat,
944 1067 1032 1148 quod
1058 1065 1165 1144 fenile,
1193 1067 1285 1148 jurati
1311 1067 1395 1129 dicte
1428 1068 1574 1145 civitatis,
1599 1068 1699 1146 magis

437 1176 651 1236 communitas
684 1194 741 1256 pro
772 1187 858 1234 tanta
890 1175 1042 1255 peccunia
1076 1193 1133 1255 pro
1162 1193 1224 1254 qua
1250 1193 1306 1256 per
1339 1173 1444 1255 ipsum
1471 1174 1608 1234 Paulum
1639 1171 1699 1234 fuit

438 1295 644 1358 conventum,
662 1281 763 1360 magis
779 1281 979 1340 voluntarior
996 1280 1113 1340 habere
1130 1280 1256 1361 poterit,
1274 1279 1313 1341 de
1335 1299 1400 1360 quo
1418 1279 1538 1358 judicio
1557 1279 1697 1360 ipsorum

439 1389 505 1469 ipse
532 1388 648 1448 Paulus
672 1405 736 1446 non
770 1399 940 1447 contentus
972 1386 1107 1446 eandem
1142 1405 1269 1446 causam
1302 1385 1476 1467 appellavit
1508 1386 1547 1446 ad
1573 1405 1632 1446 nos
1657 1405 1701 1444 se·

439 1495 544 1555 niores
568 1493 700 1574 judices,
725 1511 823 1574 quam
848 1511 976 1553 causam
999 1513 1055 1574 per
1080 1493 1165 1574 ipsos
1189 1491 1309 1571 juratos
1332 1491 1548 1572 adjudicatam
1575 1491 1701 1552 racione

440 1600 538 1680 ipsius
563 1598 669 1659 senilis
694 1617 752 1659 nos
776 1599 918 1660 seniores
942 1599 1063 1680 judices
1095 1599 1344 1680 approbavimus
1377 1611 1407 1656 et
1431 1596 1701 1675 confirmavimus,

438 1705 663 1786 quodquidem
682 1703 790 1782 fenile,
815 1705 902 1784 quod
921 1705 953 1764 in
979 1723 1115 1786 persona
1138 1703 1378 1766 communitatis
1403 1705 1469 1785 ipse
1495 1704 1599 1764 Lucas
1616 1716 1702 1764 sutor

438 1832 496 1894 pro
521 1811 751 1872 communitate
776 1811 985 1892 prohibuerat
1017 1812 1083 1892 ipse
1115 1811 1216 1871 Lucas
1240 1823 1329 1871 sutor
1354 1829 1492 1871 unacum
1518 1810 1611 1870 certis
1634 1810 1701 1870 aliis

438 1920 503 1980 suis
527 1919 684 1980 consociis
708 1919 831 1978 civibus
855 1919 937 1978 dicte
959 1918 1094 1980 civitatis
1119 1919 1196 1978 emit
1214 1931 1244 1977 et
1272 1918 1472 1998 comparavit
1496 1931 1526 1977 et
1551 1917 1595 1976 sic
1614 1936 1700 1996 emp-

436 2041 504 2086 tum
529 2025 752 2086 communitati
772 2024 854 2085 dicte
872 2025 1008 2086 civitatis
1029 2024 1257 2106 perpetualiter
1274 2022 1432 2084 dederunt
1449 2023 1488 2083 ad
1515 2023 1699 2084 communia

436 2151 564 2213 pascua,
590 2132 631 2192 ita
656 2145 775 2208 tamen,
792 2131 880 2211 quod
906 2131 986 2191 nulli
1012 2132 1146 2192 comites
1165 2131 1262 2190 nostri
1288 2150 1346 2211 pro
1364 2144 1510 2212 tempore
1534 2130 1700 2190 existentes

437 2238 560 2298 nullam
585 2237 843 2318 jurisdictionem
866 2238 949 2298 circa
974 2238 1078 2319 ipsum
1098 2237 1195 2299 fenile
1212 2237 1329 2298 habere
1354 2250 1516 2318 poterunt,
1542 2237 1597 2297 sed
1616 2256 1699 2298 com-

438 2343 577 2404 muniter
602 2344 632 2403 in
659 2343 773 2404 eodem
799 2343 935 2424 quilibet
960 2344 1078 2404 civium
1102 2358 1132 2404 et
1158 2343 1407 2404 inhabitatorum
1434 2363 1564 2425 pascere
1590 2361 1698 2402 eorum

440 2449 590 2510 animalia
609 2450 761 2510 valebunt
779 2465 808 2510 et
822 2462 990 2531 poterunt;
1007 2465 1038 2512 et
1055 2450 1132 2511 dum
1151 2451 1216 2530 ipse
1243 2449 1352 2532 Zaylto
1366 2449 1482 2528 jurabit
1500 2469 1557 2530 pro
1575 2449 1699 2528 quantis

437 2556 599 2637 peccuniis
623 2555 728 2616 eidem
755 2557 855 2616 Paulo
880 2557 1035 2635 vendidit,
1061 2571 1177 2618 extunc
1202 2558 1269 2638 ipse
1293 2557 1394 2617 Lucas
1419 2577 1491 2617 curn
1516 2557 1613 2617 sociis
1636 2556 1698 2616 suis

435 2661 560 2723 solvere
593 2663 754 2723 tenebitur
784 2662 890 2723 eidem
923 2663 1033 2745 Zayko
1059 2665 1163 2744 ipsum
1196 2661 1307 2740 fenile,
1339 2675 1370 2724 et
1402 2664 1469 2744 ipse
1495 2663 1571 2724 dare
1596 2665 1698 2724 literas

435 2767 658 2829 communitati
685 2767 768 2828 dicte
793 2769 939 2848 civitatis,
961 2770 1069 2830 literas
1085 2770 1124 2830 ad
1144 2769 1247 2851 ipsum
1274 2768 1370 2830 lenile
1394 2783 1555 2847 sonantes,
1582 2784 1612 2830 et
1636 2770 1696 2850 ipse

436 2875 545 2956 Zaylto
570 2873 785 2954 juramentum
811 2891 949 2958 prestare
981 2877 1142 2938 tenebitur
1173 2873 1250 2938 feria
1283 2891 1369 2939 sexta
1394 2877 1540 2958 proxima
1565 2877 1596 2936 in
1621 2875 1695 2936 festo

438 2979 627 3056 Gotthardi;
652 2982 690 3042 de
716 3001 781 3063 quo
815 2982 934 3064 judicio
968 2999 1149 3045 nostrorum
1183 2984 1346 3044 seniorum
1381 2985 1447 3064 ipse
1477 2983 1595 3044 Paulus
1618 2983 1695 3043 auri-

435 3085 523 3146 labet
548 3107 611 3147 nou
638 3101 817 3166 contentus,
843 3090 979 3150 eandem
997 3109 1125 3151 causam
1151 3089 1326 3172 appellavit
1352 3091 1382 3150 in
1408 3090 1607 3171 presenciam
1632 3109 1693 3150 rna·

435 3194 522 3273 gistri
541 3195 799 3273 tawernicorum‚
825 3197 942 3276 quibus
958 3197 1102 3278 partibus
1122 3217 1228 3258 coram
1247 3198 1361 3258 codem
1381 3197 1534 3277 magistro
1551 3195 1691 3258 tawarni-

436 3319 546 3360 corum
572 3301 778 3382 comparendi
803 3301 987 3384 prefiximus
1008 3304 1289 3384 quadragesimum
1316 3303 1401 3364 diem
1427 3304 1514 3365 adie
1538 3303 1689 3383 adjudica-

438 3425 539 3467 ctoms
563 3421 681 3468 nostre.

463 3641 556 3714 Faria
586 3655 685 3716 sexta
715 3646 867 3734 proxima
900 3656 975 3736 post
1005 3649 1126 3722 festum
1161 3649 1369 3724 lnvencionis
1398 3660 1514 3723 sancte
1543 3651 1654 3722 Crucis.

985 3803 1027 3877 (5.
1052 3801 1149 3880 marr).

541 3937 618 4000 ltem
644 3939 718 4019 quia
740 3939 955 4020 juramentum
974 3943 1061 4024 quod
1081 3964 1160 4006 uxor
1178 3944 1366 4006 Thomaslto
1383 3945 1512 4006 sartoris
1536 3943 1677 4005 terciamet

435 4055 547 4104 octavo
574 4043 624 4103 die
657 4042 726 4105 sesti
760 4047 1019 4110 Resurreccionis
1054 4050 1196 4128 Domini,
1228 4051 1373 4134 proxime
1405 4051 1556 4134 preteriti,
1585 4057 1676 4108 contra

435 4148 605 4228 providum
631 4151 734 4212 virum
761 4153 924 4214 Andream
943 4154 1044 4216 filium
1071 4157 1233 4238 Symonis,
1250 4159 1374 4240 pridem
1402 4159 1552 4238 judicem,
1568 4152 1676 4217 rarione

435 4252 579 4314 dacionis
604 4255 795 4337 inpulsionis
827 4262 1042 4340 quorumdam
1076 4263 1264 4324 animalium
1300 4265 1330 4324 in
1364 4265 1497 4324 domum
1524 4278 1553 4324 et
1574 4257 1677 4321 curiam

434 4379 534 4437 suam,
560 4375 654 4441 prout
678 4362 827 4442 debebat,
852 4385 916 4427 non
942 4366 1102 4449 deposuit.

541 4466 616 4526 ltem
643 4469 717 4548 quia
743 4483 888 4552 tempore
913 4472 1071 4549 judicatus
1096 4475 1153 4536 viri
1172 4475 1297 4557 providi
1324 4477 1452 4538 Andree
1470 4477 1526 4538 filii
1546 4463 1678 4536 simonis»,

435 4569 559 4650 pridem
584 4571 708 4652 judicis,
726 4573 940 4654 juramentum
966 4599 1021 4660 per
1046 4580 1166 4660 juratos
1183 4583 1266 4643 dicte
1292 4583 1438 4660 civitatis,
1455 4584 1542 4664 quod
1566 4574 1679 4642 raci0¹¹e

435 4677 599 4737 cuiusdam
626 4680 795 4743 damastini
822 4685 933 4763 viginti
967 4702 1105 4767 quatuor
1131 4689 1279 4750 ulnarum
1312 4689 1430 4751 XXXII
1457 4689 1525 4752 flor.
1550 4681 1606 4750 auti
1625 4692 1682 4732 Μ·

435 4781 539 4860 lentis,
564 4785 650 4863 quod
670 4787 716 4846 vir
733 4789 886 4868 providus
904 4791 1021 4853 Paulus
1039 4795 1104 4854 Lah
1124 4797 1264 4856 concivis
1289 4811 1395 4857 noster
1412 4797 1498 4878 apud
1524 4781 1684 4878 providum

435 4886 612 4948 lobannem
641 4891 812 4974 l'erovvycb
846 4896 1009 4959 dimiserat
1044 4915 1074 4960 et
1105 4901 1239 4963 domino
1274 4903 1331 4963 Jan
1364 4903 1500 4984 Zagorie
1532 4885 1627 4964 contitl
1655 4895 1688 4942 el

435 4992 518 5052 bano
553 4996 646 5073 dare,
682 4998 765 5058 idem
801 5001 962 5063 lohannes
1003 5006 1176 5089 l'erowych
1211 5010 1371 5090 deponere
1406 5010 1561 5086 debebat3
1595 5005 1690 5074 quem
