3644 5788
379 528 441 588 206
792 528 879 586 Anno
905 525 998 606 1461.
1021 561 1067 572 —
1083 542 1139 606 31.
1155 529 1240 605 julii.

484 738 561 799 Item
587 739 729 800 seniores
753 738 875 820 judices
907 737 1173 819 adjudicaverunt
1203 759 1332 801 causam
1357 740 1439 801 inter
1464 738 1638 801 Akacbium

377 845 455 906 alias
479 844 617 924 juratum
643 859 673 906 et
694 845 776 906 inter
800 859 986 907 executores
1007 847 1189 908 testamenti
1207 846 1345 908 condam
1371 847 1503 908 domine
1521 847 1641 927 Marga-

377 952 464 1013 retlre
490 953 684 1035 llybarycha
709 952 803 1030 dicte,
829 953 861 1012 in
892 972 931 1014 eo
965 953 1125 1034 videlicet,
1150 954 1238 1036 quod
1263 953 1318 1015 illa
1350 954 1459 1016 omnia
1483 955 1515 1015 in
1547 967 1639 1015 testa·

377 1072 486 1120 mento
512 1071 665 1120 contenta
693 1071 724 1120 et
747 1059 926 1140 conscripta
960 1059 1018 1140 ipsi
1044 1073 1231 1122 executores
1262 1057 1343 1121 inira
1367 1059 1555 1141 quindecim
1580 1058 1644 1120 die-

376 1185 445 1227 rum
471 1155 614 1248 spacium
653 1165 781 1248 explere
821 1177 852 1226 et
882 1163 1040 1228 conficere
1071 1168 1284 1244 tenebuntur,
1315 1165 1460 1248 alioquin
1493 1165 1519 1226 si
1552 1183 1641 1226 secus

376 1269 509 1334 fecerint
532 1285 563 1333 et
592 1271 705 1332 eadem
730 1271 859 1353 explere
892 1271 1065 1350 noluerint,
1106 1285 1220 1333 extunc
1245 1271 1340 1353 judex
1365 1290 1437 1334 cum
1462 1270 1574 1352 juratis
1589 1270 1642 1332 ba·

376 1379 499 1442 bebunt
523 1376 709 1440 facultatem
736 1377 849 1439 eadem
874 1378 960 1440 bona
981 1378 1169 1461 acceptaodi
1194 1393 1225 1440 et
1242 1379 1357 1440 eadem
1380 1397 1438 1461 pro
1463 1378 1572 1439 anima
1588 1397 1643 1438 sua

376 1485 493 1567 exponi
529 1483 616 1566 juxta
649 1483 874 1546 condicionem
908 1484 1045 1546 civitatis
1078 1497 1264 1566 prenotate;
1296 1483 1335 1545 de
1368 1483 1534 1566 peccuniis
1566 1502 1641 1544 vero

376 1591 526 1653 videlicet
554 1590 593 1652 de
619 1591 683 1652 illis
707 1590 919 1672 quadraginta
952 1589 1021 1654 flor.
1055 1591 1135 1670 auri,
1160 1610 1242 1672 quos
1274 1592 1340 1673 ipse
1365 1589 1529 1652 Akachius
1550 1608 1645 1671 expo—

376 1699 439 1760 suit
462 1718 521 1781 pro
549 1699 657 1760 anima
683 1697 783 1780 ipsius
807 1697 1006 1780 Rybarycze,
1031 1697 1090 1780 ipsi
1109 1710 1306 1775 executores,
1331 1696 1469 1758 venditis
1492 1695 1588 1758 bonis
1612 1695 1644 1755 in

376 1817 570 1866 testamento
603 1803 788 1882 nominatis,
820 1802 960 1865 vendere
992 1803 1130 1864 debeant
1155 1816 1187 1865 et
1217 1803 1277 1886 ipsi
1309 1801 1454 1864 Akachio
1479 1801 1644 1862 exsolvere

375 1923 562 1987 teneantur;
587 1910 717 1991 dequo
741 1909 861 1991 judicio
886 1909 946 1990 ipsi
971 1923 1157 1972 executores
1173 1929 1238 1970 non
1264 1908 1407 1971 contenti
1431 1907 1472 1970 ad
1496 1908 1638 1989 judicem

375 2017 575 2099 spiritualem
599 2017 853 2100 appellaverunt,
885 2015 1003 2098 quibus
1027 2016 1120 2078 datus
1144 2029 1191 2078 est
1219 2016 1376 2078 terminus
1398 2035 1506 2078 coram
1530 2013 1638 2096 judice

376 2124 533 2206 spirituali
559 2123 767 2206 comparendi
791 2121 869 2184 feria
893 2137 979 2184 sexta
1012 2123 1156 2205 proxima
1185 2135 1259 2184 ante
1283 2122 1400 2185 festum
1425 2121 1629 2203 Margarethe

417 2339 513 2413 Feria
541 2351 638 2413 sexta
668 2345 822 2432 proxima
851 2351 928 2433 post
955 2343 1077 2416 festam
1105 2344 1333 2433 Deposicionis
1362 2345 1472 2414 sancti
1503 2343 1602 2414 Ladi-

904 2468 968 2538 slai
1003 2470 1103 2555 regis.

912 2617 978 2698 (31.
1007 2617 1104 2701 siclis).

483 2759 561 2820 Item
586 2759 779 2822 Benedictus
803 2760 973 2840 aurifaber,
998 2760 1128 2842 juratus,
1147 2773 1340 2841 conquestus
1364 2774 1410 2822 est
1430 2773 1541 2821 contra
1561 2758 1645 2822 Gre-

374 2865 501 2948 gotium
531 2865 700 2949 Bwrdych,
724 2886 822 2949 quem
856 2867 922 2950 ipse
948 2868 979 2929 in
1011 2867 1110 2930 domo
1138 2887 1194 2929 sua
1219 2866 1453 2950 blasphemavit
1480 2880 1512 2929 et
1541 2867 1645 2929 deum

377 2972 554 3050 maledixit,
579 2986 610 3034 et
632 2993 728 3055 super
751 2972 813 3035 hoc
837 2973 933 3036 debet
960 2972 1102 3056 prelatus
1126 2973 1320 3036 Benedictus
1350 2970 1512 3035 aurifaber
1538 2973 1644 3034 addu-

376 3097 447 3140 cere
471 3091 567 3140 testes
590 3078 631 3140 ad
655 3079 794 3162 primurn
820 3078 986 3160 judicium.

483 3185 559 3248 Item
585 3187 801 3248 communitas
825 3186 955 3248 admisit
977 3186 1092 3248 vicinis
1125 3185 1293 3248 cuiusdam
1318 3185 1434 3247 domus
1458 3185 1587 3246 deserte
1614 3205 1652 3246 ac

376 3291 496 3371 celarii,
529 3292 647 3373 quibus
677 3291 717 3354 de
742 3293 854 3354 eadem
886 3292 985 3354 domo
1018 3307 1049 3354 et
1080 3292 1198 3354 celario
1230 3292 1370 3374 dampna
1394 3289 1476 3353 lacta
1502 3289 1654 3369 fuerunt,

377 3397 512 3458 eandem
538 3398 672 3460 domurn
698 3397 855 3460 desertam
874 3399 956 3461 inter
979 3397 1095 3460 domos
1112 3398 1281 3460 viduarum
1304 3397 1486 3459 relictarum
1512 3417 1531 3458 a
1557 3413 1653 3479 parte

376 3503 630 3586 septemtrionali
649 3503 738 3564 Jellxa
755 3503 945 3586 Zwkalycza
963 3518 993 3565 et
1010 3505 1152 3587 Jalsycze
1180 3504 1300 3565 civium
1317 3517 1496 3564 nostrarum
1516 3524 1534 3565 a
1554 3519 1651 3586 parte

376 3609 581 3670 meridionali
601 3608 754 3688 habitam,
779 3609 994 3672 vendiderunt
1011 3609 1147 3672 eandem
1166 3629 1223 3692 pro
1242 3610 1327 3670 Luce
1345 3608 1457 3670 sartori
1482 3623 1515 3670 et
1540 3611 1650 3672 eciam

375 3735 434 3796 pro
457 3715 575 3776 debitis
599 3715 742 3776 eiusdem
769 3716 866 3795 Luce,
898 3736 961 3797 que
994 3716 1110 3778 domus
1135 3715 1195 3778 fuit
1219 3714 1275 3776 lilii
1309 3715 1446 3776 condam
1473 3715 1651 3778 benedicti

376 3820 586 3905 Gywanoych
611 3835 643 3886 et
666 3823 775 3883 uxoris
803 3823 958 3886 eiusdem.

482 3929 559 3991 Item
578 3931 749 4010 Brwmpna
767 3929 873 4011 primo
890 3944 922 3991 et
938 3929 1080 3991 secundo
1098 3929 1192 3991 citata
1210 3941 1319 3990 contra
1335 3929 1470 3990 Elenam
1494 3929 1653 3992 relictam

375 4055 440 4096 non
465 4035 645 4118 comparuit
669 4037 700 4096 in
726 4034 846 4116 judicio
871 4051 1039 4118 propterea
1065 4036 1152 4117 quod
1181 4035 1318 4096 eandem
1344 4034 1536 4096 verberavit.

483 4142 559 4204 ltern
584 4141 677 4222 jurati
710 4141 975 4222 adjudicaverunt
1000 4161 1128 4203 causam
1162 4142 1243 4202 inter
1267 4141 1482 4203 Laurentium
1509 4140 1655 4223 Sporar,

375 4249 525 4330 juratum,
551 4262 581 4310 et
599 4248 792 4331 Dyonisiutn
815 4249 1027 4331 Wodopyam
1044 4247 1172 4310 racione
1190 4247 1441 4329 permutacionis
1465 4247 1655 4311 domorum

376 4356 531 4435 ipsorum,
563 4367 594 4416 et
625 4355 700 4436 quia
725 4374 857 4416 consors
888 4355 1032 4416 eiusdem
1065 4353 1242 4436 Wodopye
1273 4354 1373 4416 libera
1405 4352 1465 4414 fuit
1493 4353 1655 4417 inhibere

375 4475 439 4522 tam
465 4461 569 4543 ipsum
596 4461 811 4522 Laurencium
836 4481 934 4542 quam
959 4475 990 4523 et
1006 4459 1166 4542 prefatum
1184 4460 1335 4522 maritum
1359 4479 1453 4522 suurn
1476 4480 1657 4542 apermu·

375 4567 519 4642 racione3
544 4566 582 4626 de
608 4585 673 4648 quo
698 4565 819 4646 judicio
845 4567 912 4648 ipse
934 4566 1132 4628 Laurentius
1156 4585 1222 4628 non
1239 4579 1409 4629 contentus
1432 4566 1471 4627 ad
1496 4569 1658 4630 seniores

376 4672 496 4751 judices
520 4673 656 4733 eandem
681 4692 809 4733 causam
835 4673 1018 4755 appellavit.
1362 4671 1368 4682 '

482 4777 559 4840 Item
586 4779 803 4860 Pregnarycza
828 4779 923 4840 debet
954 4779 1058 4859 jurare
1091 4792 1200 4840 contra
1227 4778 1407 4840 Johannem
1433 4777 1584 4862 Chyugh
1613 4784 1658 4846 ad

376 4903 488 4944 manus
512 4885 607 4945 unius
630 4883 724 4964 jurati
757 4882 834 4945 leria
865 4899 951 4946 sexta
976 4886 1121 4967 proxime
1153 4899 1298 4964 ventura,
1330 4885 1458 4946 racione
1491 4886 1657 4953 interfec-

376 4990 478 5050 cionis
501 4991 588 5050 canis
613 4991 712 5071 ipsius
736 4989 901 5053 lobannis.
