3838 5786
279 764 443 845 Filippum
463 775 615 839 sutorem,
633 774 728 822 testes
752 760 825 822 lassi
850 775 924 823 sunt
942 762 1002 822 isto
1021 763 1136 823 modo:
1162 763 1266 844 primo
1285 763 1430 824 Thomas
1447 764 1545 826 Fran-

282 871 353 930 cisci
379 883 478 946 sutor,
502 868 632 948 juratus,
658 867 758 928 lassus
783 881 828 928 est
853 869 940 949 quod
975 868 1115 949 prelatus
1141 869 1287 950 Filippus
1311 885 1399 930 sutor
1422 871 1545 953 vitupe-

284 989 380 1037 rasset
404 974 543 1058 prelatos
568 994 681 1035 omnes
697 974 847 1054 dIcendo,
866 975 952 1055 quod
973 974 1131 1057 dyabolus
1156 977 1290 1058 accipiat
1307 997 1362 1038 eos
1386 978 1441 1058 qui
1459 992 1544 1040 taxa·

282 1097 395 1144 verunt
418 1097 448 1144 et
480 1082 703 1164 preciaverunt
734 1082 819 1160 vina,
852 1095 882 1142 et
917 1096 1081 1162 tamquam
1115 1083 1266 1163 antiquus
1295 1084 1381 1144 canis
1406 1097 1436 1146 et
1461 1084 1546 1145 filius

281 1189 456 1250 meretricis
480 1189 670 1250 Valentinus
686 1189 792 1248 senior
816 1187 911 1268 judex
936 1208 1002 1248 non
1025 1189 1083 1248 erit
1107 1189 1180 1249 vina
1195 1209 1265 1251 mee
1290 1204 1396 1252 taxare
1413 1191 1545 1254 ulterius

281 1316 343 1357 una
369 1316 441 1357 cum
466 1295 577 1376 juratis
601 1308 632 1357 et
649 1306 714 1356 tota
739 1295 982 1373 communitate,
1008 1308 1038 1356 et
1064 1307 1163 1356 totam
1181 1297 1446 1359 communitatem
1463 1298 1545 1360 vitu·

281 1403 403 1482 peravit
428 1422 500 1463 cum
534 1402 639 1462 verbis
670 1399 831 1481 predictis.
856 1437 897 1444 —
924 1400 1001 1462 Item
1026 1401 1106 1462 alter
1137 1402 1224 1462 testis
1258 1403 1455 1465 Laurencius
1479 1424 1544 1466 car-

279 1509 444 1590 pentarius
473 1528 530 1590 per
562 1507 670 1568 omnia
703 1505 803 1568 lassus
836 1520 882 1568 est
914 1507 1010 1568 simili
1041 1507 1139 1568 modo
1172 1509 1253 1570 sicut
1276 1509 1399 1590 primus
1436 1529 1543 1572 coram

278 1632 343 1679 tora
369 1614 612 1676 communitate.

383 1739 461 1802 Item
486 1759 580 1800 causa
598 1739 679 1800 inter
696 1739 720 1798 F
724 1739 860 1820 iIippum
887 1737 1010 1820 Dwdey
1028 1751 1058 1799 et
1077 1737 1255 1819 Georgium
1273 1751 1415 1801 sutorem
1433 1740 1540 1821 Jwrgh

278 1849 411 1927 dictum,
436 1848 502 1929 ipse
529 1845 689 1927 Georgius
714 1846 818 1926 primo
843 1845 957 1905 citatus
982 1864 1046 1905 non
1072 1845 1262 1926 comparuit.

384 1953 461 2015 Item
488 1973 582 2014 causa
607 1953 690 2014 inter
713 1951 892 2012 Johannem
922 1951 1080 2011 seniorem
1107 1951 1246 2030 judicem
1272 1965 1302 2012 et
1328 1953 1542 2014 Laurencium

279 2062 397 2143 Sporar
422 2059 551 2122 racione
576 2073 731 2120 certarum
758 2057 946 2139 Iniuriarum
973 2057 1098 2118 insede
1122 2057 1227 2118 eidem
1248 2056 1345 2134 judici
1370 2058 1542 2137 illatarum,

277 2187 333 2248 per
358 2166 478 2248 juratos
495 2178 540 2226 est
557 2164 760 2244 adjudicatus
772 2163 856 2224 idern
875 2163 1071 2224 LaurencIus
1087 2176 1196 2223 contra
1215 2162 1336 2224 dIctum
1362 2163 1541 2225 Johannem

276 2273 416 2352 judicem
449 2272 481 2332 in
515 2271 588 2332 vivo
625 2271 790 2350 homagio,
822 2281 853 2330 et
885 2270 952 2351 ipse
977 2269 1173 2330 Laurencius
1206 2268 1381 2350 predictam
1412 2289 1541 2332 causam

277 2379 450 2461 appellavit
474 2379 505 2438 in
531 2377 727 2459 presenciam
753 2376 918 2438 seniorum
942 2375 1098 2456 judicum.

382 2502 459 2563 Item
486 2501 525 2562 de
548 2501 730 2582 juramento
756 2501 883 2562 racione
909 2501 1058 2582 vituperii
1077 2501 1162 2560 idem
1188 2500 1384 2561 Laurencius
1409 2516 1540 2563 conten·

275 2621 358 2669 tatur
383 2622 414 2670 et
439 2607 600 2690 deponere
626 2608 721 2669 debet
744 2608 961 2689 juramentum
986 2607 1074 2688 quod
1100 2626 1165 2668 non
1189 2607 1382 2688 vituperavit
1399 2609 1539 2671 eundem

275 2715 455 2777 Johannem
487 2714 639 2796 judicem,
671 2727 701 2776 et
733 2713 793 2776 hoc
825 2714 966 2796 deponet
997 2727 1070 2795 post
1101 2726 1228 2775 octavas
1263 2713 1358 2776 Pasce
1391 2717 1537 2798 proxime

274 2837 453 2904 sequentes.

379 2948 456 3009 Item
482 2967 576 3008 causa
594 2947 676 3008 inter
701 2946 877 3026 Georgium
898 2946 1098 3008 Hucchewar
1119 2959 1149 3008 et
1166 2947 1356 3010 Michaelern
1381 2968 1537 3030 generum

274 3053 411 3116 condam
438 3055 523 3115 Luce
548 3054 663 3114 sutoris
688 3053 816 3114 racione
840 3053 1057 3134 quorumdam
1085 3073 1138 3114 sex
1170 3052 1239 3116 flor.
1265 3053 1370 3116 minus
1395 3075 1460 3116 uno
1486 3075 1537 3117 or·

273 3173 358 3240 tone,
383 3160 504 3242 judices
529 3158 800 3221 confirmaverunt
829 3160 968 3240 primum
1000 3159 1167 3240 judicium,
1193 3160 1280 3242 quod
1306 3161 1372 3243 ipse
1398 3161 1535 3224 MIchael

272 3280 397 3327 tenetur
421 3266 546 3327 solvere
570 3265 711 3348 prefatos
735 3285 787 3325 sex
821 3265 889 3328 llor.
915 3266 1019 3327 eidem
1045 3266 1186 3348 Georgio
1212 3267 1412 3329 Hocchewar
1436 3288 1537 3350 usque

272 3387 420 3435 octavum
446 3373 550 3448 diem3
587 3371 662 3433 item
696 3391 753 3454 pro
788 3371 929 3454 dampno
966 3372 1071 3433 eidem
1108 3373 1198 3434 illato
1230 3373 1283 3435 fiet
1316 3373 1471 3456 judicium
1504 3377 1536 3436 in

272 3479 376 3561 primo
404 3477 535 3560 judicio.

378 3585 454 3646 Item
480 3604 572 3645 causa
598 3583 679 3644 inter
704 3584 883 3646 Johannem
906 3585 1065 3646 seniorem
1084 3585 1223 3666 judicem
1249 3601 1279 3647 et
1303 3587 1467 3669 Filippum
1484 3608 1534 3649 su-

271 3705 384 3769 torem,
409 3690 493 3751 idem
519 3690 680 3751 Iohannes
703 3691 878 3771 appellavit
911 3691 942 3752 in
970 3692 1165 3773 presenciam
1192 3693 1354 3753 seniorum
1380 3693 1533 3774 judicum.

377 3815 455 3876 Item
480 3814 565 3875 idem
591 3815 738 3896 Filippus
756 3835 811 3896 per
835 3815 954 3894 juratos
977 3813 1037 3876 fuit
1055 3814 1220 3876 convictus
1246 3817 1277 3876 in
1304 3815 1405 3898 duplo
1424 3833 1533 3879 contra

271 3923 409 3983 eundem
443 3921 622 3984 Johannem
649 3936 679 3984 et
713 3922 920 3983 Valentinum
953 3921 1075 4004 judices
1108 3941 1204 4002 quam
1238 3937 1347 3983 contra
1372 3924 1472 3984 aliurn
1505 3939 1535 3985 et

271 4044 379 4089 contra
404 4029 524 4111 juratos
549 4028 705 4105 eiusdem,
731 4043 760 4088 et
793 4041 903 4089 contra
936 4029 1016 4089 alios
1040 4029 1125 4088 cives
1157 4043 1263 4089 autem
1288 4043 1398 4090 contra
1423 4050 1534 4110 quem·

270 4137 347 4197 libet
372 4156 427 4217 per
452 4136 563 4196 decem
589 4154 721 4215 pensas;
750 4148 781 4195 et
806 4135 844 4194 de
878 4135 937 4195 isto
962 4133 1124 4195 Iohannes
1156 4134 1251 4216 judex
1276 4155 1340 4196 non
1367 4149 1535 4198 contentus

269 4243 442 4325 appellavit
466 4242 506 4302 ad
530 4241 672 4302 seniores
697 4240 829 4321 judices.

377 4367 454 4428 Item
479 4385 607 4427 causam
640 4365 722 4426 inter
747 4365 890 4426 Marcum
923 4365 1104 4427 carnificem
1138 4380 1167 4428 et
1200 4366 1377 4446 Georgium
1404 4369 1533 4452 Pyzani,

271 4473 356 4535 idem
382 4472 543 4552 Georgius
566 4473 709 4533 secundo
735 4471 846 4532 citatus
871 4492 935 4532 non
968 4473 1148 4554 comparuit
1173 4487 1203 4534 et
1227 4473 1267 4533 ad
1291 4474 1425 4534 tercium
1451 4475 1533 4556 judi-

269 4580 353 4640 cium
380 4599 567 4661 comparere
591 4579 762 4640 tenebitur.

374 4703 452 4764 Item
478 4704 510 4763 in
536 4722 629 4764 causa
654 4703 736 4763 inter
761 4701 942 4762 Johannem
965 4703 1124 4763 seniorem
1150 4703 1290 4782 judicem
1316 4718 1346 4764 et
1371 4703 1532 4765 Andream

267 4825 408 4870 sutorem
433 4809 561 4870 racione
586 4823 744 4870 certarum
779 4807 978 4888 injuriarum,
1008 4809 1113 4870 eidem
1138 4809 1266 4870 Andree
1301 4823 1345 4870 est
1370 4809 1532 4889 adjudIca·

267 4929 335 4976 tum
360 4929 498 4997 prestare
523 4915 750 4996 juramentum,
776 4913 864 4994 quod
883 4915 1070 4996 Inponeudo
1095 4915 1214 4996 digitos
1239 4915 1270 4976 ln
1298 4935 1409 4976 nasum
1427 4915 1532 4976 eidem

267 5041 331 5082 non
357 5020 441 5083 fecit.
