3694 5782
455 549 518 630 246
831 547 1035 628 Ann01464.
1061 583 1103 593 —
1126 564 1175 626 13.
1192 549 1346 625 shnuarii.

454 766 584 828 neribus
619 765 831 844 sauciassent,
866 763 1005 826 eundem
1045 763 1165 824 ibidem
1201 762 1392 824 semivivum
1437 761 1648 843 relinquendo
1680 773 1706 824 et

455 874 594 934 eundem
620 872 706 955 palio
731 887 761 932 et
785 871 887 932 securi
911 871 976 932 suis
1004 871 1204 951 spoliassent.

561 980 638 1041 ltem
665 979 795 1062 Endrey
811 993 900 1040 sutor
915 997 1077 1040 successor
1102 977 1240 1040 condam
1258 977 1415 1039 Anthonii
1439 977 1592 1039 institoris
1609 991 1706 1038 contra

456 1087 640 1170 Philippum
666 1099 806 1148 sutorem
832 1086 967 1167 longum
1000 1084 1032 1146 in
1058 1085 1162 1167 primo
1186 1081 1306 1165 judicio
1340 1083 1534 1165 respondere
1559 1083 1707 1145 tenebitur

456 1196 488 1257 in
515 1194 599 1258 facto
623 1195 705 1256 inter
730 1193 816 1276 ipsos
840 1191 960 1254 habito.

562 1301 646 1362 Item·
667 1301 770 1362 Lucas
794 1298 888 1360 frater
913 1299 1035 1360 Baldek
1067 1296 1262 1358 inhabitator
1293 1296 1438 1357 suburbii
1465 1296 1549 1357 dicte
1573 1295 1707 1372 civitatis,

457 1408 489 1469 id
514 1427 586 1468 curn
611 1405 782 1468 sufficienti
806 1405 992 1467 testimonio
1014 1403 1110 1465 hodie
1127 1423 1236 1465 coram
1261 1403 1355 1464 nobis
1379 1403 1613 1484 comprobavit,
1630 1401 1708 1483 quod

457 1515 532 1596 quia
557 1514 694 1576 condam
718 1512 872 1596 providus
896 1511 944 1572 vir
968 1511 1114 1573 Thomas
1142 1510 1268 1571 Kozten
1293 1509 1406 1588 dictus,
1431 1509 1462 1569 iu
1487 1509 1637 1570 extremis
1658 1527 1706 1568 sue

457 1623 520 1684 vite
538 1621 722 1698 laborasset,
743 1633 818 1682 tunc
837 1619 904 1702 ipse
932 1617 1093 1700 quandam
1123 1617 1250 1678 vineam
1279 1635 1369 1678 suam
1395 1616 1426 1677 in
1451 1615 1611 1676 territorio
1635 1615 1708 1674 dicte

457 1729 594 1789 civitatis
617 1727 723 1788 eidem
748 1726 884 1807 legasset
900 1739 931 1787 et
948 1724 1128 1801 dimisisset,
1154 1723 1228 1785 ideo
1245 1742 1304 1784 nos
1330 1722 1465 1784 eandem
1490 1722 1616 1782 vineam
1640 1739 1705 1782 curn

457 1835 523 1895 suis
541 1833 732 1894 utilitatibus
755 1832 860 1894 eidem
880 1831 966 1893 Luce
991 1850 1028 1892 ex
1053 1829 1215 1910 premissis
1231 1829 1399 1890 statuimus
1416 1841 1474 1890 etc.

562 1939 639 2001 ltem
666 1939 804 2000 Alracius
834 1938 941 1998 senior
965 1936 1085 2018 juratus
1116 1949 1146 1996 et
1171 1936 1312 1996 concivis
1343 1951 1450 1996 noster
1485 1937 1517 1996 in
1542 1932 1624 1997 facto
1648 1935 1709 1996 lite·

456 2065 562 2108 rarum
588 2046 713 2108 Nicolai
746 2044 908 2122 aurifabri,
933 2043 1067 2105 senioris
1091 2042 1194 2124 jurati,
1218 2062 1313 2124 super
1344 2042 1494 2103 domibus
1518 2041 1709 2115 sonantium,

459 2152 673 2232 juramentum
699 2152 757 2212 sibi
776 2151 1005 2230 adjudicatum,
1030 2163 1124 2231 prout
1141 2148 1253 2210 debuit
1273 2147 1350 2210 feria
1375 2161 1461 2210 sexta
1486 2148 1628 2228 proxima
1646 2158 1711 2228 post

459 2259 573 2320 festum
599 2259 683 2320 beati
710 2258 817 2340 Egidii
843 2257 1002 2339 deposuit.

564 2366 641 2426 ltem
669 2362 850 2426 Anthonius
866 2363 951 2424 filius
976 2363 1123 2446 Dyonisii
1148 2362 1257 2444 Rybar
1281 2363 1378 2424 tercia
1406 2361 1473 2423 vice
1499 2361 1538 2422 ad
1564 2360 1711 2441 judicium

458 2471 517 2532 fuit
541 2483 672 2532 vocatus
697 2485 727 2532 et
751 2470 967 2552 proclamatus
1000 2482 1109 2530 contra
1141 2468 1295 2529 Mathiam
1321 2469 1530 2550 Tergovvecz,
1555 2467 1710 2528 concivem

458 2595 621 2652 nostrum,
653 2577 693 2640 ad
728 2578 884 2659 judicium
920 2597 984 2638 non
1022 2577 1108 2638 venit
1144 2576 1273 2637 racione
1305 2575 1542 2636 verberacionis
1577 2573 1712 2636 eiusdem

460 2684 578 2746 Mathis
604 2685 635 2746 iu
660 2685 760 2746 libera
785 2684 836 2744 via
861 2685 893 2744 in
918 2683 1081 2745 territorio
1106 2683 1188 2743 dicte
1214 2681 1360 2743 civitatis.

565 2791 641 2853 ltem
667 2792 830 2853 lohannes
855 2791 971 2852 Bolsak
1003 2790 1110 2850 senior
1139 2788 1234 2866 judex
1266 2802 1375 2849 contra
1400 2787 1559 2848 Akacium
1583 2785 1712 2868 juratum
1813 2833 1815 2838 .

459 2899 565 2981 primo
590 2899 703 2959 citatus
727 2897 766 2958 ad
792 2896 947 2977 judicium
974 2915 1038 2958 non
1064 2895 1152 2957 venit
1176 2915 1283 2957 coram
1309 2895 1413 2958 nobis.

565 3006 643 3067 ltem
668 3005 699 3066 in
725 3025 819 3066 causa
846 3005 927 3066 inter
951 3004 1123 3065 Nicolaum
1147 3001 1346 3064 aurifabrum
1364 3017 1394 3063 et
1420 3001 1576 3063 Akacium
1594 3000 1714 3062 racione

459 3114 624 3175 literarum
656 3125 687 3172 et
718 3111 890 3172 literalium
925 3111 1231 3187 instrumentorum,
1263 3130 1322 3169 nec
1354 3129 1418 3171 non
1452 3127 1660 3190 expensarum
1683 3125 1714 3166 ac

461 3219 637 3281 ablationis
662 3232 752 3300 porte
784 3215 883 3279 ferree
917 3231 947 3278 et
971 3215 1181 3278 fenestrarum
1209 3217 1393 3293 vitrearum,
1418 3215 1512 3296 jurati
1538 3215 1620 3294 justa
1645 3233 1714 3274 con·

461 3339 548 3389 tenta
573 3326 736 3386 literarum
762 3324 916 3405 regalium
950 3323 1226 3404 adjudicaverunt,
1250 3324 1338 3404 quod
1371 3323 1438 3404 ipse
1463 3322 1614 3384 Nicolaus
1638 3319 1714 3382 auri·

461 3432 549 3494 faber
580 3431 708 3492 racione
740 3450 961 3512 expensarum,
998 3431 1073 3512 quia
1098 3431 1166 3512 ipse
1196 3429 1322 3491 dicebat
1354 3429 1442 3511 quod
1474 3431 1542 3512 ipse
1565 3429 1716 3510 quingen-

461 3551 568 3600 torum
592 3537 660 3599 flor.
686 3537 754 3598 auri
779 3538 811 3598 in
836 3537 1065 3618 prosecucione
1095 3557 1188 3598 cause
1220 3556 1331 3619 passus
1355 3550 1412 3615 est,
1437 3535 1516 3597 feria
1540 3551 1624 3596 sexta
1648 3553 1715 3616 pro·

461 3646 546 3706 xime
570 3657 702 3705 ventura
727 3644 911 3706 terciusmet
935 3643 995 3704 sibi
1020 3643 1180 3704 similibus
1208 3643 1353 3725 personis
1377 3643 1481 3725 jurare
1507 3643 1665 3704 tenebitur
1687 3641 1715 3700 in

461 3771 514 3812 ara
539 3763 645 3811 sancte
671 3749 794 3826 Crucis,
820 3749 906 3830 quod
932 3762 1035 3810 tantas
1055 3769 1210 3830 expensas
1235 3749 1309 3810 fecit
1326 3749 1357 3809 in
1383 3749 1612 3830 prosecucione
1630 3765 1716 3809 cause

461 3857 626 3939 premisse,
650 3871 680 3916 et
697 3855 774 3917 dum
799 3855 926 3936 jurabit,
951 3856 1038 3936 quod
1056 3869 1132 3916 tunc
1157 3856 1286 3917 Achach
1311 3857 1351 3917 de
1369 3857 1464 3917 rebus
1481 3856 1591 3918 Jacobi
1609 3856 1716 3916 Ebets·

462 3966 534 4046 pek,
566 3983 629 4044 que
662 3962 798 4023 inveniri
831 3975 992 4043 poterunt,
1024 3963 1202 4024 contentari
1234 3962 1348 4040 debet;
1380 3983 1476 4046 super
1509 3964 1624 4045 quibus
1656 3963 1718 4042 ipse

462 4069 615 4131 Nicolaus
638 4068 732 4149 judex
752 4068 873 4147 judicio
899 4089 962 4129 uon
987 4083 1157 4130 contentus
1174 4069 1213 4129 ad
1235 4071 1378 4131 seniores
1402 4070 1577 4152 appellavit
1592 4069 1717 4151 judices.

568 4175 645 4237 ltem
670 4173 810 4257 prefatus
835 4177 973 4236 Altacius
1004 4189 1114 4237 contra
1146 4175 1304 4258 prefatum
1332 4177 1503 4238 Nicolaum
1528 4174 1717 4238 aurifabrum

463 4283 578 4344 eodem
602 4282 654 4342 die
686 4283 791 4362 jurare
816 4283 847 4343 in
880 4302 919 4344 eo
951 4283 1112 4345 tenebitur
1143 4283 1299 4345 solusmet
1330 4283 1362 4344 in
1391 4303 1444 4344 ara
1468 4297 1576 4346 sancte
1600 4279 1719 4357 Crucis,

462 4387 551 4468 quod
578 4388 643 4470 ipse
676 4402 801 4469 portam
834 4388 969 4451 ferream
1002 4409 1061 4451 nec
1090 4389 1243 4452 fenestras
1274 4389 1390 4452 vitreas
1414 4402 1446 4451 et
1475 4409 1637 4470 scampna,
1661 4405 1718 4468 que

462 4494 529 4575 ipse
555 4494 706 4555 Nicolaus
730 4496 761 4556 in
787 4495 853 4577 ipsa
879 4496 978 4556 domo
1003 4496 1177 4575 dimiserat,
1203 4517 1268 4558 non
1293 4497 1475 4578 recepisset,
1500 4496 1556 4557 sed
1582 4495 1634 4556 illa
1660 4513 1718 4574 que

462 4615 685 4682 preparaverat
710 4603 847 4664 lacobus
872 4583 1053 4685 Eberspek;
1078 4603 1118 4664 de
1143 4623 1208 4686 quo
1233 4603 1353 4686 judicio
1378 4623 1443 4665 non
1469 4616 1637 4664 contentus
1653 4619 1718 4682 pre·

462 4705 545 4767 fatus
569 4705 721 4768 Nicolaus
744 4708 918 4790 appellavit
940 4709 981 4770 ad
1005 4710 1146 4770 seniores
1169 4709 1300 4790 judices.

569 4812 645 4872 ltem
671 4814 745 4893 quia
770 4813 910 4895 prefatus
932 4816 1086 4877 Nicolaus
1118 4816 1150 4877 in
1178 4815 1299 4898 judicio
1331 4837 1440 4878 coram
1465 4817 1558 4879 nobis
1582 4813 1715 4878 eundem

464 4917 621 4978 Akacium
657 4932 765 4980 contra
797 4940 830 4981 se
867 4920 943 4981 false
978 4920 1097 5002 jurasse
1130 4943 1188 5004 pro
1222 4921 1346 5004 juribus
1377 4938 1407 4984 et
1438 4923 1616 4986 literalibus
1647 4921 1717 4996 suis,

464 5021 580 5083 domus
604 5044 675 5085 suas
700 5040 838 5087 muratas
863 5028 1078 5108 tangentibus,
1102 5049 1160 5110 pro
1177 5029 1226 5090 sui
1250 5043 1340 5111 parte
1364 5028 1538 5111 confectas,
1562 5029 1592 5091 in
1617 5028 1717 5112 primo
