3644 5788
388 601 447 662 190
801 584 886 639 Anno
910 578 1003 660 1460.
1031 615 1072 626 -—
1097 596 1128 660 4.
1146 583 1231 660 julii.

383 814 501 876 equum
528 814 583 876 per
601 792 740 876 prefatos
764 807 887 855 actores
910 793 1011 854 invia
1041 809 1201 875 repertum
1227 808 1258 855 et
1282 794 1320 854 ad
1346 795 1479 856 domum
1499 795 1640 877 ipsorum

382 901 527 977 ductum,
551 900 655 961 taliter
679 899 771 980 jurati
790 898 1065 978 adjudicaverunt,
1091 900 1177 981 quod
1204 914 1276 981 post
1300 915 1444 962 octavam
1468 901 1554 961 diem
1573 899 1645 962 sesti

382 1009 473 1068 beate
500 1006 700 1086 Margarethe
739 1004 816 1066 feria
842 1005 992 1067 videlicet
1015 1019 1101 1067 sexta
1124 1005 1237 1087 prelati
1263 1020 1397 1082 actores,
1421 1007 1559 1086 quilibet
1584 1021 1649 1068 met

380 1114 507 1190 tercius,
525 1112 636 1173 debuit
656 1111 872 1192 juramentum
891 1125 1031 1192 prestare
1049 1112 1080 1172 in
1096 1131 1145 1190 eo,
1163 1111 1251 1193 quod
1270 1112 1328 1194 ipsi
1347 1111 1506 1195 prelatum
1524 1131 1645 1193 equum

381 1239 445 1280 non
471 1220 695 1280 subtraxerunt
719 1237 777 1280 nec
802 1218 951 1300 potencia
976 1218 1138 1280 mediante
1163 1231 1370 1301 receperunt;
1406 1237 1472 1299 quo
1497 1218 1646 1300 deposito

380 1325 521 1408 prelatus
545 1326 697 1387 dominus
723 1325 833 1387 Petrus
866 1325 1074 1386 convincetur
1109 1338 1219 1387 contra
1251 1324 1383 1387 eosdem
1407 1325 1439 1386 in
1463 1325 1538 1386 vivo
1564 1323 1646 1407 (h)o·

380 1433 507 1514 magi0;
533 1445 563 1494 et
587 1432 726 1493 termino
758 1431 949 1492 adveniente
975 1431 1035 1514 ipsi
1068 1431 1221 1494 Clemens
1252 1443 1283 1492 et
1315 1431 1401 1492 lwlro
1426 1431 1648 1512 deposuerunt

381 1538 599 1620 juramentum
625 1551 659 1600 ut
680 1538 850 1601 debebant.

488 1645 566 1707 ltem
592 1644 792 1726 Margaretha
817 1643 924 1726 puella
950 1657 1060 1706 contra
1088 1645 1215 1706 Petrum
1242 1643 1388 1706 Kathana
1413 1643 1464 1704 die
1488 1643 1645 1705 hodierna

380 1750 595 1833 juramentum
620 1751 750 1833 propria
775 1751 807 1812 in
833 1770 968 1832 persona
994 1750 1156 1833 deponere
1174 1751 1306 1813 debebit
1329 1751 1361 1812 in
1387 1770 1436 1828 e0‚
1461 1749 1550 1831 quod
1576 1751 1644 1832 ipsa

381 1871 453 1940 post
477 1871 614 1920 mortem
648 1857 756 1918 uxoris
780 1857 879 1940 ipsius
904 1857 987 1917 Petri
1019 1858 1138 1920 sororis
1162 1856 1313 1918 videlicet
1336 1876 1402 1934 sue,
1435 1855 1524 1917 nulla
1557 1857 1641 1918 bona

380 1965 419 2025 de
445 1964 544 2026 domo
568 1983 623 2024 sua
649 1963 779 2025 abstulit
804 1983 861 2024 nec
885 1964 1069 2045 asportavit,
1094 1982 1151 2045 per
1181 1962 1416 2044 judicacionem
1441 1960 1643 2042 juratorum;

379 2071 418 2131 de
452 2091 517 2152 quo
549 2070 669 2150 judicio
701 2074 841 2152 prelatus
873 2069 985 2130 Petrus
1017 2089 1082 2131 non
1114 2083 1283 2131 contentus
1315 2069 1489 2151 appellavit
1520 2069 1561 2130 ad
1596 2089 1645 2131 se·

380 2176 484 2237 niores
508 2176 640 2256 judices.

486 2283 562 2344 Item
588 2302 644 2365 per
668 2282 945 2363 adjudicacionem
978 2281 1155 2362 juratorum
1181 2283 1281 2344 Elena
1305 2284 1426 2346 mulier
1450 2295 1560 2344 contra
1587 2281 1644 2343 Pe-

378 2402 462 2450 trum
488 2388 633 2450 Kathana
658 2388 787 2470 propria
812 2389 844 2449 iu
869 2408 1005 2470 persona
1030 2388 1244 2469 juramentum
1268 2389 1431 2471 deponere
1455 2389 1587 2450 habebit
1612 2389 1642 2449 in

379 2515 428 2573 eo,
454 2495 541 2576 quod
568 2495 634 2576 ipsa
661 2494 748 2555 nulla
774 2494 865 2576 plura
888 2496 972 2556 bona
998 2494 1097 2576 ipsius
1116 2495 1198 2555 Petri
1224 2508 1328 2576 preter
1344 2495 1409 2574 illa,
1435 2515 1498 2576 que
1516 2493 1644 2555 luerunt

378 2601 438 2662 sibi
464 2620 520 2684 per
544 2599 698 2682 prefatam
733 2599 968 2680 Margaretham
1002 2599 1216 2682 inpignorata,
1250 2599 1386 2663 habetur
1410 2614 1441 2662 et
1465 2621 1524 2662 nec
1548 2599 1644 2662 habet

378 2708 417 2768 de
444 2708 601 2788 presenti;
633 2707 673 2768 de
705 2725 770 2787 quo
795 2705 917 2786 judicio
948 2705 1126 2788 juratorum
1160 2705 1301 2788 prelatus
1334 2707 1446 2768 Petrus
1477 2725 1542 2768 non
1568 2725 1643 2768 con·

377 2828 483 2875 tentus
506 2812 681 2896 appellavit
705 2812 744 2873 ad
770 2812 913 2873 seniores
936 2811 1069 2894 judices.

483 2919 559 2981 ltem
585 2919 800 3000 juramentum
827 2918 967 2979 Fernecz
993 2917 1144 2980 Belchich
1179 2938 1235 3000 per
1267 2917 1388 3000 juratos
1412 2918 1642 3000 adjudicatum,

377 3027 463 3088 idem
477 3039 572 3108 prout
586 3025 725 3086 debebat
740 3024 906 3106 deposuit;
932 3044 1027 3107 super
1040 3043 1105 3106 quo
1120 3043 1178 3085 nos
1191 3025 1431 3087 mittimuseum
1446 3025 1641 3107 expeditum.

483 3131 559 3192 ltem
577 3151 634 3213 per
651 3129 930 3211 adjudicacionem
949 3129 1126 3204 iuratorum
1146 3129 1307 3212 Georgius
1325 3131 1470 3192 medicus
1486 3130 1641 3192 hodierna

377 3237 428 3299 die
454 3237 669 3319 juramentum
695 3237 857 3318 deponere
882 3235 1014 3297 habebit
1045 3249 1155 3298 contra
1181 3237 1389 3298 Valentinum
1414 3237 1576 3298 literatum
1601 3237 1640 3297 de

377 3342 558 3422 Koloswar,
583 3343 688 3425 primo
714 3343 744 3404 in
770 3361 820 3421 eo,
844 3341 932 3423 quod
958 3342 1024 3424 ipse
1042 3342 1232 3404 Valentinus
1256 3362 1322 3404 non
1347 3342 1533 3425 plusquam
1558 3342 1639 3403 duos

376 3447 445 3511 flor.
479 3449 546 3510 auri
579 3468 704 3510 servare
729 3448 889 3525 dedisset;
921 3449 1074 3527 secund0,
1107 3449 1195 3530 quod
1227 3449 1416 3511 vestimenta
1447 3469 1504 3531 per
1535 3449 1639 3531 ipsum

379 3554 555 3636 Georgium
582 3555 742 3616 medicum
769 3555 829 3636 ipsi
853 3554 1026 3616 Valentino
1051 3555 1124 3615 data
1149 3575 1213 3616 non
1239 3555 1465 3618 reservivisset.

483 3661 559 3724 ltem
585 3661 684 3722 eciam
711 3660 851 3743 prefatus
875 3661 1066 3722 Valentinus
1098 3661 1213 3723 eodem
1246 3661 1298 3723 die
1328 3661 1446 3744 jurabit
1469 3681 1565 3743 super
1589 3679 1639 3738 en,

374 3767 462 3850 quod
478 3769 543 3850 ipse
561 3768 683 3829 nullam
709 3767 959 3849 disposicionem
985 3787 1093 3829 secum
1118 3767 1281 3829 habuisset
1305 3768 1345 3829 ad
1363 3767 1580 3830 serviendum.
1599 3803 1639 3812 -

375 3875 576 3956 Quiquidem
600 3874 750 3956 magister
775 3873 936 3954 Georgius
960 3873 1110 3955 deposuit
1137 3873 1365 3955 juramentum,
1390 3887 1421 3935 et
1445 3874 1551 3956 ipsum
1577 3873 1640 3935 Va·

374 3983 531 4044 lentinum
557 4001 622 4043 non
648 3981 733 4042 misit
756 3981 860 4062 jurare
885 3995 916 4042 et
940 3980 1078 4042 eundem
1103 3979 1243 4041 reddidit
1267 3979 1462 4062 expeditum.

481 4089 557 4149 ltem
584 4108 710 4149 causam
737 4088 817 4148 inter
834 4086 1035 4148 Anthonium
1053 4087 1212 4148 seniorem
1237 4087 1376 4168 judicem
1402 4101 1433 4148 et
1451 4087 1638 4148 Ladislaum

375 4193 643 4256 Czaranthowich
676 4194 804 4255 racione
836 4193 1049 4274 quarumdam
1082 4192 1392 4255 dehonestationum
1417 4207 1448 4255 et
1471 4193 1638 4274 signanter

375 4301 449 4381 quia
483 4301 586 4382 ipsum
616 4299 816 4360 Anthonium
841 4297 956 4360 falsum
989 4298 1128 4380 judicem
1163 4299 1372 4380 appellasset;
1406 4319 1444 4361 ex
1476 4319 1543 4380 quo
1577 4299 1639 4361 hoc

374 4408 550 4488 approbare
576 4427 640 4467 non
675 4407 789 4488 potuit,
815 4405 888 4466 ideo
918 4406 1084 4467 convictus
1115 4419 1161 4467 est
1193 4419 1302 4467 contra
1333 4406 1471 4467 eundem
1498 4405 1531 4466 in
1565 4405 1640 4466 vivo

374 4513 544 4594 homagio;
580 4513 618 4573 de
644 4533 709 4594 quo
734 4512 854 4593 judicio
888 4512 1065 4593 juratorum
1099 4509 1239 4594 prefatus
1273 4512 1440 4574 Ladislaus
1464 4531 1530 4574 non
1563 4533 1640 4574 con-

373 4632 479 4680 tentus
503 4618 677 4700 appellavit
700 4617 740 4678 ad
765 4617 906 4680 seniores
929 4618 1062 4698 judices.

479 4724 556 4785 ltem
581 4744 709 4786 causam
734 4725 815 4785 inter
841 4724 1014 4786 Martinum
1038 4723 1179 4806 judicem
1203 4737 1234 4787 et
1258 4723 1439 4787 Johannem
1458 4724 1636 4806 Baptistsm

373 4831 502 4891 racione
527 4831 691 4891 cuiusdam
715 4844 797 4891 terre
822 4831 950 4891 arabilis
986 4831 1203 4893 mediantibus
1227 4831 1327 4894 literis
1351 4831 1488 4893 civitatis
1513 4829 1635 4913 prefate

373 4936 501 4997 vendite
526 4951 556 4997 et
580 4937 708 4997 tandem
734 4939 773 4997 ab
799 4937 912 4998 eodem
933 4937 1071 4998 Martino
1092 4936 1190 5018 judici
1216 4957 1271 5019 per
1295 4938 1416 5019 regiam
1436 4937 1635 4999 Maiestatem

373 5042 555 5123 dijudicate,
589 5042 681 5123 jurati
712 5045 757 5105 sic
788 5043 1070 5124 adjudicaverunt,
1103 5043 1191 5125 quod
1224 5063 1260 5104 ex
1293 5063 1360 5125 quo
1392 5043 1459 5125 ipse
1496 5043 1637 5125 Baptista
