3838 5786
608 423 694 480 Anno
716 433 807 500 1470.
833 457 874 466 —
898 437 947 498 23.
968 424 1137 484 novembris.
1448 443 1507 504 375

352 635 431 696 Item
455 635 532 714 quia
557 632 695 695 Mathias
718 633 946 716 Nekerschnylr
963 645 1074 694 contra
1099 633 1242 696 Blasium
1267 632 1397 696 fratrem
1415 654 1509 696 suum

242 741 349 824 primo
374 741 497 819 citatus,
522 758 588 801 nou
614 739 794 822 comparuit
816 739 850 800 in
873 739 1006 822 judicio.

349 847 428 908 Item
453 846 530 928 quia
547 846 633 908 Rosa
651 845 811 928 Herwoye
833 847 938 928 primo
962 858 1072 908 contra
1090 843 1285 927 Gregorium
1303 845 1509 930 Wraochych

243 953 348 1032 citata,
372 973 438 1015 non
463 953 654 1034 comparuit.

350 1061 428 1124 Item
454 1059 575 1122 Paulus
599 1059 736 1141 Hazugh
770 1059 918 1121 terciario
943 1073 1052 1121 contra
1086 1080 1219 1122 uxorem
1244 1062 1413 1123 Laurencii
1439 1063 1508 1122 bar-

242 1170 323 1232 berii
348 1169 472 1247 citatus,
497 1187 560 1230 non
587 1166 777 1248 comparuit.

351 1276 429 1337 Item
454 1276 530 1356 quia
557 1274 718 1336 lohannes
741 1273 826 1334 filius
852 1274 949 1335 Marci
969 1272 1193 1357 Gywrakoych
1219 1287 1328 1336 contra
1346 1274 1509 1357 quandam

242 1383 415 1446 mulierem
442 1381 697 1444 inhabitatricem
716 1379 800 1442 dicte
821 1381 958 1442 civitatis
975 1381 1080 1462 primo
1104 1381 1219 1443 citatus
1235 1400 1299 1442 non
1318 1381 1509 1463 comparuit,

241 1511 303 1573 pro
328 1509 394 1571 quo
418 1489 502 1551 facto
526 1488 671 1551 eiusdem
696 1489 816 1571 recepit
839 1507 872 1550 se
896 1488 936 1548 ad
960 1487 1220 1568 jurisdiccionem
1244 1489 1391 1550 civitatis.

350 1595 428 1657 ltenr
462 1615 590 1657 causam
623 1595 705 1657 inter
736 1592 893 1656 famulum
928 1594 1106 1655 Clementis
1139 1593 1333 1677 Symwnych
1366 1608 1397 1656 et
1428 1595 1510 1656 inter

240 1702 401 1764 famulum
428 1701 525 1763 Blasii
558 1701 673 1783 judicis
703 1701 831 1762 racione
863 1700 1098 1762 verberacionis
1130 1700 1275 1762 eiusdem
1308 1699 1422 1762 lamuli
1447 1701 1505 1783 Sy-

242 1807 403 1891 mwnych,
427 1807 521 1890 jurati
546 1807 781 1890 adjudicarunt,
805 1805 893 1888 quod
918 1807 994 1889 quia
1011 1807 1078 1888 ipse
1103 1804 1244 1868 famulus
1269 1806 1366 1868 Blasii
1391 1806 1507 1887 judicis

241 1914 379 1993 dicebat,
403 1914 491 1996 quod
517 1914 584 1996 ipse
610 1912 762 1974 Clemens
794 1911 890 1974 debet
921 1913 1024 1994 jurare
1048 1910 1126 1974 feria
1158 1925 1245 1974 sexta
1269 1926 1342 1994 post
1365 1913 1506 1992 Martini,
1602 1903 1605 1908 ’

242 2021 330 2102 quod
356 2021 436 2082 dixit
452 2039 525 2082 eum
543 2021 729 2096 verberare3
754 2031 786 2081 et
809 2018 886 2079 dum
903 2017 1020 2099 jurabit
1038 2031 1116 2080 tunc
1134 2016 1274 2080 famulus
1291 2019 1391 2101 ipsius
1409 2018 1507 2081 Blasii

239 2125 357 2207 judicis
380 2127 542 2188 tenebitur
572 2125 698 2187 solvere
731 2124 836 2186 eidem
870 2122 993 2185 famulo
1026 2124 1222 2207 Symwnych
1254 2125 1367 2186 decem
1391 2145 1506 2208 pensas

241 2243 272 2293 et
298 2231 521 2293 communitati
556 2229 684 2293 c'entum
716 2231 876 2309 denarios,
908 2243 939 2291 et
974 2249 1031 2312 pro
1056 2230 1258 2312 negligencia
1290 2243 1321 2292 et
1346 2231 1506 2293 medicina

240 2351 396 2419 quantum
421 2337 526 2418 jurare
549 2337 666 2419 poterit
691 2336 795 2398 eidem
820 2337 945 2398 solvere
968 2336 1141 2398 tenebitur.

346 2444 425 2508 ltem
450 2464 577 2507 causam
608 2444 764 2506 Anthonii
796 2445 912 2506 sutoris
943 2445 1072 2507 racione
1104 2445 1297 2527 suspicionis
1329 2444 1506 2507 ablacionis

241 2565 400 2613 certorum
426 2551 589 2634 pullorum
615 2571 671 2634 per
690 2550 860 2613 Nicolaum
878 2550 1055 2632 Jagodych,
1079 2550 1176 2612 debet
1199 2550 1304 2632 jurare
1322 2552 1506 2613 terciusmet

240 2657 352 2720 eadem
379 2655 458 2719 feria
482 2671 568 2719 sexta
593 2671 665 2740 post
689 2657 818 2718 Martini
844 2657 997 2739 episcopi,
1022 2669 1110 2718 etse
1135 2676 1322 2738 expurgate.

347 2764 424 2826 ltem
439 2765 514 2845 quia
531 2763 673 2846 prefatus
686 2763 813 2847 Mycula
826 2764 990 2847 Jagodych
1005 2764 1133 2826 racione
1146 2764 1383 2825 verberacionis
1399 2765 1504 2825 cuius-

241 2872 315 2932 dam
341 2871 513 2962 servitricis
537 2871 681 2932 eiusdem
714 2870 867 2933 Anthonii
902 2871 1027 2950 sutoris,
1063 2871 1168 2952 jurati,
1200 2871 1306 2953 primo
1331 2871 1445 2934 citatus
1469 2872 1501 2932 in

285 3211 381 3286 Feria
408 3221 505 3286 sexta
534 3217 688 3304 proxima
717 3221 795 3286 ante
823 3215 945 3285 festum
973 3215 1069 3286 beate
1098 3213 1281 3287 llatberlne
1308 3213 1459 3304 virginis.

727 3363 792 3446 (23.
824 3365 1008 3449 novembris).

345 3509 422 3569 Item
448 3509 523 3588 quia
556 3507 692 3570 Mathias
724 3509 846 3570 Turcin
879 3509 983 3589 primo
1013 3509 1125 3571 citatus
1156 3522 1266 3570 contra
1299 3507 1502 3569 Lodouicum

239 3613 418 3676 institorem
443 3614 634 3696 comparuit,
658 3605 713 3674 sed
739 3614 859 3696 recepit
882 3633 915 3674 se
939 3615 979 3675 ad
1004 3614 1262 3694 jurisdiccionem
1288 3614 1432 3675 civitatis.

345 3720 423 3782 ltem
448 3721 523 3801 quia
549 3721 710 3782 lohannes
734 3719 818 3782 lilius
841 3721 938 3782 Marci
962 3719 1185 3805 Gywrakoych
1210 3733 1319 3781 contra
1338 3719 1500 3802 quandam

238 3827 407 3890 mulierem
431 3827 574 3889 secundo
599 3828 712 3890 citatus
737 3847 801 3889 non
826 3827 1006 3909 comparuit
1031 3827 1064 3887 in
1088 3826 1219 3907 judicio.

345 3933 421 3995 ltem
446 3954 541 3996 causa
573 3935 654 3996 inter
687 3935 904 4018 Gywrlronem
938 3948 968 3995 et
992 3932 1168 4012 Thomam‚
1201 3947 1334 4012 sutores,
1359 3945 1389 3992 et
1420 3931 1502 3994 inter

239 4040 353 4124 Elyam
378 4039 517 4102 lusorem
543 4060 770 4123 campanarum
795 4055 841 4102 est
862 4053 1032 4122 prorogata
1051 4059 1151 4120 usque
1169 4040 1309 4121 primum
1334 4037 1502 4119 judiciuin,

239 4160 272 4208 ut
296 4146 322 4208 si
347 4160 497 4228 poterunt
528 4146 723 4209 concordare
756 4147 832 4208 boni
864 4145 1023 4223 homines,
1057 4145 1136 4206 etsi
1170 4165 1234 4206 non
1261 4143 1503 4205 concordabunt

237 4253 379 4332 eosdem,
403 4267 479 4314 tunc
504 4254 570 4336 ipse
596 4253 692 4338 Elyas
716 4252 837 4314 eisdem
862 4251 1056 4334 respondere
1082 4252 1113 4312 in
1138 4252 1243 4334 primo
1268 4249 1399 4331 judicio.

346 4359 424 4420 ltem
449 4379 543 4421 causa
568 4361 650 4422 inter
674 4361 846 4421 Martinum
873 4359 1108 4442 carpentarium
1134 4371 1164 4418 et
1189 4359 1271 4420 inter
1295 4356 1502 4418 Franciscum

239 4468 474 4549 carpentarium
500 4481 545 4530 est
570 4481 740 4550 prorogata
764 4467 804 4528 ad
836 4468 976 4549 primurn
1001 4466 1157 4546 judicium
1182 4465 1224 4527 ita
1256 4479 1374 4543 tamen,
1411 4464 1499 4545 quod

239 4571 372 4633 debebit
397 4573 590 4655 respondere
616 4588 646 4635 et
666 4574 786 4654 judicio
803 4587 904 4634 astare
930 4573 997 4654 ipse
1016 4572 1203 4633 Franciscus
1227 4571 1330 4632 eidem
1352 4570 1501 4632 Martin0.

346 4678 423 4739 ltem
448 4680 523 4760 quia
549 4679 666 4741 Paulus
691 4679 780 4741 saber
804 4693 915 4741 contra
935 4679 1117 4740 Emericum
1144 4675 1365 4762 Sydowchych
1390 4695 1501 4736 secun-

239 4783 329 4845 dario
354 4785 467 4846 citatus
492 4805 556 4846 non
581 4787 760 4867 comparuit
785 4787 816 4847 in
842 4785 962 4864 judicio
987 4805 1092 4845 coram
1119 4783 1223 4845 nobis.

348 4890 424 4951 Item
442 4911 570 4954 causam
585 4893 665 4957 iuter
682 4893 813 4958 Petrum
828 4891 958 4978 Dragyn
972 4905 1003 4953 et
1020 4891 1101 4952 inter
1120 4889 1325 4952 Valentinum
1345 4885 1501 4947 famulum
