3852 5814
691 553 776 610 Anno
800 563 889 631 1477.
915 588 956 596 —
980 567 1029 632 14.
1055 553 1166 614 martii,

615 764 692 827 Item
718 765 866 827 Vrbanus
892 767 1042 847 magister
1066 767 1260 850 pixidarum.

615 871 694 934 Item
722 872 832 934 Petrus
855 872 1005 954 lapicida.

614 978 692 1041 Item
719 978 896 1059 Gregorius
920 978 1062 1061 pellifex.

616 1085 694 1147 Item
720 1084 833 1147 Gurko
857 1099 956 1150 sutor.

617 1192 694 1254 Item
718 1192 843 1254 Blasius
867 1191 1018 1276 Irenipat.

616 1299 694 1361 Item
720 1297 841 1361 Gwrlto
866 1298 1040 1364 Gliuaricz.

613 1405 690 1467 Item
717 1404 829 1468 Gurlto
854 1425 997 1488 atcupar.

616 1512 694 1574 Item
720 1513 829 1574 Marco
853 1527 951 1574 sutor.

620 1619 698 1680 Item
724 1619 866 1701 Kyriuus
889 1619 1040 1701 agricola.

616 1724 693 1786 Item
720 1725 815 1788 Sorse
841 1725 976 1788 institor.

616 1831 694 1893 Item
719 1831 832 1894 Gurlto
860 1851 1022 1894 successor
1047 1830 1243 1913 Kathanycz.

615 1938 693 2000 Item
720 1937 895 2019 Gregorius
921 1938 1084 2000 Pethkow.

617 2044 694 2108 Item
719 2045 857 2106 lacobus
882 2044 1072 2126 Bekethycz.

616 2150 694 2212 Item
719 2150 845 2212 Blasius
869 2165 957 2212 sutor
982 2150 1126 2234 Nesthyn
1151 2151 1265 2214 dictus.

617 2259 693 2320 Item
720 2256 834 2320 Gallus
858 2271 947 2320 sutor
972 2258 1136 2319 DrakwIIn
1161 2258 1275 2321 dictus,

406 2401 483 2462 Item
509 2399 622 2483 prefati
649 2399 811 2462 lohannes
835 2399 929 2480 judex
955 2415 985 2461 et
1008 2399 1100 2480 jurati
1127 2421 1162 2462 ac
1192 2400 1364 2462 consiliarii
1389 2419 1462 2460 cum
1488 2419 1563 2460 con-

299 2527 393 2569 sensu
421 2521 451 2568 et
475 2508 715 2586 commissione,
748 2508 891 2568 unanimi
918 2520 948 2569 et
978 2508 1130 2569 concordi
1159 2507 1347 2590 volunptate
1379 2521 1410 2568 et
1434 2507 1563 2568 decreto

299 2614 403 2676 tocius
426 2614 677 2691 communitatis,
702 2614 812 2676 omnia
837 2614 973 2690 decreta,
1006 2627 1121 2676 statuta
1146 2627 1210 2676 tam
1244 2613 1274 2674 in
1301 2614 1440 2696 presenti
1465 2633 1562 2695 quam

300 2721 332 2782 in
358 2721 499 2802 antiquis
524 2719 684 2781 kathernis
708 2721 824 2781 nostris
849 2733 996 2782 contenta
1023 2736 1053 2782 et
1076 2721 1191 2802 scripta
1216 2722 1324 2802 quoad
1349 2739 1462 2782 omnes
1490 2721 1563 2783 arti-

300 2827 390 2889 culos
415 2841 445 2888 et
469 2838 585 2908 puncta
611 2839 641 2888 et
674 2825 833 2887 clausulas
865 2827 1054 2889 eorumdem
1085 2841 1275 2889 statutorum
1308 2841 1338 2890 et
1362 2827 1563 2889 decretorum

300 2953 356 3016 per
380 2945 482 2995 totum
506 2952 626 2994 annum
650 2933 806 3015 presentis
828 2933 986 3014 judicatus
1011 2934 1110 3015 ipsius
1139 2935 1271 2996 Ioannis
1295 2933 1409 3014 judicis
1434 2949 1464 2995 et
1488 2953 1563 2995 con-

300 3054 471 3122 sequenter
495 3055 526 3102 et
550 3040 701 3123 deinceps
725 3041 793 3122 jure
818 3055 974 3123 perpetuo
999 3055 1030 3104 et
1058 3041 1310 3104 Irrevocabiliter
1334 3039 1564 3103 confirmarunt

299 3167 424 3230 semper
448 3147 583 3210 valitura
609 3161 640 3209 et
663 3146 796 3210 firmiter
820 3147 1031 3214 observanda.

571 3343 667 3420 Feria
697 3357 793 3420 sexta
822 3356 901 3422 ante
929 3348 1129 3421 dominicam
1157 3349 1285 3424 letare.

827 3505 888 3581 (14.
913 3505 1034 3577 martie).

403 3643 479 3704 Item
507 3662 633 3704 causam
660 3643 742 3704 inter
773 3642 964 3704 Michaelem
999 3641 1186 3725 Naspichicz
1212 3655 1243 3704 et
1268 3643 1389 3704 Lucam
1415 3641 1563 3702 Ribaricz

302 3749 428 3810 racione
454 3750 671 3832 quorumdam
689 3748 826 3810 duorum
852 3749 921 3812 flor.
940 3749 1033 3830 jurati
1051 3748 1242 3810 confirmant
1266 3763 1297 3810 et
1320 3749 1499 3831 approbant
1518 3747 1563 3808 uti

299 3855 452 3937 prImitivi
478 3855 570 3938 jurati
589 3855 853 3936 adjudicaverunt
877 3855 1013 3917 eandem
1031 3875 1158 3917 causam
1178 3869 1208 3917 et
1225 3855 1355 3918 eosdem
1382 3855 1464 3916 duos
1480 3853 1563 3934 flon,

299 3961 387 4024 idem
414 3963 516 4024 Lucas
541 3962 690 4024 Ribaricz
723 3961 783 4024 sibi
809 3962 958 4024 Mithaeli
991 3961 1165 4043 NaspIchIn
1198 3963 1278 4024 intra
1303 3975 1451 4024 octavum
1477 3960 1563 4022 diem

298 4068 423 4130 solvere
447 4068 552 4132 debet.

403 4173 481 4236 Item
506 4194 634 4236 causam
664 4175 746 4237 inter
779 4177 898 4236 Lucam
933 4175 1081 4236 Ribaricz
1115 4188 1145 4238 et
1178 4175 1344 4238 Simonem
1371 4174 1483 4257 Radey
1516 4194 1563 4235 ra-

299 4278 392 4340 cione
418 4299 482 4341 non
508 4281 729 4362 permissionis
752 4281 892 4363 sigillare
917 4283 1050 4343 domurn
1085 4281 1229 4343 eiusdem
1254 4282 1367 4365 Radey
1390 4281 1478 4362 juxta
1503 4279 1563 4342 Ias·

300 4385 425 4448 sionem
451 4386 598 4468 Gregorii
632 4386 725 4468 jurati
750 4387 898 4449 moderni
930 4388 986 4469 qui
1018 4402 1135 4449 eotunc
1166 4401 1311 4471 tempore
1343 4388 1375 4448 in
1400 4387 1563 4470 presencia

299 4491 370 4572 tuit,
395 4493 488 4574 jurati
514 4493 791 4574 adjudicaverunt,
814 4495 902 4576 quod
928 4494 1012 4556 idem
1032 4495 1144 4556 Simon
1170 4495 1282 4578 Radey
1306 4509 1352 4557 est
1369 4495 1400 4555 in
1427 4515 1487 4556 una
1506 4515 1562 4577 po-

301 4600 403 4661 tencia
428 4601 551 4663 scilicet
574 4601 685 4663 decem
712 4621 889 4662 marcarum
916 4602 1081 4663 convictus
1102 4602 1216 4684 partlm
1243 4602 1347 4662 eidem
1374 4602 1459 4662 Luce
1476 4601 1564 4683 prius

300 4707 418 4768 comite
444 4720 474 4769 et
499 4708 614 4788 partim
640 4727 699 4789 pro
723 4721 789 4770 tota
814 4709 1045 4770 communitate
1070 4707 1193 4770 solvere
1218 4722 1248 4770 et
1272 4708 1347 4770 dare
1372 4720 1506 4769 tenetur.

408 4813 485 4875 Item
511 4833 637 4875 causam
672 4814 754 4875 inter
780 4815 899 4876 Lucam
925 4815 1073 4876 Ribaricz
1098 4829 1130 4876 et
1159 4813 1299 4876 eundem
1325 4815 1489 4875 SImonem
1516 4833 1562 4874 ra·

301 4919 393 4982 cione
418 4920 582 4981 cuiusdam
610 4919 674 4981 Ieni
701 4941 756 5001 pet
780 4941 912 5002 peccota
946 4922 1088 4982 eiusdem
1123 4922 1207 4982 Luce
1233 4921 1432 5001 depascentis
1457 4935 1486 4980 et
1511 4941 1562 4980 va·

302 5027 392 5088 dium
417 5046 474 5109 pro
499 5027 614 5089 eodem
640 5026 714 5090 feno
740 5028 843 5088 eidem
869 5029 981 5112 Radey
1014 5029 1099 5089 idern
1126 5028 1227 5090 Lucas
1251 5047 1351 5090 unum
1376 5027 1445 5089 flor.
1472 5027 1562 5108 inpo-
