3694 5782
518 564 605 620 Anno
622 561 715 640 1464.
740 597 781 606 -
805 579 855 624 20.
873 564 1026 640 januarii.
1347 583 1407 646 245

151 771 222 834 labri
250 793 346 855 super
370 774 523 836 domibus
547 775 612 836 suis
637 776 841 857 antiquarum
868 791 898 838 et
921 797 979 858 pro
996 777 1045 838 sui
1070 791 1157 860 parte
1182 777 1410 856 confectarum,

151 881 219 942 leria
245 895 333 942 sexta
357 881 505 963 proxime
530 895 662 944 ventura
689 883 755 965 ipsc
781 883 939 945 Achacius
967 885 997 944 in
1023 905 1076 946 ara
1098 899 1204 948 sancte
1232 886 1345 948 Crucis
1362 886 1408 966 ju·

150 1006 210 1048 rare
242 987 400 1049 solusmet
430 990 592 1051 tenebitur
624 990 657 1051 in
682 1009 731 1068 eo,
765 989 852 1072 quod
884 994 951 1072 ipse
983 991 1066 1071 ipsas
1098 991 1205 1052 literas
1238 1011 1295 1074 pro
1320 1006 1408 1073 parte

152 1093 244 1174 ipsius
268 1094 393 1156 Nicolai
419 1094 569 1157 aurifabri
594 1109 625 1157 et
654 1097 755 1158 eciam
787 1097 909 1178 priores
933 1117 1028 1179 super
1060 1098 1159 1159 domo
1183 1118 1238 1159 seu
1272 1099 1409 1180 pallatio

152 1213 296 1262 sonantes
320 1221 394 1282 erga
419 1222 451 1263 se
478 1222 542 1263 non
567 1202 699 1265 haberet
723 1224 782 1264 nec
808 1204 838 1264 in
863 1224 920 1264 sua
944 1217 1100 1285 potestate
1125 1205 1326 1266 haberentur.

250 1325 329 1387 Item
354 1346 480 1388 causam
507 1329 588 1388 inter
618 1329 832 1390 Laurencium
859 1328 976 1409 Sporar
1001 1343 1031 1390 et
1065 1329 1146 1390 inter
1172 1329 1314 1390 Marcum
1340 1349 1406 1389 car-

153 1430 273 1493 nificem
298 1433 426 1494 racione
459 1434 624 1495 cuiusdam
659 1434 814 1511 maccelli,
847 1433 939 1514 jurati
966 1435 1199 1513 adjudicarunt,
1224 1435 1311 1516 quod
1340 1435 1407 1517 ipse

152 1539 342 1600 Laurentius
374 1559 484 1620 sporar
516 1555 626 1602 contra
660 1542 765 1623 ipsum
798 1543 942 1603 Marcum
974 1543 1129 1603 solusmet
1160 1543 1191 1602 in
1217 1561 1269 1602 ara
1302 1557 1408 1604 sancte

154 1643 260 1706 Crucis
293 1644 372 1707 feria
404 1661 489 1707 sexta
522 1648 667 1728 proxime
700 1661 832 1709 ventura
870 1648 972 1729 jurare
1005 1649 1165 1709 tenebitur
1189 1649 1220 1709 in
1246 1667 1295 1726 e0‚
1321 1647 1408 1729 quod

153 1751 211 1833 ipse
235 1753 363 1815 Marcus
387 1753 418 1814 in
444 1755 599 1815 maccello
625 1755 724 1836 ipsius
750 1755 919 1817 Laurencii
945 1775 1009 1816 non
1040 1755 1201 1837 apreciato
1227 1767 1335 1816 contra
1354 1773 1408 1816 vo·

152 1859 299 1920 luntatem
325 1859 468 1922 eiusdem
506 1861 674 1922 laurencii
707 1881 817 1923 carnes
842 1861 1009 1937 mactavit;
1043 1862 1082 1922 de
1107 1880 1172 1942 quo
1198 1859 1319 1940 judicio
1342 1861 1408 1942 ipse

153 1967 269 2028 Marcus
293 1986 359 2028 non
385 1981 554 2031 contentus
578 1969 618 2029 ad
642 1969 785 2030 seniores
810 1969 985 2050 appellavit
1010 1969 1140 2048 judices.

249 2091 327 2153 Item
361 2091 534 2176 Dyonisius
567 2094 732 2175 Wodopia
765 2107 875 2154 contra
901 2093 1064 2154 Thomam
1098 2093 1232 2155 Cheden
1266 2093 1407 2154 secundo

153 2197 257 2260 citatus
281 2199 313 2260 iu
338 2199 459 2280 judicio
483 2221 548 2262 non
574 2201 754 2284 comparuit
778 2219 885 2262 coram
911 2200 1015 2262 nobis.

200 2437 343 2510 Sabbata
371 2443 524 2528 proximo
553 2449 628 2528 past
650 2441 773 2511 festum
801 2439 1001 2510 Natiuitatis
1028 2441 1171 2527 virginis
1199 2435 1353 2528 gloriose.

643 2615 709 2688 (10.
732 2611 917 2686 septembris).

250 2771 470 2832 iuramentum
496 2770 715 2852 adjudicatum
739 2791 796 2853 per
820 2771 962 2832 seniores
994 2768 1116 2850 judices
1141 2768 1268 2830 racione
1294 2767 1406 2849 depas-

154 2875 247 2936 cionis
269 2877 361 2939 vinee
386 2877 516 2938 Martini
533 2877 648 2958 judicis
672 2897 728 2958 per
753 2876 912 2938 famulum
931 2875 1097 2938 Benedicti
1116 2871 1279 2951 aurifabri,
1305 2872 1406 2935 Geor·

154 2983 218 3060 gius
240 2984 452 3046 mercenarius
469 2983 564 3046 frater
578 2983 759 3046 Wercbech
784 2981 922 3044 famulus
940 2981 1083 3043 eiusdem
1102 2979 1267 3043 Benedicti
1296 2992 1405 3041 contra

155 3088 300 3168 prelatum
326 3091 500 3152 Martinum
525 3090 664 3170 judicem
690 3087 767 3152 feria
785 3101 870 3151 sexta
895 3088 1039 3170 proxima
1065 3101 1137 3170 post
1154 3086 1270 3150 festum
1298 3085 1406 3168 Depo·

154 3195 272 3257 sicionis
296 3198 378 3260 beati
406 3197 545 3258 Ladislai
571 3197 653 3278 regis
677 3197 826 3278 deposuit
852 3209 885 3257 ut
909 3195 1057 3256 debebat.

251 3322 324 3384 ltem
350 3323 493 3384 seniores
518 3323 638 3404 judices
663 3323 864 3400 invenerunt,
889 3319 976 3402 quod
996 3339 1089 3381 causa
1115 3319 1293 3398 homicidii,
1318 3317 1405 3396 furti,

155 3429 304 3507 sauguinis
320 3429 509 3511 effusio(nis)
526 3444 556 3491 et
573 3429 634 3491 alia
651 3427 726 3490 talia
744 3427 824 3489 facta
842 3427 1014 3489 criminosa
1031 3426 1071 3487 ad
1088 3426 1229 3487 seniores
1246 3425 1400 3507 appellari

157 3551 212 3594 non
235 3550 365 3616 possunt
400 3535 532 3616 judices,
565 3555 622 3598 nec
647 3535 678 3596 in
712 3535 836 3596 statutis
868 3534 922 3594 sed
957 3553 1014 3594 nec
1040 3533 1070 3593 in
1104 3532 1265 3594 kathernis
1290 3533 1405 3594 nostris

155 3639 257 3702 similia
282 3643 418 3704 inveniri
443 3657 627 3724 potuerunt,
662 3643 722 3703 nisi
748 3642 836 3723 quod
861 3641 957 3722 judex
982 3660 1054 3702 cum
1080 3639 1190 3720 juratis
1215 3639 1301 3701 illius
1324 3653 1404 3702 tern-

157 3746 232 3825 poris
255 3748 349 3810 habet
372 3747 514 3830 judicare
539 3761 569 3812 et
592 3749 764 3810 terminare
791 3767 918 3808 causam
943 3746 1126 3810 talismodo.

248 3983 340 4058 Faria
369 3994 467 4058 sexta
496 3995 572 4076 post
601 3987 723 4058 lestuur
752 3983 843 4058 beati
871 3983 966 4056 Pauli
995 3987 1092 4074 primi
1120 3983 1297 4056 Heremite.

534 4157 601 4236 (20.
617 4159 768 4234 januarii,
791 4177 861 4218 ann.
887 4154 1000 4236 1464).

249 4300 425 4374 Quomodo
443 4300 575 4382 quidam
594 4299 755 4381 Georgius
778 4298 935 4361 fistulator
953 4300 1100 4382 Drepych
1119 4299 1231 4378 dictus,
1257 4300 1310 4381 qui
1329 4319 1402 4360 cum

159 4401 288 4466 Dionisio
313 4405 480 4488 Wodopia
505 4407 536 4467 in
562 4407 636 4467 villa
671 4405 890 4488 Hudybythek
920 4405 960 4466 ad
985 4419 1122 4467 castrum
1149 4406 1274 4466 Medwe
1307 4407 1402 4487 perti·

157 4523 238 4572 nente
262 4513 292 4573 in
317 4533 379 4574 una
406 4513 547 4574 sessione
565 4532 620 4573 seu
645 4513 731 4573 curia
757 4526 788 4573 et
805 4512 904 4573 domo
922 4511 1130 4573 residenciam
1158 4511 1307 4588 lacerent,
1324 4511 1401 4574 feria

158 4616 252 4694 quinta
277 4633 348 4700 post
372 4617 489 4680 festum
514 4619 598 4680 beati
625 4617 743 4680 Mathei
772 4618 910 4700 apostoli
935 4631 965 4680 et
997 4617 1202 4698 ewangeliste
1228 4619 1402 4699 quemdam

158 4717 334 4804 Gregorium
368 4723 570 4808 Ozyaseych,
604 4725 768 4786 concivem
798 4737 954 4803 nostrum,
987 4725 1040 4785 ubi
1076 4725 1142 4806 ipse
1168 4723 1344 4804 Gregorius
1370 4725 1400 4784 in

157 4844 255 4911 campo
272 4844 380 4893 nostro
406 4846 473 4893 sata
490 4831 570 4892 milii
590 4831 799 4910 custodiebat,
819 4833 990 4912 ignemque
1008 4831 1067 4891 sibi
1087 4831 1125 4891 ad
1148 4829 1400 4892 calefaciendum

157 4939 282 5017 parabat,
306 4959 397 5000 more
421 4937 597 5021 predonico
622 4951 653 4999 et
686 4938 793 5000 hostili
820 4939 850 4998 in
884 4938 1023 4999 eundem
1049 4937 1205 4999 irruentes
1238 4937 1401 5018 iidemque

159 5043 279 5105 eundem
306 5045 501 5128 Gregorium
525 5046 674 5108 atrociter
697 5047 916 5107 verberassent
940 5059 970 5106 et
998 5058 1135 5124 quatuor
1159 5044 1309 5105 letalibus
1332 5044 1400 5105 vul-

1703 137 1705 144 .
1682 12 1709 76 ⁴⁴3⁴}
1676 0 1677 3 Α

1736 49 1763 72 f
1732 14 1767 31 ‘r'

1822 1081 1826 1092 -
1823 1029 1826 1048 m
1814 923 1826 992 *mm-0„
1801 279 1826 910 „ffissmzzedgnahoe-ss&
1800 247 1804 258 ”
1820 224 1821 231 ⁴
1796 36 1822 204 '‘2⁹³“-
