3838 5786
670 575 755 630 Anno
779 584 867 649 1472.
889 606 933 616 -
957 585 1002 648 17.
1027 575 1139 646 aprilis.

382 789 1429 881 mmmmfflmpwstmmmffldmbmmm

773 946 837 1020 (29.
854 942 1034 1022 februaris).

383 1069 449 1130 Nos
480 1067 623 1129 seniores
653 1066 775 1148 judices
806 1065 1036 1128 confirmamus
1063 1065 1219 1146 judicium
1252 1065 1429 1148 juratorum
1462 1068 1543 1128 inter

276 1195 408 1238 uxorem
435 1174 520 1237 Galli
546 1174 673 1253 sutoris,
697 1173 832 1236 senioris
854 1172 960 1254 jurati,
984 1186 1015 1235 et
1040 1173 1122 1234 Petri
1149 1174 1261 1235 Koncz
1278 1174 1406 1236 racione
1431 1175 1540 1235 verbe-

277 1281 416 1343 racionis
441 1281 548 1342 uxoris
580 1277 725 1341 eiusdem
758 1278 857 1358 Galli,
889 1279 978 1361 quod
1004 1279 1063 1361 ipsi
1087 1277 1180 1359 jurati
1213 1279 1293 1360 juste
1319 1277 1543 1360 adjudicarunt

277 1391 361 1452 inter
385 1387 527 1451 eosdem.

381 1495 458 1557 ltem
484 1515 543 1556 nos
566 1495 709 1556 seniores
732 1493 854 1574 judices
879 1492 1013 1555 infacto
1038 1493 1267 1554 medicacionis
1285 1491 1396 1554 lamuli
1414 1493 1539 1554 domini

277 1603 410 1683 Georgii
436 1601 652 1664 archidiaconi
677 1601 845 1678 Vrbovvcz,
870 1620 925 1682 per
951 1599 1075 1683 Gywan
1108 1599 1290 1660 berbesium
1316 1598 1407 1677 lacte,
1432 1600 1537 1662 taliter

276 1710 479 1787 invenerunt,
504 1708 592 1790 quod
618 1709 684 1790 ipse
710 1707 834 1790 Gywan
860 1705 964 1786 jurare
995 1705 1156 1768 tenebitur
1181 1704 1256 1767 feria
1281 1721 1367 1768 sexta
1392 1708 1538 1789 proxima

277 1830 348 1898 post
373 1829 501 1876 octavas
526 1813 644 1876 Pasche
670 1813 813 1892 Domini,
838 1811 925 1894 quod
952 1812 1050 1873 nichil
1075 1812 1125 1873 vel
1151 1812 1315 1874 modicum
1339 1813 1458 1894 recepit
1481 1834 1539 1896 pro

275 1922 434 1984 medicina
461 1921 547 1982 illius
572 1919 684 1982 famuli
709 1919 833 1981 domini
864 1917 997 1999 Georgii
1023 1933 1053 1980 et
1070 1939 1129 2001 pro
1154 1933 1275 2000 quanto
1299 1919 1449 1980 convenit
1466 1939 1538 1980 cum

275 2029 389 2090 eodem
416 2047 474 2110 pro
499 2027 670 2106 medicina,
696 2026 780 2088 lwan
812 2039 901 2086 sutor
926 2026 1068 2087 concivis
1100 2039 1207 2088 noster
1231 2027 1354 2087 solvere
1378 2027 1539 2088 tenebitur

274 2134 351 2196 dum
375 2133 495 2216 jurabit
518 2133 586 2216 ipse
611 2131 748 2216 Gywan.

318 2315 1494 2408 Mmfflwmmmoefflmmmmfflmmmu

817 2440 982 2514 mfflm

799 2595 862 2672 (17.
886 2593 1017 2670 aprilis).

378 2719 455 2780 ltem
493 2718 567 2799 quia
601 2717 791 2779 Valentinus
824 2717 1005 2799 Pongracz‚
1037 2718 1144 2778 senior
1175 2717 1295 2798 juratus
1329 2732 1359 2780 et
1394 2720 1537 2782 concivis

273 2841 391 2903 noster,
415 2825 630 2906 juramentum
655 2823 714 2884 sibi
740 2823 959 2906 adjudicatum
999 2824 1165 2886 terciomet
1198 2839 1307 2888 contra
1334 2826 1535 2888 Demetrium

273 2930 433 3014 Swychlcy
457 2930 603 2991 similiter
628 2930 793 2991 concivem
820 2945 974 3005 nostrum,
1005 2929 1082 2993 feria
1107 2945 1192 2994 sexta
1218 2933 1362 3013 proxime
1387 2936 1535 3015 preterita

273 3038 408 3119 prestitit
433 3051 466 3099 ut
491 3036 612 3099 debuit.

378 3143 454 3205 ltem
480 3143 555 3224 quia
578 3162 657 3204 uxor
681 3143 841 3206 Francisci
871 3145 1058 3226 carpentarii
1084 3143 1299 3224 juramentum
1325 3145 1384 3206 sibi
1410 3144 1534 3226 adjudi-

271 3261 375 3311 catum
399 3263 507 3311 contra
519 3249 695 3330 Georgium
706 3263 858 3328 sutorem,
869 3250 1014 3312 similiter
1024 3250 1138 3312 eodem
1150 3251 1201 3310 die
1213 3251 1348 3332 prestitit
1361 3265 1398 3312 ut
1412 3251 1534 3314 debuit.

378 3357 455 3418 ltent
492 3357 708 3438 juramentum
741 3355 866 3439 Gyvvan
901 3358 1065 3418 barberius
1104 3371 1213 3418 contra
1253 3357 1337 3418 lwan
1378 3373 1534 3438 sutorem,

272 3462 487 3544 juramentum
513 3462 649 3544 prestitit
666 3463 724 3524 sibi
743 3463 961 3544 adjudicatum
979 3483 1035 3544 per
1051 3463 1182 3542 juratos,
1207 3465 1342 3544 prestitit
1360 3479 1393 3525 ut
1410 3465 1531 3528 debuit.

378 3569 455 3630 ltem
481 3569 556 3650 quia
582 3569 763 3651 Stephanus
781 3570 898 3632 Bertun
921 3571 1061 3631 concivis
1086 3584 1193 3632 noster
1210 3572 1240 3631 in
1260 3571 1429 3634 manifesto
1448 3571 1532 3634 lurtu

271 3675 406 3737 duarum
433 3677 553 3737 eutium
579 3677 748 3738 ovinarum
766 3677 928 3738 Valentini
945 3677 1072 3754 sutoris,
1097 3678 1243 3738 moderni
1269 3677 1373 3758 jurati,
1392 3695 1534 3760 repertus

271 3797 301 3844 et
327 3783 476 3844 inventus
499 3797 545 3845 est
569 3783 749 3862 manifeste,
782 3784 836 3864 qui
869 3783 943 3844 licet
967 3803 1025 3865 pro
1057 3783 1242 3845 huiusmodi
1267 3805 1326 3846 suo
1351 3785 1435 3847 furtu
1467 3807 1534 3849 sus·

272 3889 368 3971 pendi
387 3889 560 3968 debuisset,
576 3903 684 3952 tamen
702 3891 776 3972 quia
794 3910 852 3972 pro
866 3891 981 3951 eodem
1006 3889 1170 3972 Stephano
1189 3891 1328 3953 Berthun
1354 3894 1535 3975 perplures

272 3997 390 4078 probos
413 3996 499 4056 viros
524 3997 617 4057 nobis
650 3997 680 4056 in
714 3995 828 4056 eodem
862 3996 1075 4078 supplicatum
1100 4011 1156 4074 cst,
1182 4011 1215 4058 ut
1246 3999 1305 4059 sibi
1330 3999 1470 4078 graciam
1504 4015 1535 4061 et

272 4102 525 4164 misericordiam
552 4101 654 4164 lacere
671 4103 874 4181 deberemus,
896 4103 1034 4184 ideoque
1061 4123 1119 4164 nos
1135 4117 1199 4165 tota
1218 4107 1433 4167 communitas
1449 4107 1533 4168 dicte

270 4209 406 4271 civitatis
437 4208 542 4272 eidem
566 4209 672 4271 taliter
703 4210 843 4290 graciam
877 4223 908 4271 et
939 4209 1192 4272 misericordiam
1225 4210 1369 4291 facimus,
1394 4214 1482 4295 quod
1507 4216 1533 4275 si

271 4314 488 4396 peramplius
513 4329 542 4376 et
574 4315 615 4376 de
647 4329 753 4377 cetero
788 4317 853 4397 ipse
887 4315 1067 4398 Stephanus
1100 4318 1130 4377 in
1164 4316 1348 4380 huiusmodi
1373 4317 1459 4381 furtu
1485 4323 1534 4383 vel

271 4419 342 4480 aliis
365 4420 525 4482 similibus
549 4421 738 4483 criminibus
762 4437 793 4484 et
817 4421 942 4483 delictis
966 4437 1109 4503 repertus
1133 4437 1163 4484 et
1181 4424 1328 4485 inventus
1351 4423 1457 4504 fuerit,
1483 4448 1534 4489 ex-

269 4539 346 4588 tunc
370 4541 400 4589 et
423 4528 614 4610 premissum
640 4529 832 4591 modernum
859 4528 1011 4589 delictum
1036 4530 1121 4610 parci
1147 4549 1211 4591 non
1238 4532 1343 4611 debet,
1368 4533 1423 4594 sed
1447 4533 1532 4615 juxta

270 4647 418 4695 contenta
444 4633 603 4716 privilegii
629 4635 712 4696 dicte
738 4635 874 4697 civitatis
903 4635 1007 4717 puniri
1033 4636 1173 4698 debebit.

376 4739 451 4802 ltem
478 4741 553 4822 quia
587 4741 742 4804 discretus
774 4742 822 4802 vir
853 4741 1004 4803 dominus
1037 4741 1152 4804 Gallus
1184 4746 1414 4826 prebendarius
1447 4747 1533 4808 chori

271 4846 402 4907 ecclesie
427 4849 643 4927 zagrabiensis
660 4847 851 4909 secundario
869 4848 1084 4930 proclamatus
1106 4865 1136 4913 et
1161 4867 1291 4913 vocatus
1315 4853 1354 4914 ad
1378 4853 1533 4934 judicium

270 4965 377 5014 contra
414 4954 555 5015 Marcum
590 4953 815 5036 Gywraltoych
849 4954 977 5016 racione
1010 4953 1083 5017 lorti
1116 4958 1281 5018 cuiusdam
1314 4960 1445 5021 camisie
1469 4979 1533 5020 non

271 5059 357 5120 venit
381 5079 486 5142 neque
510 5061 606 5125 misit.

1428 5155 1468 5217 26
