3838 5786
660 493 856 570 Ann01475.
883 527 924 536 —
941 505 976 568 5.
1000 493 1173 568 septembris.
1486 515 1548 575 445

394 703 472 764 Item
491 705 610 766 Paulus
625 704 711 766 filius
728 703 872 786 Kathycz
886 705 982 767 debet
998 705 1102 784 jurare
1116 717 1225 766 contra
1239 705 1408 768 dominum
1422 708 1551 768 Petrum

288 811 463 892 plebanum
497 811 536 871 de
570 811 742 872 Petrouina
774 811 892 872 minori
924 811 1118 890 terciusmet‚
1150 813 1174 872 si
1207 825 1314 874 autem
1346 833 1410 874 non
1436 815 1553 895 poterit

289 915 437 978 homines
461 915 589 996 habere,
614 930 690 978 tunc
715 917 801 978 solus
825 915 907 998 juret
931 917 1032 978 tribus
1056 918 1189 980 vicibus.

380 1153 477 1227 feria
507 1158 614 1228 tercia
642 1163 720 1228 ante
749 1156 871 1228 festum
900 1156 1101 1228 Nativitatis
1130 1158 1274 1245 virginis
1304 1156 1460 1246 gloriose.

793 1311 838 1388 (5.
862 1312 1051 1386 septembres).

392 1450 470 1512 Item
496 1451 571 1532 quia
596 1452 686 1514 litere
710 1471 805 1534 super
826 1451 959 1513 domum
978 1452 1064 1513 Luce
1088 1453 1247 1536 Ribarycz
1271 1454 1435 1535 perierunt
1460 1455 1546 1516 etad

286 1557 403 1619 trinam
441 1556 601 1620 forensem
637 1558 799 1640 publicam
823 1558 1113 1640 proclamacionem
1152 1559 1280 1621 easdem
1313 1560 1451 1640 reperire
1484 1581 1549 1622 non

286 1677 473 1746 potuerunt,
498 1665 571 1726 ideo
597 1665 812 1727 communitas
844 1665 984 1726 decrevit
1008 1665 1114 1726 eidem
1139 1666 1206 1727 dari
1232 1666 1338 1727 literas
1363 1680 1393 1728 et
1417 1667 1485 1748 jura
1510 1667 1550 1728 de

288 1789 374 1831 novo
406 1790 501 1851 super
533 1771 667 1832 eandem
701 1772 854 1849 domum,
886 1771 975 1852 quod
1006 1771 1088 1832 liber
1116 1785 1162 1832 est
1185 1773 1319 1833 eandem
1354 1773 1492 1834 vendere
1519 1789 1550 1836 et

285 1896 351 1958 quo
376 1876 445 1937 vult
470 1875 573 1938 facere
598 1897 634 1938 ac
658 1877 828 1960 disponere
853 1897 918 1959 quo
943 1877 1002 1938 sibi
1027 1878 1140 1959 placet.

391 2001 469 2063 item
494 2002 569 2083 quia
601 2003 692 2064 litere
724 2023 819 2084 super
851 2003 978 2064 vineam
1012 2002 1165 2084 Stephani
1198 2003 1355 2086 plathnar,
1387 2003 1481 2084 jurati
1515 2020 1546 2067 et

284 2108 425 2168 concivis
449 2110 560 2188 nostri,
585 2109 758 2188 perierunt,
783 2110 876 2171 etad
902 2110 1017 2170 trinam
1049 2107 1211 2171 forensem
1237 2111 1399 2192 publicam
1424 2112 1548 2193 procla·

285 2213 467 2276 macionem
500 2216 629 2278 easdem
654 2217 793 2298 reperire
826 2236 890 2277 non
924 2229 1109 2297 potuerunt,
1141 2216 1215 2277 ideo
1247 2217 1462 2278 communitas
1495 2216 1549 2279 de-

285 2321 385 2382 crevit
417 2321 484 2382 dari
510 2321 615 2382 eidem
649 2323 754 2384 literas
779 2336 809 2384 et
840 2322 908 2404 jura
933 2321 973 2384 de
1004 2341 1090 2383 novo
1122 2342 1217 2404 super
1249 2323 1383 2383 eandem
1410 2323 1548 2402 vineam,

284 2427 372 2508 quod
398 2427 479 2489 liber
502 2442 549 2491 est
573 2428 707 2490 eandem
734 2429 850 2508 colere,
871 2443 978 2490 tenere
1003 2441 1033 2491 et
1057 2448 1265 2510 quocumque
1289 2429 1358 2490 vult
1382 2427 1497 2509 lacere,
1521 2430 1546 2490 si

283 2531 342 2593 sibi
370 2533 474 2615 placet
499 2533 603 2596 faciat.

389 2657 467 2720 Item
492 2659 631 2722 Michael
661 2679 761 2741 gener
791 2659 929 2721 condam
963 2660 1049 2721 Luce
1078 2659 1194 2721 sutoris
1226 2658 1481 2722 satisfaccionem
1508 2659 1547 2722 de

284 2763 399 2826 debitis
423 2763 557 2846 Georgii
583 2765 791 2842 Hocchewar,
817 2766 960 2848 quesibi
992 2765 1206 2848 obligabatur,
1239 2766 1464 2828 omnimodam
1496 2766 1544 2828 in·

282 2869 395 2952 pendit
418 2870 674 2934 satisfaccionem
700 2873 732 2933 in
756 2885 825 2934 toto
850 2885 881 2933 et
905 2892 961 2954 per
984 2872 1104 2935 omnia.

390 2995 467 3057 ltem
503 2996 596 3078 jurati
629 2997 895 3074 adjudicaverunt
925 3015 1025 3078 penes
1056 2997 1225 3078 registrum
1259 3011 1290 3058 et
1321 3011 1546 3060 testamentum

282 3101 381 3182 ipsius
416 3102 553 3164 condam
591 3104 676 3164 Luce
709 3104 797 3184 quod
831 3102 1012 3165 Hochewar
1043 3123 1145 3184 usque
1186 3103 1428 3185 quindecimum
1461 3104 1547 3165 diem

282 3207 388 3269 eidem
414 3208 565 3270 Michaeli
591 3210 657 3292 ipse
684 3209 865 3271 Hochewar
889 3208 1061 3271 satisfaciat
1085 3209 1125 3270 de
1142 3215 1271 3271 centum
1296 3209 1365 3271 flor.
1389 3210 1456 3270 sine
1473 3229 1546 3292 pro-

282 3315 472 3394 rogacione;
498 3316 573 3376 item
608 3315 769 3397 Georgius
801 3317 982 3378 Hochewar
1011 3316 1186 3398 appellavit
1217 3317 1318 3398 ipsam
1351 3335 1481 3376 causam
1515 3316 1547 3376 in

284 3421 481 3502 presenciam
507 3422 681 3484 seniorum.

387 3527 465 3589 Item
491 3548 618 3590 causam
644 3529 725 3590 inter
748 3549 903 3610 generum
930 3531 1015 3590 Luce
1040 3548 1113 3589 cum
1139 3529 1260 3612 Radey,
1287 3527 1423 3589 Michael
1441 3528 1546 3588 solvat

281 3634 393 3718 Radey
416 3635 530 3715 viginti
555 3635 688 3714 solidos,
725 3635 838 3718 Radey
871 3655 947 3696 vero
979 3635 1039 3695 sibi
1065 3634 1215 3696 Michaeli
1250 3653 1350 3695 unum
1375 3633 1443 3696 flor.
1477 3635 1546 3694 auri

280 3741 404 3802 solvere
428 3755 585 3802 teneatur.

386 3848 463 3908 ltem
491 3847 660 3930 Philippus
691 3863 780 3910 sutor
812 3847 917 3930 primo
946 3847 1061 3908 citatus
1085 3862 1194 3908 contra
1228 3848 1356 3908 Petrum
1382 3847 1546 3908 barbiton-

280 3973 385 4016 sorem
411 3974 476 4015 non
501 3955 692 4036 comparuit.

386 4079 464 4141 Item
490 4080 577 4141 Elias
601 4093 808 4162 campanator
833 4093 942 4141 contra
968 4079 1169 4140 Anthonium
1194 4092 1348 4141 sartorem
1372 4079 1477 4160 primo
1502 4080 1544 4140 ci·

279 4201 363 4249 tatus
387 4207 451 4248 non
478 4187 668 4269 comparuit.

387 4312 464 4374 ltem
490 4332 584 4373 causa
609 4313 690 4373 inter
714 4312 912 4393 Stephanum
939 4311 1100 4372 literatum
1125 4324 1156 4371 et
1174 4309 1388 4371 Laurencium
1414 4329 1544 4392 carpen-

280 4418 408 4496 tarium,
435 4419 630 4479 Laurencius
649 4418 764 4479 mansit
782 4437 854 4479 cum
880 4419 1027 4478 membro
1045 4417 1140 4477 unius
1158 4436 1271 4476 manus
1295 4429 1405 4476 contra
1423 4417 1544 4494 sedem,

281 4539 389 4587 contra
414 4545 491 4586 vero
518 4525 639 4586 dictum
665 4525 864 4608 Stephanum
889 4525 1050 4585 literatum
1068 4525 1183 4584 mansit
1209 4525 1239 4584 in
1258 4524 1331 4584 vivo
1357 4522 1543 4603 homaghio.

384 4649 463 4712 ltem
499 4649 644 4712 Thomas
687 4663 775 4712 sutor
809 4650 930 4730 juratus
972 4649 1050 4710 alias
1086 4662 1195 4710 contra
1238 4648 1370 4710 Gallum
1403 4647 1541 4728 juratum

280 4757 384 4838 primo
421 4757 534 4818 citatus
569 4775 635 4818 non
672 4757 852 4838 comparuit
887 4756 1001 4816 missus
1040 4755 1078 4816 ad
1112 4755 1210 4816 tercio
1243 4755 1274 4815 in
1310 4754 1464 4836 judicium
1498 4773 1545 4816 re·

279 4883 465 4946 sponsurus.
