3838 5786
722 476 809 534 Amto
832 487 921 552 1473.
948 509 988 517 —
1005 489 1061 551 jo,
1091 477 1205 549 aprilis.

444 687 522 750 ltem
548 707 676 750 causam
702 687 783 750 inter
801 687 992 772 Dyonirium
1012 686 1196 770 Sypcbyczc
1221 701 1252 748 et
1276 687 1454 748 Fabianum
1473 685 1601 748 fratrem

339 795 482 856 eiusdem
509 808 539 856 et
563 795 645 856 inter
669 794 789 875 juratos
812 795 885 856 anni
908 795 1049 877 preteriti
1074 809 1168 876 puta:
1194 793 1401 858 Dominicunt
1427 794 1598 875 Peroyczc,

338 902 541 964 Anthonium
550 901 778 984 Thermsyczc,
789 902 968 963 lohannent
981 901 1220 983 Soldinaryczc‚
1235 899 1434 982 Stephanum
1445 899 1601 982 platbnar‚

338 1008 483 1070 Marcum
508 1006 690 1070 carnificem
716 1007 965 1090 thakowycze
986 1007 1118 1086 dictum,
1143 1005 1336 1088 Gregorium
1361 1022 1515 1084 sutorem,
1541 1007 1602 1067 Mi-

337 1115 481 1176 cbaelem
507 1113 610 1176 filium
635 1114 797 1176 Valentini
823 1115 937 1196 judicis
961 1130 992 1176 et
1008 1115 1215 1178 Valentinum
1240 1128 1394 1190 sutorem,
1418 1113 1527 1174 arbitri
1546 1132 1602 1194 per

337 1235 505 1303 utramque
531 1233 653 1304 partem
680 1221 771 1282 electi
805 1221 972 1282 videlicet:
1005 1220 1187 1282 Anthonius
1216 1221 1295 1282 alies
1326 1220 1432 1300 judex,
1458 1219 1603 1280 Thomas

337 1327 480 1390 Croacus
505 1327 645 1410 lrenipar
670 1327 749 1388 alias
779 1327 886 1408 judex,
919 1327 1082 1388 lohannes
1113 1327 1253 1408 Bolsagh
1286 1326 1364 1388 alias
1387 1325 1494 1407 judex,
1519 1326 1601 1386 Lau·

334 1435 460 1495 rencius
485 1434 604 1516 Sporar
641 1434 719 1495 alias
743 1434 864 1516 juratus
895 1435 999 1495 taliter
1023 1448 1054 1496 et
1086 1453 1124 1496 eo
1150 1433 1248 1495 modo
1280 1433 1363 1495 inter
1388 1434 1472 1515 ipsas
1497 1445 1601 1514 partes

334 1541 563 1603 concluserunt
587 1555 617 1602 et
641 1541 681 1601 ad
706 1540 847 1602 debitam
881 1541 1034 1602 unionem
1063 1541 1151 1623 pacis
1180 1541 1391 1617 devenerunt,
1416 1538 1504 1620 quod
1529 1557 1599 1620 pte-

336 1647 391 1709 lati
417 1647 510 1726 jurati
536 1649 620 1708 bona
647 1648 790 1728 ipsorum
823 1666 880 1728 per
907 1647 1037 1708 eosdem
1071 1649 1111 1709 ab
1135 1647 1256 1708 eisdem
1290 1661 1415 1728 recepta
1441 1645 1517 1727 ipsis
1542 1644 1601 1705 Fa·

334 1754 433 1815 biano
458 1767 490 1814 et
514 1753 671 1836 Dyonisio
695 1753 828 1814 reddere
861 1753 1000 1814 debeant
1024 1767 1054 1813 et
1085 1767 1263 1832 teneantur,
1297 1751 1355 1834 ipsi
1381 1765 1487 1814 autem
1513 1751 1600 1833 Dyo·

333 1859 437 1920 nisius
461 1873 491 1920 et
524 1859 685 1920 Fabianus
715 1879 870 1940 expensas
901 1879 1015 1920 omnes
1046 1873 1077 1920 et
1108 1859 1222 1920 totales
1245 1878 1301 1940 per
1334 1859 1419 1941 ipsos
1444 1857 1541 1918 lactas
1566 1858 1597 1918 in

332 1966 562 2048 persecucione
604 1985 698 2026 cause
730 1965 890 2046 predicte,
929 1966 1049 2028 scilicet
1081 1987 1138 2049 pro
1172 1965 1385 2047 requisicione
1418 1979 1449 2026 et
1480 1965 1598 2025 adduc-

333 2072 426 2133 cione
444 2071 585 2154 magistri
603 2071 833 2153 spiculatorum
851 2087 881 2133 et
898 2073 999 2133 eciam
1017 2093 1074 2154 pro
1098 2073 1265 2134 solucione
1290 2073 1388 2154 ipsius
1412 2085 1442 2132 et
1466 2071 1595 2153 propria

332 2179 531 2240 adduccione
559 2198 659 2258 usque
685 2178 723 2239 ad
742 2193 815 2240 octo
832 2179 900 2238 dies
920 2178 1065 2260 plenarie
1082 2180 1122 2240 ad
1141 2198 1254 2240 manus
1271 2179 1488 2260 predictorum
1514 2178 1600 2238 arbi·

333 2298 456 2346 trorum
481 2284 642 2365 assignare
668 2283 815 2362 debeant,
841 2298 871 2345 ct
895 2283 992 2364 judici
1019 2301 1050 2346 et
1078 2284 1188 2364 juratis
1217 2283 1468 2347 satisfaccionem
1494 2286 1599 2344 omni·

334 2391 464 2452 modam
492 2391 677 2472 impendere
701 2405 870 2451 teneantur
894 2391 948 2451 tali
973 2391 1172 2472 obligamine
1203 2391 1374 2469 mediante,
1399 2390 1487 2471 quod
1520 2409 1598 2471 que-

334 2516 472 2578 cumque
497 2498 640 2578 parcium
666 2498 820 2578 temporis
845 2497 876 2558 in
902 2517 1052 2578 processu
1077 2497 1109 2558 in
1138 2498 1300 2580 premissis
1325 2517 1390 2559 non
1415 2498 1598 2579 persisteret

333 2617 447 2664 extunc
464 2604 537 2665 talis
553 2623 625 2686 pars
648 2604 729 2685 parti
748 2603 779 2664 in
806 2605 968 2685 premissis
985 2605 1165 2686 persistenti
1180 2605 1211 2666 in
1231 2605 1465 2687 quinquaginta
1483 2605 1598 2665 marcis

331 2709 536 2770 denariorum
562 2723 592 2770 et
616 2709 713 2790 judici
739 2730 833 2771 cause
857 2711 998 2792 predicte
1030 2711 1176 2790 totidem,
1201 2725 1232 2772 et
1256 2713 1355 2774 eciam
1382 2732 1508 2774 causam
1527 2731 1597 2793 pre-

331 2816 531 2877 nominatam
555 2817 695 2877 totaliter
718 2817 852 2896 amittat,
878 2816 1042 2879 exsolvere
1076 2818 1190 2879 debeat
1214 2832 1245 2880 et
1268 2832 1424 2895 teneatur,
1449 2817 1597 2878 similiter

329 2922 401 2983 talis
425 2941 497 3005 pars
520 2923 551 2982 in
571 2921 738 3004 fidefragio
763 2922 830 2984 lore
848 2925 1069 3004 convincatur,
1093 2939 1124 2985 et
1141 2924 1201 2985 boc
1227 2944 1284 2985 nec
1309 2925 1408 2985 verbo
1434 2943 1490 2985 nec
1509 2923 1593 2984 lacto

330 3029 417 3090 nulla
454 3029 667 3110 predictarum
705 3030 848 3111 parcium
886 3031 1036 3108 excedat;
1074 3032 1203 3113 insuper
1234 3031 1333 3092 bomo
1364 3031 1422 3091 iste
1454 3031 1509 3112 qui
1535 3029 1595 3091 luit

331 3149 442 3215 captus
475 3135 604 3196 racione
640 3149 671 3196 et
706 3136 874 3197 occasione
900 3135 972 3197 lacti
1009 3137 1109 3216 istius,
1146 3139 1227 3199 liber
1261 3137 1305 3198 ire
1339 3137 1540 3218 permittatur
1564 3151 1595 3197 et

330 3242 429 3320 abire,
455 3242 542 3322 quod
560 3255 591 3302 et
615 3239 732 3302 lactum
752 3257 817 3318 est;
841 3263 877 3304 ac
902 3244 993 3304 istam
1011 3244 1285 3326 composicionem
1310 3243 1414 3304 taliter
1431 3243 1462 3304 in
1481 3263 1594 3304 manus

330 3347 547 3430 predictorum
561 3349 754 3410 arbitrorum
772 3349 1012 3411 discuciendam
1029 3365 1060 3411 et
1083 3349 1360 3411 determinandam
1378 3350 1470 3410 ambe
1489 3365 1594 3431 partes

331 3455 430 3515 libere
456 3455 514 3515 sub
540 3453 601 3515 fide
627 3474 738 3516 eorum
761 3455 977 3531 admiserunt3
1002 3477 1097 3538 super
1115 3476 1177 3538 qua
1195 3456 1410 3538 disposicione
1435 3470 1466 3516 et
1489 3456 1592 3516 deter-

331 3561 512 3621 minacione
537 3581 572 3621 ac
597 3561 805 3623 conclusione
829 3562 971 3644 predicte
996 3577 1100 3646 partes
1125 3564 1218 3624 ambe
1245 3563 1305 3644 ipsi
1330 3561 1537 3644 dispositioni
1563 3577 1593 3622 et

330 3667 561 3748 composicioni
587 3683 818 3729 consenserunt
842 3682 872 3730 et
901 3669 1050 3731 benivole
1083 3670 1277 3732 adheserunt
1308 3687 1416 3730 coram
1440 3669 1592 3729 omnibus

329 3775 361 3834 in
386 3775 576 3836 consistorio
602 3775 819 3836 existentibus.

330 4010 426 4083 Faria
454 4019 553 4083 sexta
573 4016 727 4101 proxima
748 4020 826 4084 ante
850 4013 973 4084 festum
995 4012 1137 4101 Philippi
1158 4021 1190 4082 et
1210 4013 1329 4104 jacobi
1350 4013 1591 4101 apostolorum.

845 4169 909 4242 (30.
935 4167 1061 4239 aprilis).

438 4305 515 4367 ltem
538 4326 679 4384 causam,
712 4327 774 4389 que
807 4307 1034 4368 ventillabatur
1065 4307 1146 4368 inter
1175 4307 1317 4367 Marcum
1350 4307 1487 4387 juratum
1512 4307 1592 4369 alias

328 4411 576 4496 Gwrakowyczc
601 4414 722 4474 dictum
747 4429 777 4475 et
791 4414 976 4494 Philippum
999 4413 1114 4494 Dudey
1139 4413 1266 4475 racione
1284 4411 1460 4493 familiaris,
1476 4433 1587 4496 proro-

327 4537 442 4603 garunt
467 4521 497 4580 in
524 4521 611 4581 aliud
637 4521 791 4602 judicium
817 4522 956 4603 primum
988 4520 1170 4580 immediate
1203 4540 1341 4601 sequens
1365 4520 1425 4581 nisi
1449 4521 1590 4603 poterint

328 4627 599 4707 compontticium
624 4629 705 4688 inter
729 4648 761 4688 se
787 4627 900 4690 lacere.

434 4733 511 4793 ltem
536 4749 667 4814 propter
699 4754 825 4794 causam
860 4733 1111 4815 Naspolichyczc
1136 4747 1166 4793 et
1199 4733 1354 4795 Jacobum
1386 4733 1590 4814 adjudicave-

327 4853 400 4900 runt
423 4838 555 4919 judices,
580 4840 668 4921 quod
694 4839 833 4921 prelatus
858 4841 995 4902 lacobus
1019 4839 1144 4901 lecisset
1172 4858 1250 4900 auso
1274 4841 1444 4902 temerario
1475 4855 1588 4922 poten·

327 4944 408 5005 ciam
432 4964 526 5027 super
556 4945 716 5028 prelatum
748 4946 1009 5030 Naspolichyczc,
1044 4947 1132 5009 unde
1164 4961 1332 5028 agravatus
1356 4961 1402 5009 est
1426 4947 1511 5010 idem
1537 4949 1590 5009 Ja-
