3838 5786
645 549 730 606 Anno
752 561 842 625 1472.
873 582 911 592 —
939 563 986 626 14.
1011 551 1137 622 augusti.

262 759 407 841 permisit
431 758 536 820 eidem
563 759 703 840 recipere
727 759 834 840 ligna3
859 773 889 821 et
914 759 988 840 quia
1015 760 1080 842 ipse
1099 761 1228 846 Endrey
1253 761 1445 844 vituperavit
1470 781 1523 822 co·

264 886 331 928 ram
348 867 457 928 Marco
474 865 589 948 jurato,
603 866 768 927 convictus
784 879 831 928 est
847 866 945 944 judici
967 885 1039 928 cum
1053 866 1163 946 juratis
1180 868 1211 928 in
1229 883 1356 930 centurn
1375 868 1524 930 denariis.

367 972 448 1034 Item
474 973 506 1033 in
531 992 625 1032 carisa
651 973 888 1054 deperditionis
913 987 944 1035 et
960 974 1151 1055 suspicionis
1175 975 1388 1056 quarumdam
1413 995 1525 1056 peccu-

265 1079 387 1140 niarum
412 1078 563 1141 videlicet
586 1077 643 1140 XII
668 1097 840 1160 pensarum
857 1079 1065 1142 denariorum
1091 1080 1231 1142 Ladislai
1249 1081 1406 1162 preconis,
1433 1081 1527 1142 Ladi-

263 1185 348 1246 slaus
372 1204 446 1246 cum
471 1203 569 1246 uxore
593 1183 698 1265 jurare
722 1185 895 1264 tenebitur,
920 1185 1006 1267 quod
1025 1187 1057 1247 in
1083 1186 1138 1248 illa
1163 1186 1262 1248 domo
1279 1187 1420 1268 perdidit
1444 1187 1528 1269 ipsas

263 1293 444 1375 peccunias,
468 1305 499 1354 et
523 1290 612 1372 quod
636 1311 694 1352 nec
726 1311 806 1353 uxor
830 1292 899 1353 eius
931 1293 962 1354 in
992 1293 1069 1374 ipsis
1101 1293 1265 1375 peccuniis
1289 1313 1354 1354 non
1380 1306 1425 1356 est
1449 1314 1526 1356 con·

262 1399 337 1478 scia,
362 1413 393 1461 et
417 1397 463 1460 illi
496 1417 610 1459 omnes
640 1398 680 1459 ad
706 1417 787 1479 quos
819 1399 1036 1481 suspicionem
1068 1400 1134 1482 ipse
1175 1399 1342 1462 Ladisleus
1375 1399 1471 1462 habet
1495 1400 1527 1462 in

263 1504 376 1568 eadem
401 1504 501 1566 domo
526 1504 706 1566 habitantes
730 1505 828 1566 modo
853 1505 950 1567 simili
973 1505 1076 1586 jurare
1100 1507 1305 1586 tenebuntur,
1330 1520 1361 1568 et
1385 1507 1463 1568 dum
1480 1505 1513 1587 ju

263 1612 389 1690 rabunt,
406 1625 482 1673 tunc
498 1629 612 1672 omnes
630 1612 844 1672 communiter
861 1611 900 1672 ad
918 1611 1043 1694 singula
1060 1613 1162 1694 capita
1180 1613 1303 1674 solvere
1323 1614 1527 1674 tenebuntur.

369 1718 446 1780 Item
473 1716 610 1780 Michael
628 1716 712 1779 filius
730 1717 933 1801 Stephanych
951 1717 1044 1798 jurati
1061 1718 1166 1798 jurare
1194 1719 1355 1782 tenebitur
1372 1718 1527 1781 solusmet

266 1825 297 1886 in
322 1844 376 1886 ara
400 1838 508 1886 sancte
533 1823 646 1886 Crucis
680 1821 758 1886 feria
783 1837 868 1886 sexta
894 1837 965 1907 post
990 1823 1104 1886 lestum
1134 1827 1218 1907 regis
1242 1824 1395 1907 Stephani
1421 1825 1452 1887 in
1477 1845 1527 1903 e0,

265 1930 353 2012 quod
378 1930 445 2013 ipse
471 1949 534 1992 non
560 1932 679 2012 recepit
711 1950 769 1992 nee
802 1929 923 1992 iuratus
954 1944 1001 1992 est
1027 1931 1236 2013 precipicium
1268 1931 1375 1992 avium
1401 1931 1434 1992 in
1458 1951 1524 2013 quo

265 2038 435 2120 capiuntur
458 2057 542 2116 aves,
568 2037 642 2118 quia
667 2037 851 2099 terciusmet
875 2038 978 2117 jurare
1010 2037 1181 2116 debuisset,
1206 2039 1261 2098 sed
1286 2057 1414 2119 exque
1439 2038 1523 2099 testi·

264 2144 410 2206 monium
435 2143 531 2205 habet
556 2144 621 2226 ipse
647 2143 784 2205 Michael
809 2143 976 2205 dominam
1001 2158 1182 2206 consortem
1216 2144 1401 2228 Perowych,
1434 2145 1523 2226 quod

265 2269 324 2332 pro
349 2269 413 2312 uno
439 2270 514 2312 arcu
538 2263 568 2312 et
592 2269 650 2332 pro
675 2269 741 2312 uno
765 2250 876 2312 libello
901 2270 919 2312 a
948 2249 1111 2333 Stephano
1143 2249 1210 2312 filio
1236 2251 1378 2334 Peroych
1404 2250 1526 2330 habuit,

265 2356 321 2418 sed
347 2357 414 2438 ipsa
439 2369 631 2418 monstraret
655 2355 786 2418 domina
811 2357 836 2418 si
862 2371 907 2420 est
931 2356 1012 2418 illud
1037 2357 1264 2439 precipicium;
1289 2358 1356 2439 ipse
1381 2377 1457 2419 vero
1475 2358 1527 2419 Jo-

264 2463 386 2525 hannes
412 2463 635 2546 Soldynarych
652 2462 756 2544 jurare
780 2463 941 2525 tenebitur
958 2463 1046 2544 quod
1063 2483 1157 2525 suum
1182 2483 1293 2526 verum
1319 2464 1526 2546 precipicium

265 2582 321 2650 est,
347 2584 378 2632 et
401 2569 479 2631 dum
504 2569 633 2651 jurabit,
657 2583 733 2632 tunc
750 2570 891 2652 recipere
915 2589 973 2652 pro
997 2589 1030 2631 se
1048 2570 1165 2652 poterit
1188 2590 1281 2632 suum
1306 2570 1527 2654 precipicium,

263 2677 330 2759 ipse
355 2695 431 2737 vero
456 2676 595 2738 Michael
620 2676 778 2738 redimere
804 2677 908 2758 ipsum
934 2676 1112 2758 precipium
1136 2676 1186 2738 cui
1212 2676 1368 2739 vendidit.

370 2783 447 2846 ltem
470 2783 546 2865 quia
572 2783 682 2844 Petrus
707 2784 819 2845 Koncz
848 2783 978 2866 sellipar
1010 2797 1120 2845 contra
1145 2783 1352 2846 Valentinum
1378 2783 1528 2864 juratum,

264 2891 317 2972 qui
345 2891 375 2952 in
402 2889 523 2971 judicio
548 2891 653 2973 primo
678 2910 864 2972 comparere
900 2890 1022 2970 debuit,
1049 2911 1114 2952 non
1147 2891 1325 2974 comparuit
1349 2909 1408 2951 nee
1431 2890 1529 2952 venit.

369 2997 445 3058 ltem
472 2997 547 3078 quia
577 2997 716 3058 Zerncze
750 2997 943 3080 vituperavit
977 2997 1118 3058 Marcum
1152 2996 1291 3078 juratum
1316 3016 1424 3058 coram
1449 2996 1523 3058 Gre-

262 3104 354 3185 gorio
379 3117 497 3183 sutore,
522 3105 666 3165 convicta
700 3118 747 3165 est
774 3117 883 3165 contra
917 3104 1023 3186 ipsum
1048 3104 1192 3165 Marcum
1226 3103 1257 3164 in
1283 3103 1395 3184 viginti
1420 3102 1528 3185 pensis

264 3223 295 3271 et
319 3209 430 3290 juratis
453 3210 485 3271 in
511 3209 657 3272 ducentis
682 3209 838 3286 denariis;
863 3223 893 3272 et
922 3210 1009 3291 quod
1043 3211 1158 3272 debeat
1181 3230 1347 3272 removere
1372 3211 1527 3292 privatam

264 3337 280 3378 a
305 3318 355 3378 via
380 3317 546 3378 communi
570 3317 610 3378 ad
634 3317 693 3378 tria
719 3315 857 3379 brachia.

371 3421 447 3483 ltem
474 3423 549 3504 quia
575 3437 675 3484 mater
699 3423 807 3485 uxoris
833 3422 998 3484 Michaelis
1023 3424 1170 3505 preconis
1194 3437 1303 3485 contra
1329 3425 1527 3486 Stankonem

264 3529 439 3610 agricolam
474 3530 579 3612 primo
611 3530 704 3592 citata
736 3550 801 3591 non
834 3531 1013 3612 comparuit
1041 3531 1072 3592 in
1106 3531 1226 3612 judicio
1258 3551 1366 3592 coram
1399 3531 1528 3613 (nobis),

264 3649 359 3717 prout
385 3636 592 3698 commissum
618 3649 664 3698 est
688 3636 793 3698 eidem
818 3656 1004 3719 comparere
1029 3638 1061 3697 in
1085 3638 1189 3719 primo
1214 3637 1346 3718 judicio.

373 3743 449 3805 ltem
476 3743 551 3824 quia
585 3744 680 3827 Elyas
713 3733 800 3805 fusor
832 3763 1059 3825 campanarum
1094 3745 1190 3806 debet
1223 3745 1401 3825 producere
1432 3757 1528 3807 testes

263 3848 352 3928 tales,
377 3850 516 3930 quinon
541 3863 614 3912 sunt
631 3851 779 3912 contrarii
807 3869 863 3912 nec
887 3850 1025 3931 suspecti
1048 3851 1079 3910 in
1097 3850 1272 3912 hastiludio
1296 3851 1406 3913 famuli
1427 3851 1524 3913 Marci

263 3955 379 4016 Veneti
404 3969 514 4017 contra
540 3955 733 4037 Gregorium
751 3971 892 4019 sutorem
917 3957 995 4018 alias
1012 3955 1169 4019 famulum
1191 3958 1340 4040 Gregorii
1364 3959 1469 4042 jurati,
1495 3960 1526 4019 in

262 4063 369 4143 primo
393 4062 526 4143 judicio,
551 4063 650 4125 etsie
674 4062 871 4144 judicabunt.

370 4169 447 4231 ltem
472 4170 547 4251 quia
567 4169 747 4251 Stephanus
765 4171 905 4232 Berthun
925 4185 954 4233 et
970 4173 1039 4233 eius
1064 4191 1196 4233 consors
1217 4187 1326 4233 contra
1352 4173 1525 4233 Martinum

264 4275 464 4359 Dwymoych
489 4291 520 4338 et
545 4275 736 4338 Michaelem
768 4276 902 4358 longum
931 4293 962 4339 et
993 4279 1073 4339 alios
1098 4279 1203 4340 socios
1234 4299 1309 4340 suos
1333 4279 1523 4340 secundario

263 4380 349 4442 citati
375 4400 440 4443 non
464 4397 714 4464 comparuerunt
739 4403 845 4444 coram
872 4385 975 4446 nobis.

370 4487 445 4548 ltem
470 4488 660 4550 secundario
685 4489 918 4571 proclamatum
952 4505 998 4552 est
1023 4491 1149 4551 racione
1182 4504 1338 4552 terrarum
1364 4506 1395 4554 et
1419 4489 1525 4554 senilis

265 4593 404 4656 liliorum
429 4595 564 4656 Wolani
590 4597 669 4657 Pero
694 4595 734 4657 ad
759 4596 946 4658 instanciam
976 4596 1130 4658 iohannis
1156 4597 1316 4680 Soldynar
1340 4612 1372 4659 et
1395 4598 1526 4659 domine

265 4699 438 4762 Kathetine
463 4703 573 4763 matris
604 4723 671 4782 sue,
696 4717 731 4764 ut
761 4703 889 4764 easdem
922 4703 1078 4764 redimere
1111 4703 1275 4783 deberent,
1304 4718 1334 4765 et
1368 4705 1442 4784 quia
1467 4725 1525 4765 nec

265 4807 331 4889 ipse
365 4807 528 4870 lohannes
566 4810 620 4870 sed
654 4829 711 4870 nec
744 4810 860 4890 aliquis
892 4830 950 4890 pro
990 4829 1029 4870 eo
1061 4825 1248 4891 procurator
1280 4811 1458 4892 comparuit
1494 4812 1524 4871 in

264 4913 407 4974 terminis
431 4914 668 4996 redempcionis
692 4915 851 4996 expiratis,
877 4930 971 4996 prout
999 4916 1180 4976 continetur
1210 4917 1241 4976 in
1267 4917 1365 4978 literis
1390 4917 1525 4978 civitatis

264 5020 464 5104 obligatoriis
489 5022 631 5083 eiusdem
658 5022 813 5084 lohannrs
836 5021 893 5084 filii
920 5023 999 5083 Pero
1021 5023 1164 5086 Wolani.
