3818 5786
641 551 729 611 Anno
752 563 842 628 1452.
867 583 910 594 —
934 566 983 616 12.
1006 553 1085 614 maii.
1458 573 1495 634 35

231 760 352 838 valeat;
376 761 401 822 si
427 775 536 824 autem
561 761 629 843 ipsa
654 761 784 826 Cherna
812 763 928 825 mulier
959 776 1031 845 post
1056 775 1193 824 mortem
1218 762 1317 844 ipsius
1342 762 1498 824 Anthonii

231 868 364 930 alterum
390 869 498 930 virum
523 868 757 951 superduxerit,
780 883 857 932 tunc
882 871 1044 953 predictus
1069 870 1212 932 Marinus
1228 869 1323 948 judex
1348 885 1403 930 aut
1425 888 1497 951 pro·

232 988 357 1036 curator
381 994 459 1036 suus
483 976 620 1038 eandem
644 989 746 1038 totam
767 977 902 1038 domurn
919 977 1059 1039 vendere
1084 989 1114 1038 et
1131 975 1190 1058 ipsi
1216 973 1345 1038 Cherne
1371 975 1498 1038 mulieri

232 1081 354 1143 nullam
386 1101 547 1144 cameram
572 1083 648 1146 dare
681 1082 806 1162 debeat,
836 1096 867 1145 et
898 1083 975 1145 dum
1001 1083 1070 1165 ipsa
1101 1095 1169 1144 tota
1192 1081 1309 1144 domus
1332 1081 1510 1160 vendetur,

232 1205 305 1250 tunc
329 1189 397 1272 ipse
423 1209 538 1252 omnes
560 1189 697 1272 pecunie
722 1209 780 1271 pro
806 1191 913 1252 anima
931 1191 1076 1252 eiusdem
1102 1189 1258 1251 Anthonii
1283 1189 1419 1270 expendi
1445 1188 1499 1250 de·

233 1297 328 1358 beant
351 1295 491 1358 fideliter
515 1311 545 1358 et
569 1297 826 1374 conscienciose;
863 1309 894 1359 et
925 1297 1001 1378 quia
1026 1297 1093 1380 ipsa
1126 1295 1253 1358 Cherna
1279 1296 1395 1356 mulier
1427 1307 1498 1378 post

233 1417 371 1465 mortem
395 1403 530 1485 predicti
556 1403 712 1464 Anthonii
746 1403 805 1464 viri
830 1403 878 1466 sui
911 1403 1011 1464 aliurn
1036 1403 1140 1464 virum
1173 1401 1366 1484 legittimum
1390 1419 1499 1484 super-

233 1508 321 1570 duxit
345 1508 498 1570 videlicet
523 1507 702 1590 Georgium
735 1508 874 1590 juratum
907 1511 1052 1590 Maretyn
1081 1507 1215 1585 dictum,
1246 1507 1321 1569 ideo
1346 1525 1404 1568 nos
1428 1526 1498 1589 pre-

233 1615 348 1676 dictam
372 1628 472 1677 totam
498 1614 635 1676 domum
660 1615 760 1698 ipsius
791 1615 947 1678 Anthonii
977 1615 1121 1698 predicto
1148 1615 1272 1676 Marino
1304 1613 1402 1695 judici
1435 1627 1497 1676 sta·

233 1722 352 1783 ruimus
377 1737 408 1782 et
431 1721 654 1784 commisimus
677 1722 861 1784 vendicioni
879 1723 1104 1804 exponendam
1130 1735 1160 1782 et
1185 1740 1242 1802 pro
1267 1720 1374 1782 anima
1399 1720 1498 1803 ipsius

233 1828 389 1890 Anthonii
415 1827 671 1910 expendendam,
696 1842 728 1890 et
752 1829 827 1910 quia
852 1830 954 1890 eciam
988 1829 1151 1911 predictus
1175 1826 1318 1888 Marinus
1342 1825 1438 1908 judex
1462 1826 1499 1888 li·

233 1934 381 1996 teratorie
406 1932 565 2015 prelatum
584 1933 756 1996 dominum
773 1933 976 1998 Clementem
1003 1935 1215 2016 presbiterum
1234 1933 1264 1994 in
1291 1931 1374 1994 lacto
1399 1932 1498 2014 ipsius

235 2041 415 2102 testamenti
447 2039 554 2102 taliter
584 2055 825 2122 procuratorem
854 2059 948 2102 suum
980 2040 1155 2118 constituit,
1188 2052 1222 2100 ut
1254 2039 1320 2121 ipse
1345 2038 1498 2100 dominus

237 2145 388 2208 Clemens
427 2145 583 2228 presbiter
621 2145 797 2230 predictam
837 2145 972 2208 domum
1012 2145 1152 2208 vendere
1184 2157 1214 2206 et
1253 2145 1404 2226 pecunias
1441 2164 1500 2226 pro

235 2252 351 2332 quibus
376 2251 533 2313 vendetur
557 2251 674 2314 debeat
696 2272 754 2335 pro
778 2253 886 2314 anima
911 2253 1010 2334 ipsius
1028 2251 1182 2314 Anthonii
1208 2251 1387 2333 expendere
1411 2249 1498 2332 juxta

236 2357 497 2420 commissionem
511 2357 720 2420 literatoriam
739 2358 883 2422 eiusdem
901 2358 1017 2420 Marini
1035 2357 1160 2440 judicis,
1178 2371 1208 2418 et
1231 2356 1304 2418 ideo
1319 2375 1378 2418 nos
1394 2357 1499 2418 eidem

234 2465 367 2526 domino
392 2463 555 2526 Clementi
582 2465 758 2546 presbitero
786 2479 950 2548 tamquam
984 2464 1184 2547 procuratori
1216 2463 1375 2544 legittimo
1401 2463 1500 2545 ipsius

234 2570 347 2632 Marini
380 2569 495 2646 iudicis
526 2571 703 2652 predictam
747 2572 881 2635 domum
914 2571 1074 2634 vendendi
1108 2585 1139 2632 et
1170 2589 1228 2653 pro
1260 2569 1367 2632 anima
1400 2569 1499 2652 ipsius

235 2675 388 2738 Anthonii
415 2675 618 2758 expendendi
643 2677 833 2740 atribuimus
858 2677 1053 2740 facultatem.

339 2783 417 2844 ltem
435 2781 570 2844 Cheden
588 2782 734 2846 Thomas
755 2797 863 2846 contra
882 2783 1107 2865 Thomlynum
1129 2781 1308 2844 carnificem
1326 2781 1430 2864 primo
1455 2783 1498 2844 ci-

233 2903 314 2952 tatus
337 2909 403 2952 non
429 2890 620 2972 comparuit.

338 2997 416 3060 ltem
443 2997 566 3060 Milrula
591 2997 831 3060 molendinator
847 2997 952 3080 jurare
977 2998 1073 3060 debet
1090 2997 1178 3060 solus
1194 3011 1309 3060 octavo
1333 2996 1385 3058 die
1403 3017 1499 3080 super

233 3123 317 3165 aram
351 3117 462 3166 contra
495 3104 649 3166 Cosmam
680 3104 972 3166 molendinatorem
1002 3123 1097 3186 super
1129 3125 1178 3182 eo,
1214 3119 1248 3166 ut
1280 3105 1347 3186 ipse
1378 3103 1499 3166 Mikula

234 3210 472 3273 molendinator
496 3231 613 3293 equam
638 3211 737 3293 ipsius
761 3210 881 3272 Cosme
911 3210 1180 3273 molendinatoris
1212 3211 1243 3272 in
1269 3211 1361 3272 vinea
1386 3229 1442 3272 sua
1466 3211 1498 3272 in

234 3317 375 3398 dampno
399 3337 458 3379 suo
484 3331 660 3380 mactasset.

339 3423 417 3486 ltem
434 3424 510 3504 quia
528 3425 655 3486 Marcus
671 3421 757 3485 lilius
780 3423 919 3485 condam
938 3423 1029 3485 Pauli
1046 3423 1140 3504 jurati
1158 3423 1233 3485 dicti
1260 3423 1497 3508 Zydowchych,

233 3547 269 3590 ex
294 3529 410 3592 eodem
436 3530 537 3591 Paulo
561 3529 665 3610 jurato
690 3543 781 3592 etex
805 3530 939 3612 provida
965 3529 1102 3592 condam
1133 3529 1268 3591 muliere
1293 3534 1418 3612 Agnete
1443 3551 1498 3594 vo-

235 3650 314 3715 cata,
338 3637 426 3720 olym
452 3649 600 3699 consorte
633 3636 789 3718 legittima
823 3637 921 3720 ipsius
951 3637 1042 3699 Pauli
1066 3637 1171 3718 iurati,
1203 3637 1360 3718 legittime
1384 3657 1498 3720 proge-

234 3745 318 3805 nitus
342 3757 373 3805 et
396 3757 592 3826 procreatus,
616 3743 758 3805 concivis
781 3755 900 3822 noster,
924 3743 955 3804 id
985 3763 1057 3806 cum
1082 3742 1253 3806 sufficienti
1278 3757 1309 3805 et
1332 3743 1497 3825 fidedigno

233 3863 415 3912 nostrorum
440 3850 623 3912 concivium
653 3849 840 3911 testimonio
873 3850 905 3912 in
930 3850 1004 3910 sede
1037 3863 1144 3911 nostra
1169 3849 1334 3930 judiciaria
1360 3851 1444 3912 clare
1468 3865 1499 3913 et

233 3957 349 4019 seriose
375 3975 483 4018 coram
508 3957 602 4018 nobis
626 3955 725 4018 hodie
750 3957 782 4017 in
807 3955 929 4038 judicio
962 3957 1154 4038 approbavit
1185 3975 1242 4018 seu
1266 3957 1498 4039 comprobavit,

234 4077 267 4124 ut
291 4062 370 4124 dum
395 4062 536 4146 predicta
561 4067 670 4144 Agnes
694 4063 810 4124 mulier
835 4077 936 4124 mater
953 4062 1053 4145 ipsius
1078 4061 1177 4124 Marci
1203 4063 1234 4123 in
1263 4063 1411 4124 extremis
1434 4063 1497 4124 vite

232 4188 286 4231 sue
309 4169 498 4251 temporalis
528 4169 715 4248 laborasset,
746 4183 822 4232 tunc
855 4169 923 4252 ipsa
954 4169 1087 4230 totalem
1124 4188 1214 4230 suam
1246 4169 1433 4252 porcionem
1465 4170 1497 4232 in

234 4275 490 4356 possessionibus
515 4289 545 4337 et
568 4276 777 4359 porcionibus
801 4276 1061 4358 possessionariis
1085 4275 1219 4358 predicti
1244 4275 1382 4337 condam
1407 4275 1497 4338 Pauli

235 4380 461 4464 Zydowchych
485 4381 545 4444 viri
569 4381 628 4460 sui,
653 4382 686 4444 in
712 4381 796 4444 dicta
821 4382 946 4444 civitate
972 4393 1003 4444 et
1020 4382 1088 4443 eius
1104 4382 1264 4446 territorio
1289 4382 1417 4460 habitis,
1434 4382 1497 4444 exi-

233 4500 367 4550 stentem
386 4507 460 4550 cum
484 4487 548 4550 suis
566 4488 757 4550 utilitatibus
781 4501 812 4550 et
828 4489 1035 4571 pertinenciis
1059 4489 1216 4550 universis
1239 4487 1362 4570 prelato
1389 4489 1497 4550 Marco

235 4591 384 4656 filiosuo
408 4593 528 4654 carnali
552 4593 722 4675 legavisset
745 4593 813 4676 jure
834 4607 991 4676 perpetuo
1009 4595 1237 4678 possidendam
1262 4609 1292 4656 et
1316 4595 1497 4676 quomodo·

234 4718 370 4780 cumque
395 4699 536 4762 voluerit
552 4699 790 4782 disponendam
806 4699 893 4782 juxta
910 4701 1136 4762 condicionem
1154 4700 1289 4763 civitatis
1314 4715 1498 4782 prenotate;

235 4805 371 4888 ideoque
396 4825 456 4868 nos
480 4806 657 4888 predictam
681 4807 813 4870 totalem
839 4827 929 4869 suam
952 4808 1140 4890 porcionem
1164 4808 1447 4890 posscssionariam
1466 4809 1498 4868 in

236 4912 382 4990 predictis
395 4912 651 4994 possessionibus
665 4928 695 4976 et
709 4914 918 4996 porcionibus
930 4915 1189 4998 possessionariis
1205 4913 1341 4994 predicti
1360 4914 1498 4975 condam

237 5015 321 5080 Pauli
346 5019 442 5100 jurati
469 5019 500 5079 in
526 5018 610 5080 dicta
634 5019 761 5082 civitate
785 5033 816 5081 ct
841 5021 908 5082 eius
934 5022 1094 5082 territorio
1112 5019 1236 5097 habitis,
1261 5019 1352 5080 sitam
1379 5038 1408 5081 et
1435 5023 1491 5082 exi·
