3694 5782
419 530 482 593 274
821 513 908 570 Anno
931 511 1022 590 1465.
1048 547 1089 556 —
1113 526 1162 590 23.
1180 513 1264 588 julii.

419 620 487 625 --——
506 621 550 625 -—
587 621 615 625 -
650 621 657 624 -
671 621 678 624 -
696 620 725 624 —
745 620 754 626 -
806 619 1367 626 -—-—--.——--.---—---——-—--—-—-——

419 725 485 806 ipse
510 725 661 804 magister
686 725 861 808 Dyonisius
885 726 916 787 in
934 745 1069 808 persona
1098 725 1254 788 consortis
1277 745 1334 786 sue
1358 744 1423 786 non
1449 737 1616 787 contentus
1638 723 1673 785 ad

417 831 559 892 seniores
583 831 758 914 appellavit
781 831 913 912 judices.

492 1023 723 1143 terra'tercta
753 1070 907 1160 proxima
936 1078 1014 1142 ante
1042 1071 1165 1143 festum
1193 1071 1283 1142 beati
1311 1068 1430 1160 Jacobi
1460 1070 1613 1158 apastoli.

956 1221 1021 1304 (25.
1038 1225 1138 1300 julii).

524 1364 601 1426 ltem
627 1384 756 1426 causam
781 1365 862 1426 inter
886 1364 1080 1447 Dyonisium
1098 1363 1295 1426 aurifabrum
1321 1377 1352 1426 et
1377 1363 1511 1425 Paulum
1536 1361 1677 1422 similiter

418 1470 615 1533 aurifabrum
640 1472 768 1532 racione
793 1471 1006 1552 quarumdam
1033 1491 1137 1533 rerum
1164 1485 1195 1532 et
1224 1472 1384 1532 bonorum
1410 1471 1441 1530 in
1467 1469 1600 1550 registro
1625 1486 1677 1549 per

418 1579 521 1659 ipsum
542 1578 733 1660 Dyonisium
758 1591 869 1639 contra
886 1578 990 1660 ipsum
1017 1577 1152 1640 Paulum
1177 1597 1283 1639 coram
1302 1577 1397 1637 nobis
1415 1575 1448 1636 in
1472 1574 1591 1654 judicio
1608 1592 1676 1655 pro·

419 1685 590 1746 ductorum
615 1699 645 1746 et
670 1684 936 1766 conscriptorum,
959 1684 1051 1765 jurati
1085 1684 1189 1746 taliter
1224 1683 1457 1764 adjudicarunt,
1481 1681 1569 1763 quod
1597 1680 1675 1761 quit-

420 1791 497 1871 quid
516 1790 582 1872 ipse
597 1789 714 1851 Paulus
728 1790 767 1852 de
786 1790 862 1871 ipsis
879 1792 974 1852 rebus
990 1791 1090 1872 ipsius
1105 1790 1249 1872 Dyonisii
1274 1789 1461 1870 conscriptis
1474 1808 1507 1848 se
1525 1787 1673 1868 recepisse

420 1910 451 1957 et
474 1915 539 1957 non
564 1896 713 1958 babuisse
731 1909 836 1977 negat,
860 1895 963 1976 jurare
984 1895 1108 1978 (debet)
1127 1896 1193 1977 ipse
1208 1895 1326 1957 Paulus
1348 1893 1508 1956 aurifaber
1524 1893 1671 1954 solusmet

419 1999 498 2064 feria
515 2003 611 2063 tercia
628 2003 772 2084 proxima
790 2016 861 2083 post
877 2002 1057 2084 predictum
1083 2000 1199 2064 festum
1217 2003 1301 2064 beati
1317 2001 1427 2063 lacobi
1445 2001 1477 2062 in
1501 2020 1553 2061 ara
1571 2013 1669 2061 sancte

419 2108 543 2187 Crucis,
568 2123 599 2170 et
623 2109 677 2170 illa
703 2129 764 2190 que
782 2129 815 2170 se
839 2109 987 2171 babuisse
1013 2110 1098 2170 idem
1116 2109 1234 2170 Paulus
1255 2128 1320 2170 non
1337 2121 1443 2190 negat,
1468 2107 1572 2168 eidem
1591 2106 1669 2188 Dyo-

418 2215 499 2276 nisio
531 2234 633 2296 usque
666 2215 981 2296 quintumdecimum
1014 2215 1099 2276 diem
1133 2215 1199 2297 ipse
1234 2215 1352 2276 Paulus
1385 2214 1490 2276 eidem
1524 2211 1672 2294 Dyonisio

416 2321 541 2382 solvere
565 2321 746 2398 tenebitur;
771 2321 886 2382 iterum
909 2322 975 2403 ipse
993 2322 1168 2404 Dyonisius
1193 2318 1354 2383 aurifaber
1371 2320 1473 2400 jurare
1498 2319 1610 2381 eodem
1628 2317 1673 2378 die

417 2428 578 2488 tenebitur
601 2427 756 2488 solusmet
781 2429 811 2488 in
837 2448 876 2489 eo
909 2428 1036 2490 racione
1069 2429 1231 2510 porcionis
1263 2427 1433 2511 pulverum
1456 2439 1672 2508 argenteorum

418 2533 561 2594 eiusdem
587 2532 746 2616 Dyonisii,
771 2553 851 2616 quos
885 2535 952 2615 ipse
981 2535 1100 2596 Paulus
1131 2534 1288 2613 vendidit,
1320 2546 1476 2615 quantum
1500 2533 1675 2609 valuerunt,

418 2654 449 2703 et
473 2641 551 2701 dum
575 2639 693 2720 jurabit
717 2641 783 2722 ipse
802 2641 988 2724 Dyonisius,
1013 2641 1080 2722 ipse
1102 2641 1221 2702 Paulus
1238 2641 1424 2723 porcionem
1450 2640 1592 2720 ipsorum
1610 2637 1675 2720 pul·

422 2766 530 2808 verum
556 2745 661 2807 eidem
687 2746 811 2808 solvere
834 2747 1014 2824 tenebitur;
1039 2747 1078 2808 de
1103 2767 1168 2828 quo
1190 2746 1311 2828 judicio
1336 2747 1478 2828 ipsorum
1503 2745 1671 2825 juratorum

419 2853 486 2936 ipse
511 2853 687 2936 Dyonisius
711 2871 775 2914 non
809 2865 978 2915 contentus
1010 2854 1077 2936 ipse
1109 2853 1149 2915 ad
1173 2853 1317 2915 seniores
1350 2851 1524 2934 appellavit
1547 2849 1670 2932 judices.

526 2958 603 3019 ltem
629 2978 757 3020 causam
783 2959 864 3022 inter
889 2959 1091 3022 Clementem
1126 2959 1245 3022 Kelecz
1275 2959 1408 3037 dictum,
1433 2972 1585 3036 sutorem,
1608 2975 1673 3017 mo·

417 3065 553 3127 dernum
578 3065 729 3146 juratum,
753 3079 784 3127 et
809 3065 999 3129 Michaelem
1025 3065 1128 3129 filium
1153 3065 1278 3128 Nicolai
1303 3062 1454 3127 aurifabri
1479 3064 1607 3125 racione
1630 3062 1671 3123 le·

417 3173 516 3233 sionis
540 3185 571 3233 et
586 3173 750 3254 sanguinis
776 3173 941 3234 effusionis
965 3193 1037 3235 cum
1055 3193 1140 3255 equo
1164 3193 1260 3256 super
1275 3173 1384 3255 pueris
1400 3171 1545 3235 eiusdem
1563 3171 1672 3232 Kelecz

417 3299 473 3360 per
498 3278 602 3370 ipsum
627 3277 818 3340 Michaelem
847 3278 938 3358 facte,
967 3279 1060 3360 jurati
1093 3279 1318 3362 adjudicarunt
1348 3279 1464 3356 taliter,
1488 3278 1576 3360 quod
1600 3275 1671 3358 quia

417 3384 483 3465 ipse
517 3383 655 3446 Michael
687 3385 791 3466 ipsum
825 3405 960 3466 puerum
996 3399 1142 3467 tempore
1167 3385 1321 3447 libertatis
1353 3383 1504 3463 francba,
1535 3398 1672 3464 tempore

417 3491 646 3568 nundinarum,
678 3511 734 3572 per
765 3511 860 3552 suum
892 3512 1011 3574 equum
1044 3493 1126 3570 lesit,
1159 3507 1205 3554 est
1235 3495 1402 3555 convictus
1435 3505 1543 3553 contra
1576 3491 1671 3572 ipsum

418 3597 536 3658 Kelecz
561 3598 592 3657 in
618 3617 700 3678 pena
726 3597 839 3680 duppli
864 3598 1015 3660 videlicet
1040 3600 1071 3659 in
1097 3600 1156 3660 XX
1181 3600 1289 3680 pensis
1313 3611 1344 3660 et
1368 3612 1476 3660 contra
1502 3595 1670 3660 communi·

416 3718 514 3766 tatem
540 3704 571 3764 in
597 3703 741 3785 quinque
770 3705 887 3786 pensis.

524 3809 601 3871 ltem
628 3830 755 3871 causam
774 3811 855 3872 inter
881 3809 1012 3892 Guragb
1045 3811 1182 3892 Posegas
1206 3811 1339 3891 dictum,
1356 3812 1481 3874 socium
1506 3810 1592 3872 Pauli
1611 3806 1669 3870 Lah

418 3916 558 3977 concivis
583 3917 692 3993 nostri,
718 3917 845 3978 racione
871 3917 1037 3978 cuiusdam
1063 3917 1137 3997 equi
1162 3918 1209 3978 sui
1235 3937 1291 3999 per
1308 3918 1466 3999 quosdam
1490 3916 1669 3998 spoliatores

417 4022 536 4103 recepti
561 4021 666 4083 ethic
691 4023 722 4082 in
757 4023 823 4104 ipsa
856 4023 981 4086 civitate
1015 4023 1133 4104 cogniti
1164 4037 1194 4085 et
1228 4024 1267 4084 ad
1292 4023 1451 4104 justiciam
1475 4022 1598 4085 arestati
1627 4040 1669 4081 ra·

417 4130 510 4190 cione
535 4129 625 4190 cuius
649 4131 723 4210 equi
757 4127 816 4191 fuit
849 4129 1066 4211 deprehensus
1098 4131 1230 4210 quidam
1255 4130 1404 4192 Vrbanus
1438 4131 1477 4191 de
1502 4131 1614 4210 Ztruga
1642 4125 1670 4187 in

417 4237 536 4297 tenutis
567 4236 659 4296 castri
692 4236 790 4297 sancti
825 4235 956 4317 Georgii
990 4255 1204 4314 commorans,
1242 4237 1273 4297 in
1306 4256 1372 4319 quo
1397 4235 1480 4298 facto
1505 4236 1579 4297 dicti
1603 4231 1670 4314 equi

417 4343 484 4424 ipse
509 4340 642 4422 Guragb
667 4341 764 4402 hodie
790 4342 974 4403 terciusmet
998 4361 1092 4423 super
1118 4342 1223 4422 ipsum
1241 4361 1361 4423 equum
1383 4343 1486 4422 jurare
1511 4341 1671 4416 tenebitur,

417 4448 505 4529 quod
531 4447 598 4530 ipse
624 4468 726 4529 equus
750 4448 849 4529 ipsius
873 4467 967 4508 verus
991 4447 1060 4524 fuit,
1086 4461 1116 4508 et
1133 4445 1200 4529 ip'se
1225 4449 1330 4529 ipsum
1356 4468 1476 4530 equum
1502 4447 1581 4509 nulli
1605 4466 1672 4528 pro·

417 4554 540 4635 pinavit
565 4574 622 4616 nec
647 4554 802 4633 vendidit,
828 4555 883 4614 sed
909 4552 1048 4615 famulus
1073 4554 1171 4634 ipsius
1189 4553 1321 4634 Georgii
1347 4554 1408 4616 fuit
1431 4554 1586 4636 spoliatus
1602 4572 1672 4614 una·

418 4679 489 4721 cum
516 4660 587 4720 aliis
612 4663 707 4720 rebus
738 4661 813 4738 suis,
839 4675 869 4722 et
901 4662 978 4721 dum
1008 4661 1136 4740 iurabit,
1168 4673 1243 4721 tunc
1276 4661 1343 4743 ipse
1369 4660 1530 4742 Georgius
1554 4657 1674 4721 babebit

418 4785 538 4846 equum
563 4786 675 4842 suum;
701 4786 717 4827 e
742 4786 896 4828 converso
928 4787 1004 4828 vcro
1036 4767 1102 4848 ipse
1128 4766 1276 4828 Vrbanus
1301 4766 1404 4845 jurare
1428 4767 1587 4829 tenebitur
1615 4779 1672 4826 ter·

418 4872 552 4932 ciusmet
575 4873 720 4954 personis
744 4874 803 4934 sibi
822 4873 981 4934 similibus
1000 4873 1030 4934 in
1055 4893 1107 4934 ara
1129 4887 1236 4934 sancte
1256 4872 1369 4935 Crucis
1394 4872 1471 4936 feria
1496 4874 1590 4935 tercia
1606 4882 1669 4954 post

417 4977 595 5058 predictum
607 4977 746 5060 (festum)
762 4981 844 5040 beati
859 4980 968 5040 Jacobi
979 4979 1114 5060 apostoli
1131 4979 1276 5060 proxime
1290 4993 1473 5059 venturum,
1484 4980 1515 5040 in
1527 4999 1575 5057 e0,
1589 4973 1667 5060 quod
