3738 5786
389 517 430 577 60
757 518 956 596 Ann01453.
983 553 1022 562 -
1047 532 1097 596 23.
1121 519 1290 578 novembris.

388 729 525 790 condam
560 730 693 792 Fabiani
727 729 830 792 fratris
859 729 948 812 olym
982 729 1111 792 Martini
1147 729 1262 810 judicis
1296 731 1400 812 ipsum
1437 729 1650 790 Laurencium

387 857 498 918 sporar
523 838 701 900 debitorem
733 839 793 899 sibi
819 839 987 916 asserebat,
1006 857 1061 920 per
1086 837 1205 920 juratos
1229 837 1331 919 pridie
1363 836 1593 917 adjudicatum,
1618 835 1649 896 iu

387 943 526 1005 termino
551 943 768 1026 deposicionis
792 943 891 1026 ipsius
914 941 1085 1024 juramenti
1110 963 1174 1006 non
1204 943 1353 1024 deposuit
1376 962 1482 1024 neque
1506 941 1652 1024 prestitit,

387 1049 461 1110 ideo
485 1049 638 1111 remansit
661 1051 694 1111 in
718 1048 885 1112 solucione
916 1050 1056 1131 ipsarum
1089 1049 1299 1132 pecuniarum
1333 1062 1442 1111 contra
1475 1047 1652 1130 predictam

388 1172 519 1216 uxorem
552 1155 651 1238 ipsius
683 1155 819 1218 Fabiani
844 1169 875 1218 et
906 1174 1023 1238 pueros
1054 1175 1146 1232 suos3
1175 1174 1254 1236 quas
1286 1156 1437 1237 pecunias
1461 1175 1518 1237 per
1550 1155 1652 1236 ipsam

386 1279 517 1322 uxorem
543 1261 617 1323 dicti
650 1260 784 1323 Fabiani
819 1275 929 1323 contra
961 1261 1066 1344 ipsum
1103 1262 1320 1324 Laurencium
1352 1261 1533 1344 propositas
1565 1261 1652 1323 idern

387 1366 583 1428 Laurentius
616 1367 720 1428 eidem
753 1368 845 1430 uxori
879 1367 978 1449 ipsius
1011 1367 1143 1429 Fabiani
1177 1367 1359 1449 persolvere
1391 1379 1519 1429 tenetur
1548 1385 1652 1447 usque

386 1473 566 1554 quindenas
589 1473 714 1556 justicia
740 1473 933 1556 requirente.

493 1579 570 1641 ltem
603 1579 749 1642 Thomas
780 1579 915 1642 Cheden
947 1579 1073 1642 institor
1108 1592 1218 1641 contra
1250 1578 1443 1661 Dyonisium
1476 1576 1653 1660 Wodopya

385 1686 491 1768 primo
513 1688 627 1750 citatus
649 1707 714 1750 non
740 1688 929 1770 comparuit.

492 1793 569 1855 Item
606 1814 735 1857 causam
772 1814 869 1876 quam
904 1793 1067 1855 Barnabas
1098 1812 1197 1875 gener
1228 1791 1320 1854 Turk
1351 1811 1409 1874 pro
1445 1791 1653 1875 percussione

385 1899 493 1961 uxoris
517 1920 573 1963 sue
598 1915 709 1963 contra
733 1899 928 1982 Gregorium
956 1898 1153 1981 lutifigulum
1185 1898 1306 1960 dictum
1333 1899 1442 1981 Zaylto
1467 1917 1554 1960 nunc
1577 1917 1636 1980 pro

384 2026 504 2088 ponere
529 2005 677 2086 habebat,
702 2028 758 2090 per
782 2007 977 2090 peticionem
1006 2005 1172 2069 Michaelis
1203 2003 1354 2088 pellificis
1379 2018 1410 2066 et
1433 2003 1512 2066 socii
1536 2004 1585 2066 sui
1610 2003 1652 2066 ad

385 2115 523 2196 primum
550 2115 705 2196 judicium
731 2135 788 2197 pro
813 2114 960 2176 habenda
985 2134 1062 2196 pace
1087 2113 1237 2175 duximus
1261 2112 1510 2195 prorogandam.

492 2221 569 2282 ltem
593 2221 686 2302 jurati
715 2219 938 2302 adjudicarunt
969 2239 1096 2281 causam
1121 2219 1269 2301 vituperii
1295 2219 1376 2281 iuter
1400 2219 1575 2280 Martiuum
1600 2216 1652 2299 ju·

385 2327 489 2389 dicem
508 2341 542 2389 ut
560 2341 699 2389 actorem
725 2329 765 2388 ab
789 2347 863 2406 una,
881 2341 911 2387 et
935 2341 1023 2408 parte
1048 2329 1088 2386 ab
1113 2325 1209 2387 altera
1228 2326 1310 2388 inter
1334 2323 1528 2406 Gregorium
1551 2324 1646 2385 Wre-

386 2433 523 2516 charych
548 2449 582 2496 ut
607 2433 638 2494 in
663 2453 790 2494 causam
815 2446 994 2511 attractum,
1015 2433 1070 2493 tali
1089 2431 1199 2510 modo,
1226 2445 1260 2492 ut
1280 2432 1356 2512 quia
1381 2431 1449 2512 ipse
1475 2428 1651 2510 Gregorius

385 2540 591 2622 Vrecharych
615 2559 724 2601 coram
748 2539 853 2620 judice
879 2554 909 2600 et
941 2538 1044 2619 jurato
1077 2537 1279 2618 vituperavit,
1305 2549 1402 2619 prout
1435 2537 1520 2598 idem
1552 2535 1648 2614 judex

386 2660 418 2708 et
441 2645 562 2727 juratus
586 2646 732 2708 moderni
757 2665 866 2707 coram
889 2658 955 2707 tota
989 2645 1221 2706 communitate
1246 2643 1343 2704 hodie
1368 2641 1441 2704 lassi
1474 2657 1548 2704 sunt
1571 2642 1650 2704 fide·

386 2755 495 2836 digne,
520 2755 595 2816 ideo
629 2755 694 2836 ipse
721 2752 896 2834 Gregorius
930 2753 1147 2836 Wrecharych
1181 2771 1279 2834 penes
1310 2765 1461 2813 contenta
1492 2750 1651 2833 privilegii

384 2861 566 2922 communis
590 2874 699 2922 contra
722 2859 900 2940 predictum
920 2859 1095 2921 Martinum
1121 2858 1260 2940 judicem
1278 2857 1431 2919 remansit
1455 2857 1487 2917 in
1512 2856 1651 2938 birsagio

384 2980 522 3048 quatuor
546 2967 660 3028 marcis
684 2966 890 3028 denariorum
924 2979 954 3026 et
985 2979 1094 3027 contra
1120 2965 1239 3043 juratos
1270 2964 1301 3024 in
1327 2983 1390 3024 una
1412 2983 1518 3024 marca
1553 2962 1649 3023 dena·

383 3074 523 3150 riorum;
548 3074 588 3134 de
620 3092 686 3155 quo
719 3071 840 3152 judicio
873 3072 940 3154 ipse
973 3069 1150 3152 Gregorius
1179 3091 1244 3132 non
1278 3083 1448 3131 contentus
1481 3068 1655 3152 appellavit

383 3179 518 3241 eandem
543 3199 671 3242 causam
689 3198 761 3240 cum
786 3178 877 3239 totali
895 3179 976 3240 serie
1002 3178 1101 3260 ipsius
1117 3176 1371 3258 adjudicacionis
1395 3176 1427 3237 in
1451 3175 1651 3258 presenciam

383 3286 545 3348 seniorum
577 3286 722 3368 judicum
747 3305 806 3367 pro
839 3285 964 3346 meliori
998 3285 1097 3366 ipsius
1129 3284 1379 3346 deliberacione.
1411 3283 1490 3345 ltem
1526 3283 1655 3344 racione

383 3394 578 3475 potenciarie
612 3392 827 3474 perorationis
860 3391 1026 3452 cuiusdam
1063 3405 1145 3452 terre
1171 3390 1271 3472 ipsius
1302 3389 1433 3450 Martini
1457 3388 1573 3470 judicia
1605 3408 1653 3448 re·

383 3501 500 3578 mansit
524 3501 555 3561 iu
581 3500 739 3582 potencia,
764 3517 861 3580 quam
887 3498 1002 3560 iterum
1040 3516 1167 3558 causam
1192 3497 1232 3557 ad
1263 3495 1405 3557 seniores
1428 3494 1551 3577 judices
1585 3496 1653 3577 ipse

384 3605 560 3687 Gregorius
583 3606 757 3688 appellavit
780 3624 839 3687 pto
863 3603 952 3666 finali
983 3603 1232 3665 deliberacione.

489 3713 567 3775 ltem
592 3713 746 3776 Nicolaus
770 3725 871 3772 sartor
894 3729 992 3792 gener
1016 3710 1171 3772 lobannis
1188 3707 1364 3791 Perowych
1389 3722 1498 3770 contra
1524 3707 1646 3790 Dyoni-

382 3821 464 3882 sium
489 3821 655 3902 Wodopia
680 3820 785 3902 primo
809 3819 923 3880 citatus
947 3837 1011 3879 non
1040 3817 1232 3899 comparuit.

489 3927 566 3988 ltem
592 3945 719 3988 causam
744 3925 827 3986 inter
851 3924 986 3985 Paulum
1004 3942 1193 4006 arcuparem
1211 3935 1242 3984 et
1265 3921 1388 3982 socium
1406 3941 1501 3982 suum
1520 3934 1550 3982 et
1567 3920 1650 3981 inter

383 4034 583 4095 Anthonium
609 4052 794 4114 arcuparem
819 4031 940 4092 dictum
963 4031 1066 4092 lanlro
1090 4050 1147 4113 per
1178 4031 1348 4090 instantem
1373 4029 1569 4110 peticionem
1596 4027 1649 4089 lo·

382 4141 497 4203 hannis
522 4141 696 4223 Perowych
722 4152 753 4201 et
777 4138 904 4200 Martini
930 4137 1044 4220 judicis
1068 4138 1109 4198 ad
1131 4138 1271 4219 primum
1303 4135 1458 4218 judicium
1485 4154 1543 4217 pro
1568 4154 1648 4217 pace

382 4247 488 4309 fienda
513 4247 663 4308 duximus
686 4244 934 4328 prorogandam.

487 4353 565 4415 ltem
597 4351 689 4434 jurati
722 4349 945 4431 adjudicarunt
976 4369 1104 4410 causam
1130 4349 1161 4410 in
1195 4347 1279 4410 facto
1310 4348 1404 4410 vinee
1429 4347 1585 4409 Demetrii
1617 4361 1647 4409 et

383 4459 507 4520 Nicolai
532 4457 673 4521 filiorum
698 4457 834 4518 condam
859 4455 942 4516 Petri
968 4454 1103 4538 Hakych
1132 4455 1214 4516 inter
1238 4453 1441 4516 Demetrium
1467 4453 1647 4536 predictum

382 4579 413 4627 et
437 4565 518 4626 inter
543 4564 735 4645 Gregorium
762 4561 881 4622 dictum
907 4561 1058 4622 Procerto
1082 4574 1269 4639 vertentem,
1294 4560 1350 4621 tali
1376 4559 1492 4638 mod0,
1517 4574 1552 4621 ut
1576 4559 1651 4642 quia

382 4671 449 4751 ipse
475 4670 651 4751 Gregorius
676 4687 748 4730 cum
766 4665 935 4729 sufficienti
961 4667 1148 4728 testimonio
1167 4667 1198 4728 id
1216 4666 1451 4748 comprobavit,
1478 4664 1567 4747 quod
1585 4666 1652 4749 ipse

383 4775 558 4858 Gregorius
575 4777 762 4859 porcionem
786 4774 879 4835 vinee
896 4774 995 4856 ipsius
1020 4773 1176 4835 Demetrii
1192 4773 1253 4836 sibi
1271 4773 1366 4856 plene
1391 4773 1560 4856 persolvit,
1577 4773 1651 4836 ideo

382 4883 449 4964 ipse
474 4882 649 4964 Gregorius
674 4898 719 4943 est
742 4881 822 4942 liber
846 4895 876 4942 et
897 4881 1022 4945 solutus
1045 4882 1085 4942 ab
1110 4881 1180 4962 ipso
1204 4881 1370 4942 Demetrio
1395 4893 1426 4941 et
1444 4879 1571 4963 prefato
1596 4881 1651 4942 Ni·

384 4987 475 5049 colao
500 4986 585 5049 fratri
612 4988 711 5070 ipsius
744 4987 897 5048 Demetrii
932 4987 998 5070 ipse
1033 4987 1210 5070 Gregorius
1241 5003 1304 5049 tres
1328 5007 1402 5050 cum
1435 4987 1544 5050 medio
1577 4987 1649 5050 flor.
