3694 5782
775 501 859 555 Anno
882 493 976 574 1466.
1002 531 1040 540 -
1061 509 1095 572 5.
1118 497 1291 571 septembris.

400 732 492 805 feria
524 745 619 806 sexta
649 739 804 824 proxima
843 745 919 806 oute
958 737 1078 808 festum
1109 739 1307 808 Nativifafis
1336 739 1479 824 virginis
1508 738 1658 825 gloriose.

900 894 942 966 (5.
967 890 1154 971 sepletrtbrt's).

502 1029 607 1091 Causa
641 1031 722 1091 inter
753 1031 893 1092 Blasium
926 1031 1069 1092 villicum
1104 1032 1142 1092 de
1172 1031 1243 1110 vico
1275 1032 1409 1094 Abbatis
1432 1031 1656 1112 zagrabiensis,

400 1136 585 1219 Lendawyn
612 1137 744 1217 dictum,
770 1153 803 1198 ut
831 1152 970 1200 actorem
996 1140 1036 1199 ab
1062 1159 1135 1216 una,
1160 1153 1190 1198 et
1208 1139 1289 1200 inter
1307 1139 1521 1200 Laurentium
1539 1158 1656 1220 sporar,

397 1259 432 1306 ut
456 1245 487 1306 in
514 1265 641 1306 causam
674 1259 854 1324 attractum,
886 1247 1014 1310 racione
1047 1246 1181 1327 dampni
1212 1244 1443 1331 triginta'flor.
1467 1245 1549 1322 auri,
1572 1245 1658 1326 quod

396 1349 462 1431 ipse
488 1351 612 1413 Elasius
636 1352 696 1412 sibi
730 1350 848 1414 factum
882 1352 1080 1433 perhibetur,
1111 1366 1282 1433 prorogata
1315 1365 1361 1412 est
1394 1371 1496 1432 usque
1520 1351 1656 1433 primum

395 1456 561 1536 judicium,
587 1473 621 1519 ut
645 1459 712 1540 ipse
736 1461 830 1520 ambe
854 1474 959 1540 partes
987 1473 1082 1519 testes
1116 1467 1228 1520 eorum
1252 1457 1431 1539 producere
1456 1459 1657 1518 tenebuntur.

502 1564 578 1626 ltem
605 1564 756 1628 Nicolaus
773 1585 871 1645 gener
889 1565 1119 1647 Ferenczeycz,
1141 1565 1282 1628 concivis
1299 1578 1417 1643 noster,
1442 1563 1656 1644 juramentum

395 1669 456 1730 sibi
482 1670 700 1750 adjudicatum
732 1671 859 1732 racione
893 1671 1058 1732 cuiusdam
1085 1669 1148 1732 feni
1174 1685 1205 1732 et
1237 1669 1427 1752 suspicionis
1452 1683 1562 1731 contra
1587 1669 1657 1731 Cle·

396 1791 536 1838 mentem
562 1777 765 1858 Hungarum,
790 1777 982 1838 modernum
1007 1777 1158 1858 juratum,
1183 1777 1318 1858 prestitit
1342 1789 1376 1836 ut
1400 1776 1523 1842 debuit.

501 1883 577 1945 ltem
604 1892 731 1946 causam
759 1884 840 1944 inter
865 1884 1000 1946 Paulum
1033 1882 1242 1961 aurifabrum,
1266 1883 1429 1947 seniorem
1453 1881 1604 1962 juratum,
1628 1896 1658 1943 et

396 1989 585 2050 Conradum
618 1991 768 2068 ltawsar,
799 1991 958 2050 seniorem
990 1989 1150 2070 judicem,
1182 1989 1310 2049 racione
1343 1988 1573 2070 appellacionis
1603 2007 1659 2069 per

395 2097 499 2177 ipsum
525 2096 713 2158 Conradum
733 2095 896 2158 infidelem
922 2110 952 2157 et
976 2094 1139 2157 falsarium
1157 2096 1260 2156 tocius
1285 2095 1525 2160 communitatis
1549 2107 1657 2156 contra

395 2203 498 2284 ipsum
531 2203 666 2264 Paulum
700 2202 908 2281 aurifabrum,
939 2203 1027 2284 quod
1063 2203 1130 2283 ipse
1159 2203 1290 2263 Rawsar
1320 2199 1488 2262 testificare
1513 2219 1658 2282 compro·

395 2311 491 2388 misit,
516 2311 566 2370 cui
585 2310 677 2372 datus
702 2309 761 2371 fuit
777 2311 933 2370 terminus
950 2309 1126 2390 producere
1144 2322 1239 2370 testes
1261 2306 1330 2368 dies
1346 2307 1532 2384 hodiernus,
1549 2321 1657 2368 contra

394 2417 498 2498 ipsum
524 2417 659 2478 Paulum
685 2436 748 2476 non
775 2417 880 2498 potuit
905 2417 1126 2498 comprobare,
1148 2434 1225 2496 ergo
1243 2415 1310 2503 ipse
1336 2415 1468 2475 Rawsar
1492 2414 1657 2475 convictus

393 2537 439 2583 est
464 2524 495 2584 in
521 2525 636 2584 eodem
661 2536 692 2584 et
710 2524 740 2583 in
766 2524 862 2586 simili
888 2523 976 2604 quod
995 2535 1230 2606 perpetraverat
1252 2535 1361 2582 contra
1380 2522 1485 2603 ipsum
1504 2521 1655 2597 Paulum3

393 2630 431 2690 de
469 2649 533 2710 quo
570 2629 690 2708 judicio
724 2631 789 2711 ipse
823 2631 954 2692 Rawsar
986 2649 1051 2692 non
1088 2643 1258 2691 contentus
1293 2628 1333 2689 ad
1371 2629 1514 2690 seniores
1548 2627 1654 2710 appel-

394 2736 471 2798 lavit
496 2735 626 2816 judices.
924 2816 927 2821 Ι

499 2841 576 2904 ltem
601 2842 693 2922 jurati
711 2841 976 2920 adjudicaverunt
993 2862 1120 2903 causam
1145 2843 1226 2902 inter
1244 2841 1386 2902 Blasium
1403 2841 1544 2923 judicem
1561 2841 1652 2922 Ztoy·

393 2948 521 3030 mylych
546 2961 577 3009 et
601 2949 682 3008 inter
708 2948 901 3009 Michaelem
926 2947 1028 3008 filium
1052 2948 1189 3009 condam
1207 2947 1332 3008 Nicolai
1357 2945 1511 3008 aurifabri
1536 2961 1566 3007 et
1589 2966 1651 3007 ma-

392 3069 469 3116 trem
497 3068 527 3116 et
552 3054 661 3116 iratres
686 3055 829 3118 eiusdem
856 3055 983 3116 racione
1009 3054 1156 3116 fassionis
1187 3054 1360 3116 literatorie
1393 3054 1522 3115 racione
1556 3053 1649 3114 debiti

395 3163 505 3222 decem
532 3175 562 3224 et
586 3175 659 3222 octo
684 3161 751 3223 flor.
778 3163 857 3240 auri,
894 3181 975 3242 quos
1007 3163 1073 3243 ipse
1099 3161 1236 3222 Michael
1266 3158 1367 3223 fassus
1391 3159 1451 3221 fuit
1474 3181 1542 3221 esse
1566 3161 1649 3222 debi-

392 3283 492 3328 torem
518 3282 639 3350 patrem
664 3288 758 3330 suum
783 3283 813 3329 et
836 3269 939 3329 eidem
963 3269 1127 3328 exsolvere
1150 3288 1251 3348 usque
1277 3266 1392 3328 festum
1419 3268 1501 3332 beati
1522 3267 1646 3347 Georgii

394 3375 532 3434 martiris
557 3375 701 3456 proxime
727 3375 924 3456 preteritum,
949 3388 980 3436 et
996 3375 1088 3436 datus
1113 3388 1159 3435 est
1176 3374 1281 3436 eidem
1300 3373 1454 3434 terminus
1479 3374 1647 3435 solucionis

394 3482 671 3562 quintusdecimus
703 3482 771 3542 dies
803 3483 842 3542 de
875 3482 968 3542 bonis
1002 3481 1148 3542 omnium
1175 3481 1335 3562 ipsorum;
1371 3479 1411 3540 de
1443 3500 1509 3561 quo
1535 3480 1646 3562 judicio

395 3587 539 3648 Thomas
563 3587 647 3648 filius
665 3588 763 3669 ipsius
780 3589 915 3648 condam
931 3588 1055 3648 Nicolai
1074 3586 1225 3648 aurifabri
1243 3587 1319 3668 (nou
1338 3583 1533 3668 contentus),
1551 3587 1646 3668 ipsam

392 3713 518 3754 causam
538 3693 712 3775 appellavit
736 3695 775 3754 ad
800 3695 942 3756 seniores
964 3693 1097 3774 judices.

497 3800 574 3861 ltem
600 3821 726 3861 causam
753 3801 833 3862 inter
858 3800 1055 3862 Dorotheam
1081 3814 1262 3863 consortem
1289 3801 1449 3862 Leonardi
1474 3820 1598 3883 pugnat
1622 3813 1650 3860 et

392 3907 635 3987 Sigismundum
670 3907 759 3968 Selar
784 3907 910 3967 racione
943 3907 1179 3968 verberacionis
1211 3927 1267 3989 per
1298 3907 1403 3988 ipsum
1428 3927 1524 3986 super
1550 3907 1647 3988 ipsam

391 4028 421 4073 et
446 4014 627 4074 cicatricum
654 4013 745 4090 facte,
778 4013 870 4093 jurati
904 4013 1179 4093 adjudicaverunt,
1205 4013 1293 4094 quod
1326 4015 1393 4095 ipsa
1419 4013 1581 4074 Dorothea
1605 4012 1648 4093 ju·

391 4139 458 4181 rare
482 4121 642 4180 tenebitur
666 4119 874 4181 secundamet
907 4121 938 4180 in
971 4139 1023 4180 ara
1055 4133 1162 4180 sancte
1187 4119 1310 4198 Crucis,
1343 4119 1430 4200 quod
1457 4120 1525 4200 ipse
1551 4119 1644 4199 Sigis-

391 4226 530 4287 mundus
555 4224 628 4286 fecit
645 4227 728 4306 ipsas
753 4227 913 4286 cicatrices
938 4246 1033 4306 super
1058 4226 1159 4306 ipsam
1177 4241 1206 4286 et
1224 4227 1331 4287 nullus
1355 4226 1445 4302 alter,
1470 4223 1549 4286 feria
1566 4239 1647 4286 sexta

391 4333 534 4414 proxima
561 4347 631 4414 post
664 4331 778 4394 festum
813 4333 994 4394 Nativitatis
1025 4333 1157 4413 virginis
1188 4333 1340 4413 gloriose,
1369 4347 1399 4392 et
1422 4335 1500 4394 dum
1525 4332 1646 4412 jurabit,

389 4455 465 4500 tunc
499 4441 564 4520 ipse
598 4440 823 4519 sigismundus
855 4440 1016 4500 tenebitur
1047 4439 1172 4499 solvere
1206 4438 1312 4499 eidem
1346 4437 1508 4500 Dorothee
1540 4438 1645 4498 decem

390 4567 504 4627 pensas
528 4561 558 4606 et
582 4546 806 4607 communitati
831 4559 958 4606 centum
987 4545 1169 4626 (denarios).

497 4653 573 4712 ltem
601 4652 731 4712 Mathlco
756 4652 846 4714 loltar
870 4651 1036 4712 familiaris
1061 4653 1189 4712 Martini
1222 4653 1384 4734 arcuparis
1409 4654 1513 4733 primo
1538 4667 1640 4713 contra

391 4759 544 4818 blathiam
570 4777 755 4839 arcuparem
773 4758 932 4818 seniorem
959 4757 1095 4837 juratum
1118 4771 1149 4818 et
1165 4757 1331 4819 concivem
1357 4773 1501 4819 nostrum
1526 4759 1641 4832 citatus,

389 4885 454 4926 non
479 4865 660 4945 comparuit
684 4883 790 4924 coram
816 4865 920 4924 nobis.

494 4972 572 5035 Item
597 4991 723 5033 causam
750 4971 830 5032 inter
855 4971 1017 5033 Thomam
1047 4969 1180 5058 Cheden
1205 4987 1235 5032 et
1266 4971 1346 5034 alios
1378 4971 1544 5035 consocios
1566 4987 1635 5030 suos
