3738 5786
731 504 818 561 Anno
841 515 932 581 1452.
958 537 999 545 -
1023 500 1073 565 Jd'.
1096 505 1223 578 augusti.

456 716 534 778 Item
567 715 756 779 Valentinus
781 714 848 776 Lah
880 713 919 775 de
954 715 1113 797 Pobresya
1147 735 1203 797 per
1227 714 1505 796 adjudicationem
1531 717 1612 798 jura·

347 837 454 886 torum
480 823 580 884 tercio
604 842 637 883 se
659 822 803 903 personis
819 821 880 882 sibi
905 821 1064 882 similibus
1080 836 1196 883 octavo
1213 821 1265 883 die
1289 841 1486 904 superatam
1505 837 1614 886 contra

349 931 553 993 Clementem
578 929 785 1012 jobagionem
818 929 942 990 domini
975 927 1103 991 lectoris
1127 928 1230 1010 jurare
1262 931 1422 991 tenebitur
1445 950 1540 1012 super
1564 951 1613 1010 eo,

349 1052 384 1098 ut
408 1037 475 1120 ipse
500 1055 566 1098 non
590 1033 658 1098 fixit
674 1055 747 1096 cum
772 1035 904 1096 cultello
929 1054 988 1096 nec
1006 1054 1078 1097 cum
1100 1035 1212 1116 aliquo
1236 1035 1300 1096 alio
1324 1033 1410 1097 ferro
1434 1037 1612 1118 predictum

349 1143 564 1221 Clementem,
588 1142 644 1204 sed
669 1142 701 1203 in
725 1140 817 1204 totali
843 1141 974 1203 accione
1000 1141 1099 1222 ipsius
1116 1140 1295 1202 Clementis
1319 1141 1473 1203 innocens
1496 1143 1537 1204 sit
1561 1163 1613 1224 pe-

348 1250 434 1311 nitus
458 1263 489 1311 et
512 1249 673 1311 innoxius.

455 1355 533 1418 Item
550 1355 627 1436 quia
645 1353 807 1417 Barnabas
824 1353 965 1435 agricola
981 1352 1198 1435 juramentum
1214 1353 1275 1415 sibi
1298 1353 1328 1414 in
1347 1352 1431 1415 lacto
1448 1352 1614 1415 cuiusdam

348 1461 483 1544 strophe
507 1482 564 1544 per
587 1460 708 1543 juratos
732 1459 952 1534 adiudicatum
984 1460 1122 1542 prestitit
1150 1461 1180 1521 in
1207 1480 1256 1538 eo,
1289 1475 1323 1521 ut
1348 1460 1414 1542 ipse
1439 1459 1615 1542 predictam

349 1567 518 1650 scropham
544 1568 575 1629 in
600 1567 802 1650 possessione
826 1586 882 1628 sue
908 1580 939 1628 et
970 1585 1065 1649 super
1090 1566 1266 1649 dampnum
1291 1586 1386 1628 suurn
1410 1567 1561 1628 mactavit
1585 1581 1616 1628 et

349 1673 526 1752 interleci13
551 1674 625 1736 ideo
643 1675 748 1756 ipsum
770 1673 898 1735 racione
916 1673 1123 1735 mactacionis
1140 1673 1240 1754 ipsius
1257 1673 1390 1756 scrophe
1415 1672 1616 1734 reddidimus

349 1782 545 1866 expeditum.

454 1889 532 1952 ltem
558 1888 746 1950 Franciscus
771 1901 802 1950 et
824 1887 971 1948 Thomas
987 1900 1113 1948 sutores
1137 1887 1169 1948 in
1194 1887 1299 1969 primo
1324 1887 1444 1968 judicio
1469 1885 1614 1969 proxime

349 1995 527 2058 occurrenti
551 2008 662 2057 contra
686 1994 815 2057 Petrum
841 1993 980 2075 juratum
1004 1995 1199 2056 tenebuntur
1227 1993 1432 2075 respondere.

456 2121 535 2182 ltem
566 2120 751 2183 Anthonius
783 2117 872 2181 faber
904 2132 1013 2181 contra
1046 2118 1257 2181 Benedictum
1299 2119 1478 2182 institorem
1511 2119 1615 2201 primo

350 2228 464 2291 citatus
487 2247 552 2290 non
578 2227 768 2310 comparuit.

455 2336 533 2398 Item
552 2335 730 2417 Gregorius
743 2333 962 2420 Wrecharych
979 2349 1089 2397 contra
1107 2335 1313 2396 Franciscum
1330 2334 1491 2397 literatum
1508 2333 1614 2416 primo

350 2443 464 2505 citatus
488 2461 552 2504 non
578 2441 769 2523 comparuit.

455 2548 534 2611 ltem
560 2549 659 2610 Lucia
684 2547 793 2610 relicta
819 2547 973 2630 Stephani
1006 2561 1117 2610 contra
1142 2547 1307 2609 Thomarn
1337 2546 1478 2629 juratum
1509 2547 1615 2630 primo

349 2657 443 2720 citata
468 2675 533 2718 non
559 2654 749 2739 comparuit.

376 2892 474 2970 Ferla
501 2902 599 2967 sexta
628 2895 781 2984 proxima
818 2903 897 2982 post
924 2894 1047 2964 festum
1075 2890 1330 2982 Assumpcionis
1358 2895 1454 2966 beate
1484 2893 1589 2966 llarie

902 3037 1058 3106 virginis.

860 3186 925 3267 (18.
956 3188 1100 3266 augrestr).

456 3352 535 3414 Item
559 3351 659 3413 Lucia
684 3351 793 3412 relicta
818 3349 972 3432 Stephani
994 3362 1103 3411 contra
1120 3347 1285 3410 Thomam
1309 3348 1448 3430 juratum
1473 3348 1616 3410 secundo

350 3460 445 3522 citata
468 3478 534 3520 non
559 3457 749 3539 comparuit.

458 3565 536 3626 ltem
562 3563 739 3645 Gregorius
762 3562 980 3646 Wrechsrych
1009 3577 1119 3625 contra
1143 3561 1350 3624 Franciscum
1383 3562 1545 3624 literatum
1568 3581 1617 3623 se-

351 3673 458 3734 cundo
482 3672 595 3733 citatus
619 3689 684 3732 non
709 3671 899 3752 comparuit.

455 3777 534 3840 ltem
560 3777 752 3840 Benedictus
776 3776 894 3838 brodar
914 3789 1024 3838 contra
1042 3775 1237 3858 Gregorium
1261 3773 1457 3858 freniparem
1474 3774 1617 3838 secundo

351 3884 465 3946 citatus
488 3903 554 3946 non
580 3883 770 3965 comparuit.

457 3989 535 4052 Item
560 3990 749 4051 Franciscus
773 4001 862 4050 sutor
878 4008 976 4069 gener
994 3989 1156 4072 Herwoye
1179 3989 1298 4070 jurabit
1321 4004 1436 4052 octavo
1453 3990 1505 4051 die
1522 4009 1618 4073 super

351 4115 437 4158 aram
462 4109 573 4158 contra
598 4096 727 4158 Petrum
753 4095 891 4176 juratum
915 4115 1010 4177 super
1034 4114 1083 4174 eo,
1108 4109 1143 4158 ut
1166 4095 1234 4178 ipse
1263 4095 1383 4157 librum
1408 4097 1507 4178 ipsius
1532 4096 1617 4158 Petri

351 4201 444 4283 jurati
470 4204 509 4263 ab
535 4221 574 4264 eo
599 4216 745 4283 tempore
769 4201 835 4262 rixe
861 4220 973 4262 eorum
1002 4221 1067 4263 non
1092 4202 1212 4284 recepit
1238 4221 1298 4264 nec
1321 4199 1443 4264 familia
1467 4222 1534 4282 sua,
1559 4221 1619 4264 nec

352 4321 398 4369 est
422 4308 454 4369 in
479 4307 560 4369 scitu
584 4327 642 4369 suo
667 4327 725 4369 nec
749 4304 872 4369 familie
895 4327 962 4370 sue.

458 4432 536 4493 ltem
567 4429 709 4514 prefatus
741 4433 852 4494 Petrus
885 4432 1006 4506 juratus
1030 4433 1148 4514 jurabit
1180 4449 1295 4497 octavo
1328 4436 1380 4497 die
1412 4455 1507 4518 super
1530 4455 1617 4497 aram

352 4537 493 4599 secundo
518 4557 551 4599 se
575 4539 720 4620 personis
736 4538 796 4600 sibi
819 4538 978 4600 similibus
995 4560 1093 4622 penes
1111 4541 1301 4604 effusionem
1325 4543 1491 4621 sanguinis
1508 4557 1618 4604 contra

353 4641 509 4726 prefatum
536 4645 741 4706 Franciscum
764 4657 904 4707 sutorem
937 4665 1106 4728 supereo,
1131 4660 1166 4709 ut
1190 4647 1257 4729 ipse
1289 4648 1465 4730 predictam
1490 4648 1617 4709 effusio-

354 4768 427 4812 nem
452 4751 617 4831 sanguinis
640 4771 736 4833 super
754 4751 881 4813 Petrum
907 4753 1086 4833 predictum
1103 4755 1307 4836 perpetravit,
1333 4769 1364 4816 et
1387 4755 1465 4815 dum
1490 4755 1617 4834 jurabit,

354 4869 430 4917 tunc
454 4856 514 4916 sibi
539 4857 713 4938 birsaginm
741 4858 906 4939 sanguinis
938 4872 1103 4940 tamquam
1128 4860 1232 4940 jurato
1265 4861 1442 4924 secundum
1468 4876 1619 4924 contenta

354 4961 514 5044 privilegii
539 4963 698 5024 tenebitur
721 4965 901 5044 persolvere
927 4965 1040 5027 ordine
1065 4966 1142 5048 Juris
1166 4969 1346 5030 observato,
