3838 5786
802 553 888 610 Anno
913 565 989 629 1475
1024 587 1068 596 -
1085 567 1119 630 3.
1144 555 1253 612 martii.

757 765 857 845 Kyrin
883 763 978 824 irater
1004 763 1136 844 Georgii
1161 765 1287 826 sutoris.

757 871 903 931 Thomas
927 871 1040 951 pintar.

758 975 933 1056 Gregorius
958 975 1098 1057 pellifex.

756 1083 901 1143 Andreas
926 1102 1064 1144 mosnar.

757 1191 895 1250 lacobus
921 1189 1172 1252 Pethlrowichin.

758 1296 905 1361 blichael.

758 1403 876 1465 Paulus
901 1402 998 1466 faber.

756 1510 932 1589 Gregorius
955 1529 1054 1590 gener
1078 1508 1300 1593 Thlralychne.

758 1616 871 1678 Gallus
895 1631 993 1678 sutor.

759 1723 935 1804 Gregorius
959 1735 1057 1784 sutor.

758 1830 888 1892 Hansek
914 1829 1128 1892 barbitonsor.

758 1935 918 2016 Georgius
942 1956 1085 2017 arcupar.

758 2043 903 2104 Thomas
927 2043 1153 2124 carpentarius.

758 2149 910 2209 Nicolaus
939 2147 1088 2230 frenipar.

503 2343 579 2404 ltem
606 2342 717 2424 prefati
751 2341 876 2402 Blasius
907 2341 1002 2422 judex
1027 2355 1057 2402 et
1089 2341 1181 2422 jurati
1210 2361 1246 2403 ac
1280 2341 1453 2404 consiliarii
1486 2359 1558 2400 cum
1584 2359 1661 2401 con·

396 2471 492 2512 sensu
525 2463 556 2510 et
587 2449 825 2526 commissione,
857 2449 1001 2508 unanimi
1035 2461 1065 2509 et
1093 2448 1245 2509 concordi
1277 2447 1442 2509 voluntate
1475 2461 1506 2507 et
1531 2445 1660 2506 decreto

395 2558 499 2620 tocius
522 2555 772 2632 communitatis,
797 2555 906 2616 omnia
939 2555 1077 2632 decreta,
1101 2569 1217 2615 statuta
1250 2567 1314 2615 tam
1341 2554 1371 2614 ln
1398 2553 1536 2634 presenti
1561 2571 1660 2632 quam

397 2665 427 2725 in
454 2663 593 2742 antiquis
618 2661 779 2722 kathernis
805 2661 920 2722 nostris
945 2673 1093 2720 contenta
1120 2674 1151 2721 et
1179 2660 1292 2741 scripta
1318 2659 1425 2740 quoad
1450 2677 1563 2718 omnes
1586 2657 1661 2718 arti·

397 2769 487 2830 culos
511 2782 541 2830 et
567 2781 681 2849 puncta
707 2781 737 2828 et
770 2767 928 2828 clausulas
960 2767 1149 2828 eorumdem
1181 2779 1372 2828 statutorum
1403 2779 1433 2826 et
1457 2765 1660 2826 decretorum

397 2897 452 2959 per
475 2888 579 2937 totum
612 2895 732 2936 annum
765 2875 920 2956 presentis
952 2873 1109 2954 judicatus
1142 2875 1240 2956 ipsius
1269 2875 1366 2936 Blasii
1392 2873 1506 2956 judicis
1530 2888 1560 2935 et
1585 2893 1660 2934 con·

396 2995 567 3064 sequenter
592 2995 622 3042 et
646 2981 798 3063 deinceps
823 2981 889 3061 jure
915 2995 1069 3062 perpetuo
1095 2995 1125 3042 et
1154 2982 1406 3044 irrevocabiliter
1430 2981 1661 3042 confirmarunt

396 3109 523 3170 semper
548 3089 682 3148 valitura
708 3102 739 3148 et
762 3087 894 3148 firmiter
918 3088 1128 3150 observanda.

504 3213 595 3274 Feria
621 3213 732 3292 quinta
770 3213 913 3293 proxima
939 3227 1011 3272 ante
1037 3213 1233 3274 dominicam
1263 3213 1375 3274 Letare
1400 3213 1531 3274 domina
1557 3211 1663 3272 Doro·

396 3319 469 3381 thea
495 3319 603 3381 relicta
629 3319 766 3380 condam
794 3319 921 3379 lllartini
947 3319 1082 3400 prestitit
1104 3319 1318 3400 juramentum
1345 3320 1376 3380 in
1402 3319 1535 3380 ecclesia
1560 3319 1663 3380 sancti

398 3426 496 3487 Marci
523 3426 555 3486 in
574 3445 626 3486 ara
651 3439 739 3485 sante
759 3424 880 3501 Crucis,
906 3438 1051 3505 presente
1076 3425 1218 3506 quodam
1238 3425 1345 3507 Sydan
1364 3426 1403 3486 de
1428 3423 1587 3502 Klolroch‚
1605 3425 1662 3505 qui

397 3543 607 3611 proposuerat
642 3529 784 3610 quodam
810 3529 954 3590 debitum
987 3544 1096 3591 contra
1129 3530 1287 3611 prelatum
1312 3532 1448 3592 condam
1475 3531 1663 3608 Martinum,

398 3648 428 3696 et
453 3637 588 3716 prestitit
619 3635 674 3696 tali
708 3635 818 3712 mod0,
850 3635 937 3715 quod
970 3636 1037 3716 ipsa
1070 3637 1201 3698 domina
1236 3637 1399 3699 Dorothea
1433 3657 1498 3697 non
1530 3635 1664 3697 haberet

397 3743 521 3822 aliquas
546 3761 594 3802 res
620 3743 718 3822 ipsius
742 3741 879 3802 condam
906 3743 1035 3803 Martini
1055 3743 1140 3825 apud
1165 3764 1198 3804 se
1223 3758 1328 3825 preter
1353 3745 1441 3825 quod
1466 3745 1664 3825 presentavit

397 3849 502 3909 eidem
529 3849 648 3932 Sydan,
682 3863 711 3909 et
745 3849 804 3910 hoc
829 3869 936 3908 coram
969 3849 1147 3927 Anthoni0,
1180 3850 1325 3911 Johanne
1358 3851 1477 3930 juratis,
1504 3849 1663 3911 Michaele

398 3956 597 4036 Naspichicz,
630 3955 758 4015 Andrea
793 3955 916 4033 ltalic0,
948 3955 1104 4016 blichaele
1137 3969 1255 4034 sutore,
1281 3955 1374 4018 Petro
1400 3957 1512 4017 Koncz
1537 3968 1568 4016 et
1592 3955 1664 4016 aliis

397 4061 653 4142 quampluribus.

583 4297 678 4371 Feria
708 4309 805 4370 serta
835 4303 989 4388 proxima
1018 4309 1096 4371 ante
1125 4301 1324 4372 dominicam
1354 4301 1483 4374 letare.

932 4455 973 4529 (3.
998 4455 1120 4529 ritarrr'r).

505 4597 536 4654 ln
564 4616 656 4655 causa
684 4595 764 4655 inter
791 4596 918 4657 l'etrum
944 4597 1022 4656 alias
1054 4610 1312 4676 campanatorem
1339 4611 1369 4659 et
1394 4599 1520 4660 Petrum
1548 4599 1662 4659 Koncz

398 4701 530 4779 dictum,
556 4701 692 4782 prelixus
717 4717 762 4761 est
780 4703 934 4762 terminus
952 4703 1056 4763 eidem
1076 4704 1168 4763 l'etro
1188 4703 1297 4763 Koncz
1322 4704 1409 4784 quod
1440 4705 1554 4765 debeat
1571 4725 1660 4765 com·

398 4827 506 4886 parere
532 4821 561 4867 et
587 4807 780 4887 respondere
806 4807 845 4868 ad
871 4809 1006 4888 primam
1034 4808 1120 4868 diem
1146 4807 1356 4887 judiciariam.

504 4912 536 4971 ln
563 4933 654 4972 causa
682 4914 762 4972 inter
787 4913 966 4974 lohannem
996 4915 1153 4975 seniorem
1188 4915 1337 4977 videlicet
1362 4916 1435 4976 anni
1461 4916 1603 4998 preteriti
1630 4932 1661 4978 et

398 5019 604 5079 Valentinum
631 5020 777 5080 similiter
800 5021 959 5081 seniorem
984 5020 1105 5101 judices
1123 5035 1153 5082 et
1177 5021 1307 5104 juratos,
1332 5044 1366 5085 ac
1390 5039 1479 5106 parte
1504 5043 1539 5084 ex
1558 5024 1658 5085 altera
