3818 5786
391 549 409 609 6
753 547 839 604 Anno
862 557 954 623 1450.
980 579 1020 586 —
1045 558 1093 604 rr.
1117 544 1289 618 septembris.

391 781 460 824 rare
484 761 622 824 termino
639 760 814 822 solucionis
831 759 1058 840 peccuniarum
1082 775 1141 838 pro
1166 755 1284 837 quibus
1307 755 1511 838 inpignorata
1536 753 1595 816 luit
1621 755 1658 816 li-

390 882 457 932 tera
482 869 673 951 exspirante,
699 887 757 929 nec
781 866 952 948 assumpsit
976 885 1009 927 se
1034 863 1118 926 velle
1143 883 1272 925 usuram
1297 883 1393 946 super
1417 863 1518 946 ipsam
1544 869 1656 944 corpo·

395 975 495 1038 ralem
519 973 707 1058 peccuniam
732 985 964 1035 excrescentem
990 971 1049 1054 ipsi
1075 970 1179 1032 ludeo
1210 969 1405 1053 persolvere,
1429 969 1486 1032 sed
1511 970 1542 1030 in
1566 969 1657 1031 totali

392 1083 521 1146 accione
555 1081 655 1164 ipsius
687 1079 827 1163 Philippi
859 1077 1012 1140 aurifabri
1045 1077 1225 1160 supradicta
1251 1091 1297 1140 est
1329 1077 1502 1154 innocens;
1526 1077 1566 1138 de
1591 1095 1657 1158 quo

393 1189 514 1271 judicio
535 1188 678 1270 ipsorum
697 1185 872 1268 juratorum
891 1185 994 1248 dictus
1019 1184 1185 1266 Philippus
1202 1181 1363 1245 aurifaber
1386 1203 1451 1245 non
1476 1197 1657 1262 contentus,

392 1294 567 1377 appellavit
591 1293 726 1355 eandem
745 1292 1023 1373 adjudicationem
1044 1291 1188 1372 ipsorum
1206 1288 1383 1371 juratorum
1401 1289 1432 1350 in
1459 1289 1656 1370 presenciam

391 1403 554 1464 seniorum
579 1399 723 1482 judicum
747 1419 806 1481 pro
830 1397 917 1461 finali
943 1399 1041 1480 ipsius
1065 1416 1159 1459 cause
1184 1395 1433 1459 deliberacione.

496 1506 574 1568 ltem
593 1506 759 1567 Emericus
776 1505 900 1567 Zranka
915 1505 1028 1582 dictus,
1050 1501 1148 1582 faber,
1166 1516 1275 1564 contra
1294 1501 1465 1563 Nicolaum
1485 1500 1659 1578 literatum,

392 1613 542 1697 juratum,
567 1613 672 1694 primo
696 1612 809 1674 citatus
832 1631 897 1673 non
923 1610 1113 1692 comparuit.

497 1719 573 1781 ltem
608 1720 710 1780 Janlco
746 1738 879 1801 arcupar
910 1731 1020 1778 contra
1061 1716 1196 1778 Paulum
1233 1713 1360 1776 fabrum
1394 1714 1516 1776 dictum
1548 1732 1659 1796 sporar

392 1825 535 1892 secundo
560 1826 673 1888 citatus
698 1844 762 1886 non
787 1824 976 1906 comparuit.

500 1932 576 1994 ltem
602 1931 677 2013 quia
702 1931 841 2013 quedam
867 1931 945 1992 silva
971 1930 1002 1990 in
1027 1929 1189 1991 territorio
1213 1941 1323 1990 nostro
1348 1947 1404 1989 seu
1429 1925 1566 1988 civitatis
1588 1945 1658 2009 pre-

395 2037 459 2101 late
484 2039 566 2100 inter
590 2037 702 2100 silvam
728 2037 860 2100 ecclesie
878 2049 984 2098 nostre
1009 2034 1202 2118 parochialis
1219 2035 1303 2096 beati
1329 2033 1428 2095 Marci
1452 2031 1658 2114 ewangeliste

395 2145 640 2208 ameridionali
663 2157 763 2227 parte,
795 2158 826 2206 et
857 2144 939 2206 inter
970 2143 1083 2204 silvam
1118 2142 1251 2204 Fabiani
1286 2139 1485 2226 Conychych
1518 2138 1659 2201 concivis

392 2252 491 2315 nostri
517 2271 534 2313 a
559 2251 787 2334 septemtrione
821 2250 928 2311 habita
961 2262 993 2311 et
1023 2249 1171 2327 existens,
1197 2248 1335 2331 desuper
1366 2247 1459 2309 avia
1493 2246 1659 2308 communi

394 2371 425 2421 et
448 2356 529 2419 infra
555 2377 657 2438 usque
682 2356 821 2418 rivulum
847 2376 880 2417 se
908 2355 1094 2434 extendens,
1118 2355 1176 2416 viri
1208 2354 1345 2417 condam
1371 2353 1498 2436 providi
1523 2351 1657 2415 Bartho-

392 2465 491 2528 lomei
517 2463 592 2526 dicti
618 2463 727 2525 Zudor
750 2463 848 2546 patria
871 2463 1007 2524 carnalis
1038 2476 1069 2524 et
1093 2461 1241 2542 legittimi
1274 2461 1331 2522 viri
1358 2461 1505 2522 similiter
1528 2458 1656 2542 providi

392 2572 475 2634 Petri
502 2570 614 2634 decani
629 2570 831 2652 Zudrowych
849 2569 1080 2650 cognominati,
1105 2569 1246 2630 concivis
1262 2567 1410 2630 similiter
1432 2567 1543 2646 nostri,
1568 2585 1659 2649 emp-

392 2679 527 2741 cionalis
552 2691 582 2740 et
607 2677 792 2756 literatorie,
818 2697 834 2737 a
856 2675 1012 2738 memoria
1030 2675 1199 2737 hominum
1225 2673 1294 2754 luit,
1312 2674 1464 2756 idemque
1490 2672 1659 2735 Bartholo-

391 2805 483 2848 meus
507 2798 596 2867 pater
620 2783 719 2865 ipsius
745 2783 826 2844 Petri
853 2782 966 2844 decani
992 2781 1195 2864 Zudrowych
1220 2801 1320 2862 usque
1345 2781 1385 2842 ad
1411 2793 1549 2843 mortem
1567 2799 1657 2842 suam

392 2890 602 2973 temporalem
623 2890 654 2950 in
677 2888 809 2971 pacifico
834 2902 865 2950 et
888 2889 999 2970 quieto
1023 2888 1170 2950 dominio
1188 2887 1330 2949 eiusdem
1356 2887 1435 2949 silve
1453 2906 1580 2969 semper
1605 2906 1658 2948 ex·

394 2997 457 3061 titit
481 2996 609 3058 nemine
642 2995 769 3078 penitus
800 2995 1049 3073 contradicente,
1082 3009 1113 3056 et
1143 3007 1216 3076 post
1240 3007 1377 3056 mortem
1411 2994 1555 3055 eiusdem
1581 2994 1657 3055 Bar·

392 3102 549 3167 tholomei
575 3101 684 3162 Zudor
708 3101 819 3162 eadem
845 3101 925 3162 silva
949 3121 1005 3162 sua
1029 3120 1124 3183 super
1157 3099 1315 3182 prefatum
1343 3101 1471 3162 Petrum
1498 3100 1657 3163 decanum

394 3208 497 3272 filium
522 3208 666 3269 eiusdem
699 3207 918 3268 Bartholomei
951 3206 1018 3288 jure
1051 3206 1245 3270 hereditario
1278 3207 1364 3290 juxta
1397 3207 1497 3290 ipsius
1520 3207 1660 3269 civitatis

394 3315 560 3396 antiquam
585 3313 851 3375 consvetudinem
878 3327 908 3374 et
928 3314 1163 3396 privilegiatam
1189 3313 1368 3376 libertatem
1386 3313 1537 3376 devoluta
1555 3314 1658 3377 extitit

394 3435 424 3483 et
449 3419 637 3499 redundata,
663 3421 695 3481 in
719 3421 810 3480 cuius
834 3420 935 3482 eciam
961 3420 1107 3482 dominio
1129 3420 1215 3482 idem
1240 3421 1351 3482 Petrus
1375 3419 1578 3503 Zudrowych
1603 3420 1658 3482 de·

395 3547 493 3588 canus
517 3546 533 3587 a
550 3538 696 3607 tempore
715 3525 822 3586 obitus
844 3526 944 3608 ipsius
961 3525 1180 3589 Bartholomei
1198 3526 1307 3588 Zudor
1323 3526 1484 3609 patrissui
1509 3540 1539 3587 et
1557 3545 1657 3608 usque

393 3653 478 3694 nunc
502 3651 628 3714 semper
652 3630 783 3713 pacifice
809 3633 983 3714 permansit
1008 3653 1043 3694 ac
1067 3633 1202 3715 prestitit
1223 3625 1259 3694 a'c
1283 3633 1391 3714 quiete
1416 3633 1544 3694 nemine
1570 3632 1658 3694 sirni-

394 3741 467 3802 liter
491 3738 618 3822 penitus
643 3739 892 3818 contradicente,
925 3752 955 3802 et
988 3740 1062 3801 licet
1086 3739 1153 3822 ipsa
1185 3739 1275 3802 litera
1309 3753 1415 3801 nostra
1440 3760 1496 3801 seu
1521 3739 1659 3802 civitatis

393 3845 534 3928 predicte
571 3845 779 3926 privilegialis
815 3846 873 3927 pro
909 3859 997 3927 parte
1033 3846 1132 3928 ipsius
1168 3845 1387 3908 Bartholomei
1419 3846 1528 3908 Zudor
1563 3866 1659 3928 super

394 3950 506 4013 eadem
533 3951 612 4012 silva
637 3949 780 4014 confecta
806 3965 836 4012 et
860 3965 1006 4014 emanata
1032 3952 1201 4014 casualiter
1218 3951 1334 4014 amissa
1359 3965 1390 4014 et
1414 3953 1580 4036 deperdita
1605 3972 1658 4014 ex·

393 4058 456 4120 titit
489 4077 505 4118 a
538 4070 623 4119 certo
656 4070 750 4138 prout
774 4057 861 4119 idem
893 4058 1004 4120 Petrus
1034 4057 1176 4120 decanus
1208 4059 1301 4120 nobis
1334 4059 1442 4121 retulit
1474 4058 1659 4141 fidedigne;

393 4178 500 4226 tamen
525 4163 600 4244 quia
625 4163 663 4224 ad
688 4163 804 4225 trinam
833 4162 993 4225 sorensem
1025 4177 1056 4226 et
1087 4165 1249 4247 publicam
1282 4165 1574 4246 proclamacionem
1599 4186 1657 4248 per

393 4291 453 4333 nos
468 4270 640 4353 superinde
662 4270 702 4333 de
727 4291 816 4333 more
840 4270 918 4334 alias
935 4285 1087 4334 consveto
1113 4271 1180 4334 fieri
1198 4273 1412 4352 commissam,
1430 4271 1553 4356 prefato
1572 4273 1657 4356 paci·

394 4377 455 4439 fico
480 4390 511 4437 et
535 4376 645 4458 quieto
671 4375 818 4438 dominio
843 4378 985 4459 ipsorum
1003 4379 1222 4441 Bartholomei
1246 4380 1355 4442 Zudor
1379 4393 1410 4442 et
1435 4380 1518 4442 Petri
1543 4381 1657 4442 decani

394 4483 452 4544 filii
488 4482 537 4544 sui
568 4483 676 4544 nullus
712 4483 925 4546 contradictor
956 4485 1103 4567 apparuit
1134 4506 1192 4548 nec
1223 4486 1469 4549 contradictorie
1502 4487 1657 4568 obviavit,

395 4589 535 4670 ideoque
560 4608 619 4650 nos
643 4588 778 4650 eandem
803 4589 916 4652 silvam
941 4610 1013 4652 cum
1038 4591 1190 4654 omnibus
1209 4593 1274 4654 suis
1298 4593 1490 4656 utilitatibus
1514 4608 1545 4656 et
1561 4595 1658 4677 perti·

394 4695 517 4756 nenciis
541 4695 697 4756 universis
723 4694 847 4777 prefato
866 4697 959 4759 Petro
981 4697 1103 4760 decano
1128 4700 1253 4762 concivi
1270 4713 1380 4762 nostro
1404 4701 1571 4783 premisso,
1588 4701 1657 4784 jure

396 4800 591 4862 hereditario
616 4800 675 4863 sibi
702 4801 905 4864 incumbente
931 4823 967 4864 ac
989 4823 1045 4886 per
1067 4825 1141 4866 eum
1157 4806 1304 4869 similiter
1320 4807 1491 4870 heredibus
1515 4809 1580 4870 suis
1597 4823 1658 4872 sta·

394 4907 515 4970 tuimus
540 4921 570 4970 et
595 4907 856 4971 confirmavimus
880 4910 1062 4972 rationibus
1093 4932 1130 4974 ex
1159 4913 1321 4995 premissis
1345 4913 1413 4994 jure
1444 4929 1601 4998 perpetuo
1627 4932 1658 4979 et

398 5014 649 5076 irrevocabiliter
661 5014 889 5096 possidendam
903 5029 932 5078 et
946 5019 1255 5102 quomodocumque
1268 5021 1407 5083 voluerit
1419 5021 1656 5104 disponendam

395 5120 480 5202 juxta
509 5121 732 5183 condicionem
758 5123 893 5184 civitatis
915 5138 1082 5206 prenotate
1105 5127 1146 5188 ab
1170 5127 1304 5210 antiquo
1328 5130 1548 5210 approbatam.
