3694 5782
595 570 681 627 Anno
704 565 799 648 1468.
826 606 868 614 -
891 586 918 632 I.
935 571 1022 647 julii.
1380 594 1442 658 339

177 673 693 680 ffimffl-——m-
704 677 770 682 .-.--.
780 677 800 682 .-
862 677 936 683 --.—
971 679 1087 686 ---.—.
1095 681 1113 686 ..
1120 681 1252 687 --..-.—-
1276 682 1410 688 n—-m-

202 783 302 858 Feria
333 789 437 858 tercia
467 791 621 875 proxima
657 796 735 860 aute
763 791 885 862 testum
909 791 1109 862 Nativitatis
1138 791 1226 864 beati
1254 795 1417 883 johannis

724 914 887 1003 Baptiste.

716 1069 777 1144 (21.
794 1071 902 1147 stanit).

283 1206 339 1266 Est
363 1206 544 1286 adjudicata
578 1227 671 1269 causa
704 1208 786 1270 inter
818 1209 1007 1271 Thomasko
1039 1225 1193 1274 sartorem
1221 1227 1252 1274 et
1276 1215 1438 1277 Andream

176 1311 374 1395 Symwnych
398 1313 591 1374 modernum
616 1313 756 1394 judicem
781 1314 865 1377 dicte
890 1316 1037 1395 civitatis,
1074 1337 1130 1399 per
1153 1321 1295 1381 seniores
1320 1321 1442 1400 judices

175 1431 206 1479 et
231 1417 352 1498 juratos
375 1419 518 1480 seniores
554 1420 682 1482 racione
707 1420 945 1503 deperdicionis
965 1437 995 1485 et
1020 1423 1264 1487 anichilacionis
1288 1447 1442 1508 quorum·

175 1525 253 1586 darn
278 1525 502 1588 clenodiorum
523 1527 640 1588 domus
656 1547 724 1606 sue,
742 1547 805 1609 que
822 1542 896 1590 sunt
912 1531 1075 1610 registrata
1100 1545 1278 1613 atempore
1303 1535 1442 1615 assigna-

173 1631 279 1692 cionis
303 1631 437 1714 hospicii
464 1653 520 1714 per
537 1633 677 1714 judicem
695 1634 875 1716 predictum
894 1635 1070 1697 Benedicto
1088 1636 1221 1699 dicatori
1247 1652 1278 1700 et
1302 1641 1442 1702 exactori

172 1738 446 1818 mardurinarum,
478 1740 511 1800 in
544 1740 643 1801 domo
672 1761 728 1802 sua
759 1742 874 1820 taliter,
906 1741 1009 1822 jurare
1042 1744 1204 1806 tenebitur
1235 1743 1312 1806 feria
1345 1748 1442 1810 tercia

171 1845 321 1926 proxima
346 1858 418 1927 post
450 1844 566 1907 festum
600 1847 684 1907 beati
714 1846 869 1908 Johannis
897 1848 1048 1929 Baptiste,
1086 1849 1173 1930 quod
1199 1851 1255 1911 ista
1290 1866 1364 1912 sunt
1387 1853 1441 1914 de-

171 1951 300 2032 perdita
325 1965 355 2012 et
373 1951 555 2030 anichilata‚
580 1966 610 2014 et
634 1953 722 2034 quod
741 1973 798 2014 nec
817 1955 883 2035 ipse
909 1974 966 2015 nec
984 1974 1115 2016 consors
1139 1971 1170 2017 et
1187 1956 1335 2019 homines
1359 1959 1441 2021 eius·

172 2056 249 2118 dem
276 2057 519 2119 Thomaskonis
543 2059 696 2140 premissa
721 2079 785 2120 non
804 2060 1018 2122 anichilarunt
1043 2074 1073 2122 et
1089 2074 1245 2142 quantum
1272 2064 1441 2126 valuerunt

171 2183 223 2224 res
248 2165 422 2244 premisse;
447 2179 477 2225 et
501 2165 578 2226 dum
604 2164 732 2246 jurabit,
757 2180 872 2229 extunc
901 2167 997 2248 judex
1021 2182 1116 2249 prout
1138 2170 1310 2251 assumpsit
1334 2171 1440 2232 eidem

171 2289 221 2330 res
247 2271 418 2351 premissas
442 2271 565 2334 solvere
595 2273 765 2336 tenebitur.

247 2445 251 2450 ,
281 2377 360 2438 Item
386 2397 512 2439 causam
547 2379 628 2440 inter
652 2392 833 2441 consortem
860 2379 1013 2462 Stephani
1042 2381 1188 2462 plathnar
1221 2382 1367 2444 moderni
1393 2382 1441 2464 ju·

170 2484 230 2546 rati
261 2498 293 2546 et
311 2487 392 2546 inter
408 2499 591 2547 consortem
608 2485 763 2547 Johannis
781 2485 941 2547 Gwrthler
958 2487 1087 2548 racione
1111 2487 1262 2548 trusionis
1283 2489 1439 2551 consortis

169 2591 274 2671 ipsius
288 2591 441 2672 Stephani
459 2591 617 2673 plathnar,
631 2591 723 2672 jurati
741 2592 846 2653 taliter
865 2591 1098 2673 adjudicarunt,
1123 2606 1158 2655 ut
1181 2593 1255 2674 quia
1273 2594 1340 2676 ipsa
1359 2614 1438 2656 uxor

169 2697 274 2778 ipsius
298 2697 447 2779 plathnar
470 2718 527 2780 per
550 2711 645 2760 testes
670 2699 880 2780 comprobare
907 2717 971 2760 non
1000 2699 1105 2780 potuit
1128 2699 1304 2760 trusionem
1330 2719 1437 2760 coram

169 2804 278 2881 nobis,
304 2823 362 2886 pro
387 2824 426 2865 eo
452 2824 531 2866 uxor
556 2805 655 2887 ipsius
679 2804 834 2866 Johannis
868 2803 971 2884 jurare
996 2804 1156 2866 tenebitur
1187 2805 1275 2886 quod
1300 2805 1367 2887 ipsa
1392 2806 1439 2867 in-

167 2909 293 2990 juriose
318 2924 349 2972 et
373 2911 594 2992 calumpniose
619 2932 685 2972 non
705 2911 798 2973 trusit
815 2925 994 2974 consortem
1021 2911 1120 2993 ipsius
1139 2911 1292 2993 Stephani
1317 2912 1349 2972 in
1366 2933 1440 2994 pro·

170 3017 331 3094 cessione,
356 3014 433 3078 feria
458 3018 554 3079 tercia
579 3018 732 3099 proxima·
749 3030 821 3100 post
853 3016 969 3079 festum
998 3017 1082 3078 beati
1107 3015 1261 3078 Johannis
1286 3017 1439 3100 Baptista,

168 3123 251 3184 etsi
278 3123 407 3204 jurabit,
432 3123 490 3185 erit
514 3124 626 3203 libera,
659 3125 713 3184 ubi
738 3143 814 3184 vero
846 3143 911 3184 non
936 3123 1064 3204 jurabit,
1096 3137 1211 3183 extunc
1236 3143 1314 3184 uxor
1339 3124 1438 3205 ipsius

166 3231 317 3312 gurthler
341 3246 450 3294 contre
475 3233 577 3315 ipsam
595 3247 776 3294 consortem
800 3231 1074 3314 plathnardecem
1093 3231 1248 3313 inpensis
1272 3245 1302 3293 et
1326 3247 1437 3294 contra

166 3338 312 3420 judicem
339 3352 369 3399 et
393 3337 513 3420 juratos
538 3339 570 3400 in
602 3353 731 3400 centum
764 3339 903 3400 denariis
935 3339 1143 3400 convincetur
1168 3339 1238 3420 ipso
1270 3336 1372 3415 sact03
1398 3339 1437 3400 de

166 3464 236 3526 quo
262 3444 384 3523 judicio
410 3446 553 3527 ipsorum
579 3445 755 3527 juratorum
781 3446 848 3527 ipse
873 3445 1035 3506 Johannes
1052 3444 1196 3526 gurthler
1219 3446 1345 3506 racione
1364 3465 1439 3507 con-

165 3552 264 3613 sortis
289 3571 345 3612 sue
370 3571 435 3613 non
467 3565 648 3632 contentus,
681 3553 816 3614 eandem
849 3571 975 3613 causam
1008 3551 1048 3612 ad
1077 3551 1240 3613 seniorum
1265 3552 1440 3634 appellavit

165 3657 340 3739 judicium.

195 3875 299 3949 Faria
328 3887 425 3950 sexta
463 3881 617 3968 proxima
655 3887 731 3968 post
768 3879 889 3951 testum
926 3880 1101 3950 beatorum
1135 3879 1227 3950 Petri
1256 3887 1288 3950 et
1319 3879 1412 3952 Pauli

690 4004 929 4093 apostolorum.

717 4155 760 4236 (1.
784 4155 888 4238 sulit).

279 4297 358 4358 item
385 4296 478 4376 jurati
510 4297 740 4359 confirmarunt
771 4299 925 4380 judicium
959 4299 1121 4359 seniorum
1154 4297 1331 4376 juratorum
1361 4300 1436 4361 anni

163 4403 326 4488 preteriti,
360 4403 487 4464 racione
520 4405 738 4466 ordinacionis
761 4407 856 4486 sepis,
890 4418 919 4465 et
949 4405 1024 4485 quia
1049 4405 1115 4486 ipse
1147 4425 1211 4465 non
1237 4403 1311 4467 fecit
1336 4407 1436 4486 ipsam

162 4530 292 4593 sepem,
306 4529 408 4590 usque
426 4523 575 4571 octavum
601 4511 687 4572 diem
711 4531 879 4593 preparare
896 4511 1056 4572 tenebitur
1080 4511 1138 4571 sub
1156 4530 1239 4590 pena
1264 4511 1296 4571 in
1320 4511 1438 4572 talibus

162 4617 237 4680 fieri
263 4631 434 4692 consveta;
459 4616 499 4678 de
524 4636 590 4698 quo
614 4617 735 4698 judicio
768 4617 945 4699 juratorum
971 4638 1034 4679 non
1069 4630 1238 4678 contentus
1262 4618 1437 4698 appellavit

163 4725 206 4786 ad
235 4724 380 4786 seniores
404 4722 535 4803 judices.

278 4829 354 4890 Item
388 4849 515 4890 causam
548 4830 630 4891 inter
662 4829 841 4891 Johannem
868 4829 1028 4892 Gwrthler
1060 4843 1090 4890 et
1123 4829 1204 4890 inter
1236 4827 1435 4909 Stephanum

161 4938 318 5021 plathnar
335 4937 461 4998 racione
485 4937 639 4999 tredecim
657 4937 726 4998 flor.
750 4938 829 5015 auri,
847 4937 934 5018 quod
953 4957 1008 5017 per
1025 4936 1164 5016 judicem
1183 4934 1242 4997 fuit
1266 4935 1325 4995 sibi
1353 4935 1437 5014 jura-

162 5057 317 5108 mentum
350 5043 587 5123 adjudicatum‚
620 5044 707 5125 quod
749 5045 815 5125 ipse
852 5063 915 5104 non
953 5045 1143 5124 promiserat
1176 5043 1234 5123 ipsi
1272 5041 1435 5121 Stephano

1329 5143 1341 5170 ss
