3694 5782
598 589 684 644 Anno
706 582 799 664 1465.
828 619 869 628 -
895 600 941 647 12.
966 587 1094 646 octobris.
1415 605 1477 668 279

264 801 364 878 laria
392 815 493 878 sexta
521 809 675 896 proxima
705 815 781 896 post
809 785 931 879 festum
960 807 1050 878 beati
1078 807 1230 898 llyonisii
1260 806 1423 879 martiris.

730 947 789 1015 (11.
813 942 957 1017 octobris).

317 1047 397 1110 Item
422 1067 553 1109 causam
578 1047 660 1110 inter
693 1048 881 1128 magistrum
906 1047 1086 1110 lohannem
1121 1048 1160 1109 de
1185 1049 1332 1131 Napulya
1358 1063 1417 1111 etc.
1444 1065 1478 1111 ut

207 1169 351 1216 actorem
377 1156 417 1216 ab
444 1173 517 1233 una,
542 1173 577 1215 ac
611 1155 692 1215 inter
723 1153 866 1216 relictam
900 1169 930 1216 et
954 1154 1038 1216 filios
1070 1155 1206 1216 condam
1242 1156 1367 1218 Nicolai
1393 1156 1476 1217 auri·

206 1261 299 1339 fabri,
325 1263 407 1322 olim
432 1262 568 1323 senioris
593 1261 708 1342 judicis
732 1275 762 1323 et
787 1261 928 1323 concivis
956 1264 1067 1337 nostri,
1093 1261 1148 1323 filii
1175 1263 1269 1342 Petri,
1296 1277 1329 1325 ut
1354 1265 1384 1325 in
1402 1283 1475 1325 cau·

204 1389 272 1430 sam
298 1383 464 1447 attractos,
489 1388 547 1451 pro
573 1369 691 1449 quibus
716 1367 854 1430 Michael
879 1367 963 1429 filius
988 1369 1132 1430 eiusdem
1157 1389 1264 1430 coram
1290 1371 1383 1431 nobis
1407 1389 1476 1450 per-

204 1475 363 1536 sonaliter
387 1489 503 1552 astsns,
529 1487 564 1534 ut
588 1487 775 1555 procurator
799 1474 989 1537 eorumdem
1014 1475 1142 1536 racione
1168 1475 1335 1536 cuiusdam
1361 1475 1477 1536 domus

206 1595 333 1644 mutate
360 1595 392 1643 et
409 1579 632 1642 hedificiorum
650 1581 681 1641 in
707 1580 791 1643 dicta
809 1581 936 1642 civitate
953 1581 1073 1659 habita,
1092 1602 1128 1641 ex
1147 1595 1235 1663 parte
1253 1581 1343 1642 cuius
1361 1581 1477 1642 domus

204 1689 352 1772 prefatus
376 1687 527 1768 magister
551 1686 713 1748 lohannes
729 1707 866 1749 unacum
889 1688 988 1749 literis
1013 1688 1100 1770 regie
1119 1687 1304 1750 Serenitatis
1329 1688 1422 1749 nobis
1446 1701 1476 1748 et

204 1797 264 1860 toti
291 1795 518 1858 communitati
543 1794 763 1875 loquentibus,
789 1807 822 1855 ut
846 1795 928 1856 inter
961 1794 1088 1856 easdem
1123 1809 1227 1876 partes
1251 1795 1379 1856 racione
1405 1814 1474 1876 pre·

204 1904 305 1965 misse
331 1901 460 1980 domus,
485 1900 559 1962 visis
583 1901 750 1962 ambarum
776 1901 918 1983 parcium
944 1899 1067 1981 juribus
1084 1913 1114 1962 et
1131 1901 1354 1983 probabilibus
1378 1901 1475 1963 docu-

203 2011 337 2088 mentis,
362 2008 521 2091 justiciam
546 2006 650 2069 facere
673 2007 913 2084 debuissemus;
939 2021 970 2069 et
995 2007 1069 2088 quia
1088 2028 1146 2070 nos
1170 2021 1236 2070 tota
1261 2009 1476 2070 communitas

203 2117 288 2179 dicte
315 2116 454 2178 civitatis
487 2114 594 2177 eidem
620 2113 769 2176 Michaeli
803 2113 871 2176 lilio
900 2115 1044 2176 annotati
1079 2115 1215 2176 condam
1242 2114 1367 2176 Nicolai
1393 2115 1474 2175 auri-

201 2223 286 2285 fabri
313 2222 489 2286 terminum
514 2221 663 2282 videlicet
688 2221 876 2283 hodiernam
907 2222 991 2282 diem
1030 2221 1228 2303 producendi
1258 2222 1325 2304 jura
1351 2236 1381 2282 et
1406 2221 1474 2284 lite·

201 2331 282 2393 ralia
310 2331 524 2392 instrumenta
550 2343 604 2390 aut
627 2342 733 2407 testes,
758 2329 875 2410 quibus
891 2328 1108 2390 mediantibus
1133 2330 1199 2410 ipse
1216 2329 1352 2410 probare
1370 2341 1476 2410 posset

202 2437 295 2519 quod
329 2437 399 2519 ipsa
432 2436 549 2496 domus
581 2455 637 2497 sua
669 2449 699 2496 et
732 2435 947 2517 predictorum
983 2435 1092 2496 matris
1116 2449 1146 2496 et
1179 2433 1310 2496 fratrum
1343 2453 1474 2496 suorum

199 2559 297 2622 esset,
326 2557 359 2604 et
384 2542 471 2624 quod
497 2541 610 2604 eadem
636 2541 753 2603 domus
777 2541 876 2623 ipsius
902 2543 980 2623 Elye
1006 2541 1099 2602 Judei
1126 2561 1189 2602 non
1216 2540 1336 2620 fuisset,
1361 2555 1392 2602 et
1415 2561 1474 2624 pro

199 2651 324 2712 debitis
351 2649 494 2711 eiusdem
529 2649 609 2731 Elye
636 2647 741 2726 ludei,
773 2647 877 2710 eidem
912 2648 1010 2730 Elyee
1037 2648 1140 2709 ludeo
1166 2667 1231 2710 non
1257 2649 1475 2727 remansisset,

197 2757 388 2840 producere
413 2755 586 2833 debuisset,
618 2775 715 2836 quam
746 2774 873 2816 causant
906 2755 998 2837 jurati
1024 2756 1168 2817 eiusdem
1201 2755 1337 2817 civitatis
1369 2757 1473 2818 taliter

196 2863 459 2946 adjudicassent,
484 2861 572 2944 quod
598 2861 674 2943 quia
706 2858 847 2943 prefatus
878 2861 1029 2942 magister
1060 2862 1223 2924 lohannes
1247 2875 1350 2924 textor
1375 2863 1473 2924 veluti

196 2985 267 3032 tarn
296 2969 408 3031 literas
432 2969 531 3050 ipsius
564 2967 701 3030 condam
734 2967 860 3029 Nicolai
886 2965 1037 3030 aurifabri
1069 2989 1164 3050 super
1196 2969 1349 3051 premissa
1375 2969 1474 3030 domo

199 3089 361 3138 sonantes
386 3089 416 3136 et
439 3076 498 3135 sub
523 3073 630 3155 sigillo
663 3087 772 3135 nostro
805 3073 966 3136 confectas
999 3075 1170 3154 habuisset,
1200 3089 1231 3138 et
1263 3076 1364 3137 eciam
1397 3075 1475 3136 alias

200 3185 316 3246 literas
342 3194 460 3243 eotunc
484 3179 610 3262 judicis,
643 3180 820 3262 juratorum
849 3195 880 3242 et
903 3182 1005 3242 tocius
1038 3182 1279 3244 communitatis
1303 3202 1361 3264 pro
1386 3195 1474 3264 parte

200 3291 307 3373 ipsius
330 3287 473 3370 magistri
499 3287 654 3349 lohannis
678 3301 855 3368 tangentes,
881 3307 976 3370 super
1009 3289 1121 3351 eadem
1147 3289 1246 3351 domo
1270 3302 1420 3350 sonantes
1444 3301 1474 3348 et

196 3417 257 3479 per
283 3396 455 3457 dominam
481 3393 690 3456 Katherinam
715 3395 857 3456 relictam
888 3395 1024 3456 condam
1051 3396 1147 3456 Vlrici
1173 3396 1298 3456 comitis
1323 3395 1381 3477 ipsi
1407 3413 1473 3456 ma·

194 3505 302 3585 gistro
338 3501 477 3563 lohanni
510 3521 566 3584 per
599 3521 658 3563 nos
689 3502 783 3563 statui
817 3503 1014 3580 commissas,
1047 3522 1154 3564 coram
1180 3503 1273 3563 nobis
1296 3501 1473 3584 producere

196 3609 340 3686 curavit,
366 3608 483 3689 quibus
507 3608 725 3670 mediantibus
750 3608 815 3690 ipse
850 3609 999 3688 magister
1025 3609 1187 3671 lohannes
1214 3623 1285 3691 post
1310 3609 1472 3690 expulsio-

196 3737 277 3778 nem
306 3715 409 3797 ipsius
435 3715 514 3798 Elye
539 3715 632 3776 Judei
658 3715 688 3776 in
715 3714 849 3797 pacifico
873 3715 1020 3778 dominio
1038 3717 1201 3794 extitisset,
1225 3717 1401 3799 producere
1419 3736 1472 3777 cu·

195 3825 295 3901 ravit,
322 3823 392 3904 ipse
424 3837 529 3884 autem
556 3821 693 3883 Michael
718 3821 803 3883 filius
832 3823 973 3884 annotati
1007 3821 1144 3883 condam
1169 3823 1294 3884 Nicolai
1320 3821 1472 3884 aurifabri

194 3950 258 3992 nec
285 3929 359 4009 jura
385 3941 438 3989 aut
470 3928 605 3989 litoralia
638 3927 847 3990 instrumenta
880 3941 935 3989 aut
965 3941 1059 3990 testes
1092 3948 1186 4010 super
1218 3929 1380 4010 premissis
1411 3941 1472 3989 ter-

195 4037 332 4099 minum
359 4034 398 4095 ad
424 4033 563 4096 eundem
588 4033 765 4115 producere
791 4034 925 4095 minime
944 4035 1075 4111 curavit,
1101 4033 1174 4095 ideo
1200 4035 1259 4116 ipsi
1284 4034 1377 4114 jurati
1402 4054 1473 4117 pre·

193 4143 325 4204 dictam
352 4140 485 4202 domurn
509 4159 582 4202 cum
607 4141 731 4202 cunctis
755 4141 820 4201 suis
849 4141 1039 4202 utilitatibus
1071 4141 1180 4222 vigore
1206 4153 1297 4202 etex
1323 4141 1471 4202 commis·

193 4251 294 4312 sione
320 4247 486 4309 literarum
511 4248 598 4328 regie
632 4247 808 4309 Maiestatis
839 4247 943 4308 eidem
977 4247 1130 4327 magistro
1162 4247 1300 4308 Johanni
1326 4247 1401 4307 visis
1425 4245 1470 4327 ju·

194 4357 293 4419 ribus
318 4354 385 4415 suis
402 4367 432 4414 et
448 4353 670 4435 probabilibus
687 4353 889 4414 documentis
914 4353 1115 4414 statuendam
1134 4353 1370 4434 adjudicassent
1386 4353 1471 4434 juxta

193 4461 433 4526 condicionem
458 4460 594 4522 civitatis
619 4475 803 4542 prenotate3
829 4459 868 4520 de
893 4478 958 4540 quo
981 4458 1101 4540 judicio
1126 4459 1269 4540 ipsorum
1294 4458 1471 4539 juratorum

193 4571 268 4652 ipse
297 4566 437 4629 Michael
462 4567 494 4627 in
519 4585 576 4627 sua
600 4579 631 4628 et
654 4565 786 4626 domine
809 4565 918 4627 matris
936 4585 970 4626 ac
996 4565 1128 4626 fratrum
1153 4585 1284 4626 suorum
1310 4584 1375 4626 non
1394 4584 1468 4626 con-

192 4689 312 4738 tentus
339 4673 474 4734 eandem
500 4691 628 4734 causam
653 4671 694 4734 ad
718 4671 860 4733 seniores
884 4671 1059 4753 appellavit
1083 4671 1214 4752 judices.

302 4823 448 4894 Sabbata
478 4821 629 4911 proximo
658 4833 734 4911 post
763 4823 884 4893 festam
914 4823 1003 4893 beati
1033 4820 1179 4909 llyonisii
1209 4819 1372 4891 martiris.

718 4958 779 5034 (12.
804 4959 944 5032 octobris).

312 5081 453 5144 Causam
479 5081 561 5144 inter
585 5079 744 5164 prefatum
770 5081 957 5162 magistrum
982 5080 1161 5142 iohannem
1187 5093 1343 5140 textorem
1363 5079 1472 5158 veluti,

192 5205 231 5256 ut
258 5200 406 5253 actorem
431 5189 472 5250 ab
496 5207 571 5268 uua,
596 5199 627 5251 et
651 5187 733 5250 inter
750 5186 894 5250 relictam
921 5207 957 5250 ac
982 5185 1065 5249 filios
1083 5186 1220 5248 condam
1247 5185 1371 5247 Nicolai
1389 5185 1471 5246 auri-
