3738 5786
559 538 645 594 Anno
667 548 759 615 1452.
784 571 825 580 -
853 552 904 616 24.
929 535 1102 599 novembris.
1421 556 1463 619 47

196 747 371 809 liberorum
390 747 482 810 Pauli
508 747 733 830 Duymowych
755 768 793 812 eo
818 749 930 828 modo,
954 761 989 810 ut
1010 750 1077 831 ipse
1095 749 1217 832 Symon
1244 749 1461 831 carpentarius

195 851 253 915 fuit
276 853 360 916 liber
384 869 507 918 metere
531 868 562 916 et
585 875 645 938 pro
669 875 701 916 se
726 856 867 938 recipere
885 855 968 938 ipsas
986 869 1110 936 segetes
1134 875 1213 938 quas
1237 857 1464 936 seminaverat,

195 960 269 1041 quia
293 979 353 1040 pro
378 960 445 1022 suis
468 961 614 1044 pecuniis
639 961 739 1044 ipsam
764 975 880 1023 terram
914 961 946 1022 in
971 961 1107 1043 pignore
1130 960 1243 1023 habuit
1266 960 1349 1022 circa
1373 981 1415 1024 se.

299 1065 380 1129 Item
398 1066 492 1148 jurati
509 1087 637 1129 causam
662 1068 695 1130 in
712 1065 796 1130 facto
817 1067 985 1129 cuiusdam
1002 1068 1095 1130 vinee
1121 1080 1152 1130 et
1175 1067 1306 1149 virgulti
1325 1067 1461 1130 condam

196 1172 287 1234 Pauli
312 1173 389 1235 dicti
413 1172 546 1257 Babych
578 1173 660 1236 inter
682 1173 792 1235 vineas
822 1193 879 1236 seu
911 1173 1048 1254 virgulta
1082 1174 1222 1236 desertas
1251 1193 1308 1235 seu
1339 1173 1462 1236 deserta

198 1279 331 1363 Mathye
355 1279 449 1360 jurati
475 1280 574 1342 nostri
591 1279 751 1359 moderni,
775 1279 833 1342 lilii
857 1279 995 1342 condam
1013 1279 1168 1342 lobannis
1193 1279 1250 1342 filii
1266 1280 1413 1363 Myklini,
1431 1281 1462 1342 in

195 1386 359 1448 territorio
383 1386 521 1448 civitatis
543 1386 686 1468 predicte
718 1385 853 1466 habitas,
877 1386 936 1450 site
964 1399 996 1449 et
1027 1387 1200 1466 existentis,
1232 1386 1315 1449 inter
1338 1387 1462 1469 Marga-

196 1491 320 1554 retham
345 1492 490 1554 relictam
514 1505 546 1555 et
577 1491 760 1555 Emericum
785 1491 889 1555 filium
921 1493 1022 1575 ipsius
1054 1493 1193 1555 condam
1217 1492 1308 1554 Pauli
1333 1493 1463 1578 Babych

195 1599 236 1660 ab
264 1617 326 1660 una
351 1611 440 1681 parte
465 1612 496 1661 et
519 1611 607 1681 parte
638 1601 678 1661 ab
710 1599 808 1661 altera
833 1599 915 1661 inter
936 1597 1095 1682 prelatum
1124 1598 1288 1682 Mathyam
1312 1599 1462 1681 juratum,

196 1724 305 1766 coram
331 1704 407 1787 ipsis
430 1703 541 1786 juratis
565 1717 685 1768 motam
711 1718 742 1768 et
765 1719 955 1785 vertentem,
986 1706 1031 1768 sic
1055 1719 1086 1768 et
1109 1725 1148 1767 eo
1173 1704 1272 1768 modo
1299 1705 1462 1788 adjudica·

195 1823 323 1890 verunt,
347 1825 383 1872 ut
406 1812 482 1893 quia
505 1811 554 1873 vir
577 1811 715 1874 condam
740 1811 895 1896 providus
910 1809 1095 1874 Anthonius
1119 1809 1258 1874 carnifex
1283 1811 1368 1874 filius
1392 1833 1462 1896 pre·

195 1917 252 1978 lati
276 1917 415 1980 condam
440 1917 595 1980 lobannis
618 1916 675 1980 filii
700 1917 801 2000 ipsius
825 1918 962 2001 Myklini
987 1917 1020 1980 in
1046 1917 1194 1980 extremis
1218 1917 1281 1978 vite
1302 1937 1358 1980 sue
1382 1932 1461 1981 tem-

195 2023 317 2098 poralis
342 2023 527 2102 laborasset,
551 2038 627 2086 tunc
651 2024 719 2106 ipse
744 2023 922 2106 predictam
956 2025 1083 2086 vineam
1109 2036 1140 2085 et
1165 2023 1340 2105 virgultum
1365 2027 1463 2107 ipsius

195 2131 288 2192 Pauli
313 2130 455 2214 Babych,
480 2130 585 2193 eidem
610 2131 711 2194 Paulo
737 2130 866 2214 Babych
895 2143 1061 2213 tamquam
1093 2131 1217 2192 sororio
1241 2151 1300 2194 suo
1324 2152 1361 2194 ex
1386 2153 1461 2196 con·

196 2256 292 2298 sensu
309 2236 444 2320 predicti
462 2237 593 2321 Mathye
610 2236 704 2319 jurati
723 2237 828 2300 fratris
844 2237 892 2300 sui
908 2257 966 2320 pro
983 2237 1096 2318 viginti
1114 2236 1244 2298 florenis
1260 2257 1316 2319 per
1328 2240 1462 2302 modum

195 2343 399 2406 vendicionis
424 2343 564 2406 dedisset
586 2357 743 2427 perpetuo
767 2343 1007 2426 possidendam,
1031 2363 1068 2405 ex
1097 2343 1215 2425 quibus
1239 2344 1299 2406 XX
1323 2343 1464 2425 florenis,

197 2450 282 2511 idern
309 2448 494 2513 Anthonius
518 2449 669 2530 carnifex,
686 2449 837 2529 decanus,
862 2450 973 2512 decem
991 2450 1131 2514 florenos
1155 2469 1192 2512 ex
1217 2469 1375 2513 consensu
1392 2472 1463 2535 pre-

198 2555 252 2618 fati
280 2555 412 2640 Mathye
436 2555 541 2638 jurati,
564 2555 667 2620 fratris
690 2557 750 2636 sui,
775 2555 897 2640 prelato
919 2556 1021 2619 Paulo
1045 2556 1175 2638 Bnbych
1200 2556 1364 2638 relaxavit,
1388 2559 1462 2622 resi·

197 2663 279 2726 duos
303 2683 381 2726 vero
405 2664 517 2726 decern
535 2663 606 2730 flor.
631 2683 687 2747 per
712 2663 853 2726 eundern
870 2663 1007 2726 Paulum
1026 2662 1156 2745 flabych
1181 2682 1238 2744 pro
1262 2665 1352 2725 totali
1377 2665 1463 2727 solu·

197 2771 290 2833 cione
314 2770 457 2853 predicte
493 2771 587 2834 vinee
610 2785 641 2832 et
671 2771 801 2853 virgulti
837 2770 922 2832 idern
947 2769 1131 2832 Anthonius
1162 2768 1301 2832 carnifex
1325 2771 1384 2832 sibi
1409 2785 1464 2834 aut

197 2877 371 2940 heredibus
387 2878 454 2939 suis
477 2877 659 2960 persolvere
677 2877 900 2956 commisisset,
917 2887 1013 2960 prout
1029 2875 1090 2938 hoc
1107 2875 1139 2937 in
1157 2889 1348 2939 testamento
1366 2878 1464 2960 ipsius

196 2985 334 3048 condam
360 2985 518 3047 Anthonii
550 2983 706 3048 carnificis
737 3004 794 3067 per
822 2983 962 3046 eundem
996 2983 1161 3065 Mathyam
1192 2983 1330 3062 juratum
1356 3003 1462 3046 coram

196 3092 290 3154 nobis
315 3092 349 3153 in
380 3091 487 3174 specie
519 3090 677 3174 producto
710 3091 850 3152 vidimus
882 3089 1049 3152 contineri.
1084 3089 1124 3150 Et
1156 3089 1231 3170 quia
1255 3089 1322 3171 ipse
1347 3089 1464 3152 Paulus

196 3199 327 3282 Babych
353 3199 385 3260 in
404 3198 554 3261 extremis
578 3198 641 3260 vite
659 3217 715 3260 sue
739 3197 926 3280 temporalis
943 3196 1103 3274 laborans,
1125 3215 1197 3256 cum
1214 3195 1345 3257 domina
1365 3197 1463 3259 Lucia

196 3305 305 3367 relicta
330 3301 445 3386 prelati
470 3303 608 3366 condam
641 3303 797 3366 Anthonii
830 3301 986 3364 carnificis
1011 3321 1117 3364 coram
1150 3300 1321 3383 fidedignis
1344 3316 1375 3364 et
1405 3303 1462 3364 ho·

196 3412 293 3473 nestis
318 3411 394 3472 viris
417 3429 477 3494 pro
507 3410 674 3472 solucione
708 3410 866 3472 dictorum
892 3409 1005 3470 decem
1037 3409 1241 3470 residuorum
1266 3407 1460 3471 florenorum

195 3521 358 3580 racionem
383 3518 481 3580 talem
505 3517 624 3599 posuit,
656 3529 691 3579 ut
716 3517 782 3598 ipse
815 3517 934 3578 Paulus
962 3514 1093 3598 Babych
1118 3527 1190 3597 post
1222 3529 1360 3578 mortem
1392 3535 1462 3599 pre·

196 3625 272 3688 dicti
296 3623 455 3686 Anthonii
480 3623 647 3702 carnificis,
672 3621 791 3706 prelate
816 3623 948 3685 domine
967 3621 1065 3683 Lucie
1091 3621 1200 3683 relicte
1228 3622 1372 3684 eiusdem
1398 3627 1462 3684 An-

194 3731 299 3794 thonii
324 3730 483 3793 carnificis
508 3731 547 3792 de
572 3731 648 3792 vino
673 3729 792 3812 prefate
817 3731 910 3792 vinee
928 3729 1073 3811 quinque
1099 3749 1171 3791 cum
1199 3730 1307 3791 medio
1325 3730 1463 3792 florenos

195 3840 303 3900 minus
326 3838 387 3899 XX
412 3837 552 3900 denariis
576 3837 739 3920 persolvit,
756 3855 829 3898 curn
847 3835 983 3898 residuis
1006 3855 1083 3898 vero
1107 3849 1246 3918 quatuor
1263 3855 1336 3898 cum
1354 3837 1462 3898 medio

195 3944 267 4006 flor.
291 3959 322 4006 et
345 3944 407 4006 XX
432 3944 540 4007 denar.
565 3944 671 4005 eidem
696 3943 827 4005 domine
854 3943 952 4004 Lucie
970 3941 1096 4004 debitor
1114 3943 1282 4020 remansit3
1307 3957 1337 4004 et
1354 3962 1462 4026 super-

195 4051 270 4112 inde
295 4051 356 4133 ipsi
392 4050 510 4112 Paulus
543 4049 673 4134 Babych
698 4062 729 4112 et
762 4049 845 4110 dicta
875 4049 1007 4110 domina
1040 4049 1138 4110 Lucia
1162 4067 1220 4131 pro
1251 4063 1326 4110 tunc
1358 4049 1462 4110 dicam

196 4157 336 4218 interae
360 4155 515 4235 fecerunt,
539 4157 630 4218 cuius
655 4156 725 4218 dice
749 4175 846 4217 unam
881 4155 1085 4217 medietatem
1112 4155 1178 4236 ipsa
1203 4154 1335 4216 domina
1362 4155 1462 4216 Lucia

195 4281 255 4344 pro
279 4283 310 4324 se
336 4262 479 4341 retinuit,
497 4262 592 4325 aliam
610 4282 686 4325 varo
710 4262 915 4323 medietatem
935 4261 1080 4322 eiusdem
1105 4261 1174 4323 dice
1193 4261 1305 4322 eadem
1331 4261 1462 4322 domina

196 4369 296 4430 Lucia
321 4369 381 4451 ipsi
407 4369 508 4430 Paulo
535 4368 664 4451 flabych
689 4388 747 4450 pro
772 4368 867 4430 huius
892 4368 936 4428 rei
966 4366 1079 4449 majori
1105 4367 1295 4429 certitudine
1322 4367 1462 4450 reliquit,

194 4488 292 4556 prout
314 4475 488 4557 superinde
512 4494 549 4535 ex
573 4475 675 4536 relatu
699 4474 913 4556 plurimorum
939 4471 1177 4554 fidedignorum
1203 4474 1345 4536 virorum
1370 4473 1462 4535 certi·

194 4581 382 4642 tudinaliter
413 4599 524 4642 sumus
556 4578 729 4660 informati,
761 4581 899 4661 ideoque
935 4599 994 4641 nos
1026 4579 1160 4640 eandem
1194 4580 1320 4640 vineam
1347 4593 1377 4641 et
1401 4580 1462 4640 vir-

194 4686 322 4766 gultum
346 4685 483 4769 predicti
509 4686 599 4747 Pauli
627 4686 756 4769 Babych
788 4705 860 4748 cum
887 4685 952 4746 suis
987 4685 1179 4746 utilitatibus
1203 4699 1234 4748 et
1257 4686 1463 4768 pertinenciis

196 4793 353 4855 universis
376 4792 529 4876 predictis
546 4792 746 4874 Margarethe
773 4794 881 4854 relicte
900 4807 930 4854 et
952 4792 1101 4853 Emerico
1119 4791 1185 4854 filio
1211 4793 1309 4875 ipsius
1325 4793 1462 4854 condam

195 4899 286 4960 Pauli
310 4899 443 4983 Babych
467 4919 503 4960 ac
528 4919 583 4981 per
608 4918 664 4961 eos
688 4900 832 4981 ipsorum
864 4899 1036 4960 heredibus
1061 4897 1316 4980 adjudicavimus
1348 4913 1379 4960 et
1402 4913 1462 4959 sta·

194 5006 316 5068 tuimus
341 5019 499 5088 perpetuo
524 5005 752 5086 possidendam
778 5019 808 5066 et
836 5005 1144 5086 quomodocumque
1170 5005 1331 5068 voluerint
1355 5005 1463 5087 dispo·
