3694 5782
776 587 861 644 Anno
884 581 977 663 1465.
1002 618 1042 628 -
1068 579 1099 644 8.
1125 583 1293 644 noumbrr's.

410 695 583 702 -—--—...—.
604 689 1224 702 ..ας-’μμ

937 725 950 752 0

410 801 489 863 fabri
515 802 593 862 olim
619 800 734 880 judicis
758 813 789 860 et
813 799 955 860 concivis
979 798 1090 875 nostri,
1116 809 1150 858 ut
1166 797 1198 856 in
1215 815 1345 858 causam
1370 809 1530 876 attractos,
1548 798 1672 860 racione

409 907 575 970 cuiusdam
601 907 717 968 domus
742 906 774 966 in
799 905 883 966 dicta
921 905 1047 965 civitate
1080 903 1198 981 habite,
1223 923 1280 986 per
1310 902 1430 982 juratos
1462 904 1673 984 adjudicatam

410 1015 504 1077 etad
529 1035 588 1075 nos
613 1014 754 1074 seniores
777 1013 900 1092 judices
928 1032 984 1093 per
1016 1009 1209 1072 Michaelem
1242 1009 1346 1072 filium
1371 1013 1515 1073 annotati
1539 1013 1674 1074 condam

410 1121 536 1183 Nicolai
572 1118 743 1198 aurifabri,
777 1119 939 1180 seniorem
975 1116 1103 1178 fratrem
1141 1129 1171 1179 et
1208 1131 1449 1198 procuratorem
1487 1119 1673 1181 eorumdem

410 1228 618 1310 appellatam,
643 1227 696 1287 ubi
722 1245 781 1286 nos
805 1226 947 1286 seniores
971 1224 1093 1304 judices
1117 1221 1276 1305 prefatum
1296 1223 1488 1286 Michaelem
1512 1225 1675 1308 appellan-

409 1347 474 1396 tem
498 1353 533 1394 ac
558 1332 688 1394 tandem
714 1332 880 1392 dominam
905 1345 1039 1392 matrem
1074 1350 1111 1390 ac
1138 1329 1337 1412 Stephanum
1362 1345 1393 1393 et
1419 1331 1602 1393 Ladislaum
1629 1331 1675 1414 ju·

411 1442 516 1503 niores
540 1439 651 1501 fratres
675 1439 821 1501 eiusdem
848 1438 1014 1500 Michaelis
1038 1437 1137 1499 nostri
1163 1437 1195 1498 in
1224 1437 1368 1500 medium
1394 1439 1503 1499 venire
1529 1437 1673 1516 fecimus,

411 1567 492 1629 quos
516 1567 575 1609 nos
600 1547 794 1608 unanimiter
819 1545 1088 1624 interrogavimus
1117 1557 1147 1605 et
1164 1543 1429 1624 examinavimus,
1455 1557 1489 1606 ut
1512 1547 1538 1607 si
1562 1546 1621 1626 ipsi
1639 1546 1674 1606 li·

411 1669 494 1716 teras
517 1653 733 1736 expeditorias
765 1653 816 1714 vel
840 1665 937 1713 testes
968 1665 1022 1712 aut
1054 1651 1116 1712 alia
1148 1651 1330 1732 probabilia
1355 1651 1547 1714 documenta
1580 1651 1676 1714 habe-

411 1775 490 1840 rent,
516 1761 633 1843 quibus
667 1760 883 1822 mediantibus
915 1759 982 1839 ipse
1014 1757 1169 1819 Nicolaus
1200 1756 1361 1820 aurifaber
1397 1759 1478 1840 Elye
1502 1737 1604 1820 ludeo
1638 1759 1677 1820 de

411 1868 565 1951 peccunia
591 1867 650 1928 sibi
683 1885 778 1948 super
811 1866 917 1927 literas
948 1879 979 1925 et
1010 1883 1106 1946 super
1139 1865 1238 1925 domo
1271 1864 1384 1926 eadem
1408 1865 1514 1926 eidem
1540 1865 1674 1927 Nicolao

411 1972 631 2052 accomodata,
655 1994 692 2034 ac
716 1992 774 2054 pro
799 1970 1005 2032 edificacione
1031 1969 1138 2032 totalis
1170 1969 1314 2032 eiusdem
1339 1970 1456 2032 domus
1480 1970 1671 2034 satisfaccio·

412 2101 486 2142 nem
521 2079 646 2140 fecisset
669 2093 699 2140 et
731 2078 926 2159 impedisset,
957 2077 996 2138 ad
1022 2076 1111 2158 quod
1144 2077 1211 2158 ipse
1244 2075 1383 2138 Michael
1408 2097 1443 2138 ac
1468 2077 1597 2139 domina
1624 2099 1669 2139 re-

411 2188 494 2259 licta,
527 2206 584 2247 nec
616 2205 680 2246 non
707 2184 887 2266 Stephanus
918 2197 949 2244 et
974 2182 1142 2243 Ladislaus
1167 2181 1224 2243 filii
1257 2183 1356 2264 ipsius
1381 2183 1519 2244 condam
1544 2184 1670 2245 Nicolai

411 2291 563 2354 aurifabri
588 2311 682 2374 super
707 2291 868 2372 premissis
893 2290 997 2351 nullas
1021 2290 1127 2350 literas
1152 2289 1365 2370 expeditorias
1389 2309 1425 2350 ac
1449 2303 1542 2351 testes
1559 2310 1668 2352 coram

412 2401 505 2460 nobis
530 2398 705 2481 producere
731 2417 795 2459 non
828 2397 1009 2474 valuerunt,
1042 2396 1101 2456 nisi
1134 2395 1222 2476 quod
1255 2395 1361 2457 solum
1394 2396 1506 2458 eadem
1539 2396 1673 2458 domina

411 2507 510 2568 verbo
535 2525 643 2566 coram
669 2505 762 2565 nobis
786 2504 891 2564 dicere
908 2502 1081 2582 habuisset,
1106 2501 1194 2584 quod
1219 2501 1296 2563 dum
1314 2503 1381 2584 ipsa
1406 2503 1538 2566 domina
1563 2503 1674 2564 relicta

412 2613 512 2694 ipsius
536 2611 661 2673 Nicolai
686 2624 757 2692 post
782 2611 886 2692 ipsum
905 2609 1076 2670 Nicolaum
1094 2610 1133 2669 de
1158 2609 1241 2670 dicta
1266 2609 1393 2670 civitate
1410 2611 1580 2689 transisset,
1600 2625 1677 2671 tunc

413 2719 479 2800 ipsa
505 2719 609 2779 eidem
635 2718 734 2799 Elyee
760 2718 863 2778 ludeo
888 2717 1017 2777 racione
1050 2736 1145 2778 usure
1169 2716 1209 2776 ad
1243 2716 1344 2798 ipsam
1369 2716 1502 2779 domum
1526 2738 1579 2779 sex
1605 2717 1676 2780 flor.

412 2825 480 2886 auri
505 2825 702 2902 restituisset,
728 2823 858 2904 etquis
883 2823 922 2884 ad
948 2823 1062 2883 scitum
1088 2834 1232 2884 nostrum
1254 2835 1284 2884 et
1309 2823 1412 2884 tocius
1437 2824 1679 2884 communitatis

413 2931 497 2994 dicte
522 2932 658 2993 civitatis
682 2931 749 3012 ipse
782 2930 879 3013 Elyas
911 2929 1032 2991 ludeus
1064 2949 1164 3010 usque
1194 2928 1235 2989 ad
1268 2930 1486 2992 exclusionem
1512 2944 1542 2990 et
1566 2931 1678 3011 expul-

412 3039 537 3100 sionem
563 3037 662 3120 ipsius
689 3057 744 3118 per
768 3036 906 3097 condam
931 3036 1074 3097 Vlricum
1092 3035 1243 3098 comitem
1269 3035 1354 3098 Cilie
1379 3037 1418 3098 de
1443 3036 1527 3098 dicta
1551 3037 1679 3098 civitate

413 3143 538 3222 factam,
563 3145 594 3205 in
613 3144 724 3204 eadem
750 3143 848 3204 domo
866 3141 996 3224 pacifice
1022 3143 1228 3204 inhabitasset
1253 3157 1283 3204 et
1300 3143 1436 3205 eandem
1460 3157 1679 3206 conservasset

413 3271 448 3312 ac
473 3251 580 3312 literas
604 3263 634 3312 et
660 3249 794 3310 literalia
812 3250 1021 3310 instrumenta
1039 3247 1158 3309 facturn
1182 3249 1265 3310 dicte
1283 3250 1400 3311 domus
1416 3251 1584 3330 tangencia
1603 3271 1678 3331 erga

412 3377 444 3418 se
469 3357 642 3434 habuisset,
667 3356 806 3436 ideoque
837 3375 895 3416 nos
927 3355 1102 3436 predictam
1137 3355 1414 3435 adjudicacionem
1450 3377 1505 3438 per
1537 3356 1679 3439 prefatos

413 3464 532 3544 juratos
556 3464 684 3524 racione
708 3462 861 3544 premisse
887 3462 1003 3522 domus
1036 3461 1117 3522 inter
1142 3477 1245 3544 partes
1278 3463 1437 3545 predictas
1462 3461 1576 3524 factam
1602 3483 1677 3526 con-

413 3571 610 3632 firmavimus
641 3584 671 3630 et
703 3569 937 3646 roboravimus,
966 3568 1006 3629 de
1039 3589 1102 3648 qua
1135 3568 1266 3649 quidem
1301 3569 1543 3650 adjudicacione
1569 3585 1677 3631 nostra

413 3677 533 3738 scilicet
561 3677 725 3737 seniorum
760 3675 903 3754 judicum
935 3673 1075 3756 prefatus
1109 3674 1246 3736 Michael
1287 3675 1371 3736 filius
1408 3676 1507 3758 ipsius
1538 3675 1677 3738 condam

413 3783 537 3844 Nicolai
557 3781 707 3844 aurifabri
733 3783 764 3842 in
789 3801 845 3842 sua
870 3801 905 3842 ac
922 3780 1043 3862 prefate
1061 3781 1191 3843 domine
1210 3782 1318 3842 matris
1342 3795 1374 3842 et
1396 3779 1527 3844 fratrum
1544 3801 1678 3843 suorum

413 3891 559 3970 personis
581 3909 653 3950 cum
680 3889 769 3949 totali
804 3909 860 3949 sua
893 3888 973 3948 serie
999 3889 1030 3948 in
1064 3888 1184 3949 curiam
1210 3889 1296 3969 regie
1330 3889 1503 3950 Maiestatis
1527 3909 1586 3950 nee
1611 3909 1677 3950 non

413 3997 610 4080 prelatorum
635 4009 665 4056 et
690 3997 847 4057 baronum
873 3995 961 4075 regni
989 3995 1154 4076 Hungarie
1183 3995 1215 4055 in
1248 3995 1447 4076 presenciam
1472 3995 1676 4077 appellasset,

413 4103 531 4183 quibus
562 4103 705 4183 partibus
737 4122 795 4162 nos
826 4103 999 4162 terminum
1034 4121 1140 4162 coram
1176 4101 1287 4162 eadem
1323 4102 1409 4182 regia
1444 4101 1606 4162 Maiestate
1641 4122 1677 4163 ac

414 4210 622 4270 dominorum
647 4209 843 4291 prelatorum
869 4221 899 4267 et
924 4209 1082 4268 baronum
1108 4208 1196 4288 regni
1222 4208 1387 4288 Hungarie
1411 4208 1608 4269 tricesimum
1626 4228 1674 4268 se-

413 4316 556 4377 cundum
591 4315 675 4376 diem
708 4329 779 4396 post
812 4315 999 4376 descensum
1031 4315 1079 4375 sui
1113 4315 1269 4376 exercitus
1301 4314 1426 4375 noviter
1449 4313 1607 4392 fiendam,
1641 4315 1672 4375 in

413 4421 549 4484 eandem
575 4422 696 4483 curiam
721 4421 841 4501 regiam
866 4421 1016 4481 duximus
1040 4419 1260 4502 prefigendum
1286 4435 1527 4502 congruentem.
1553 4421 1672 4482 Datum

413 4529 512 4590 tercio
526 4528 577 4589 die
591 4528 641 4588 dei
657 4527 909 4608 adjudicacionis
923 4528 1064 4609 predicte
1076 4547 1161 4588 anno
1175 4527 1307 4588 Domini
1323 4527 1534 4590 MCCCCLX
1549 4529 1675 4609 quinto.

439 4695 534 4769 Feria
563 4707 660 4769 sexta
688 4701 842 4786 proxima
871 4707 946 4786 post
974 4698 1096 4769 festum
1125 4697 1212 4770 beati
1242 4697 1404 4772 leonardi
1434 4697 1647 4770 confessoris.

904 4830 951 4911 (8.
976 4831 1160 4904 novembris).

517 4954 594 5015 ltem
620 4955 732 5015 Paleca
764 4953 803 5015 de
836 4954 978 5030 Raboch‚
1012 4956 1153 5017 concivis
1186 4968 1303 5034 noster,
1334 4969 1445 5018 contra
1469 4955 1670 5017 Anthonium

413 5061 600 5143 Oprasnych
619 5061 784 5121 concivem
804 5075 947 5123 nostrum
966 5063 1156 5125 secundario
1173 5064 1286 5125 citatus
1303 5064 1334 5123 in
1353 5062 1472 5144 judicio
1497 5083 1559 5125 non
1584 5081 1672 5124 com-

412 5169 517 5250 paruit
542 5187 650 5231 coram
674 5168 777 5230 nobis.
