3852 5814
649 524 849 603 Ann01478.
883 563 914 569 -
938 543 989 587 20.
1013 530 1185 590 novembris.
1487 549 1551 613 479

287 737 320 798 in
344 737 453 810 toedio
477 737 561 799 sedis
589 738 673 799 idem
700 738 816 798 mulier
832 737 953 802 scilicet
970 737 1143 800 Katherina
1168 741 1350 818 adjudicata
1367 741 1476 803 luisset
1494 763 1550 821 per

288 845 427 905 eundem
452 843 584 906 Gallum
610 845 726 927 privari
752 845 913 923 auriculis,
938 846 1026 926 quod
1051 859 1081 907 et
1109 848 1193 908 idem
1221 845 1304 926 fecit,
1329 849 1384 909 ubi
1403 849 1549 927 adjunxit

287 950 372 1011 idem
398 951 524 1012 villicus
547 952 634 1033 quod
661 951 870 1032 supplicasset
904 971 975 1012 cum
1009 952 1079 1013 aliis
1104 953 1196 1014 certis
1228 955 1371 1034 personis
1396 955 1450 1036 qui
1484 955 1547 1035 jam

285 1069 359 1120 sunt
383 1057 500 1119 mortui
525 1072 559 1118 ut
584 1058 687 1118 eidem
725 1058 884 1118 auriculas
908 1077 971 1118 non
1005 1059 1200 1136 abscidisset,
1233 1060 1299 1140 ipse
1325 1061 1409 1122 idem
1437 1061 1549 1124 Gallus

286 1170 475 1245 responsum
500 1163 622 1225 eisdem
655 1163 793 1224 dedisset
825 1165 912 1245 quod
944 1185 1034 1226 secus
1066 1185 1130 1226 noo
1164 1165 1278 1228 faciam
1303 1167 1361 1228 nisi
1387 1167 1475 1248 quod
1500 1167 1549 1248 jus

288 1270 418 1332 invenit.

392 1375 469 1437 ltem
494 1375 654 1457 Georgius
680 1375 826 1437 Palchiez
851 1376 890 1438 de
917 1377 1082 1438 Kralewcz
1114 1376 1215 1438 lassus
1239 1377 1320 1460 (est),
1346 1381 1433 1460 quod
1460 1381 1544 1442 idem

284 1481 400 1542 mulier
424 1480 498 1543 fecit
521 1483 580 1543 sibi
601 1481 696 1544 Gallo
722 1483 841 1544 lurtum
867 1483 898 1543 in
919 1483 1020 1544 tribus
1037 1484 1210 1566 manipulis
1235 1499 1265 1544 et
1288 1483 1346 1545 fuit
1363 1485 1543 1565 adjudicata

283 1589 313 1648 in
340 1588 482 1652 villicatu
509 1590 671 1653 Cralewcz
703 1589 880 1650 secundum
901 1589 1057 1670 judicium
1092 1611 1203 1652 eorum
1237 1592 1353 1672 privari
1380 1595 1544 1672 auriculis,

283 1695 358 1776 quia
383 1709 413 1757 et
437 1695 585 1776 primitus
617 1709 683 1756 erat
714 1697 745 1756 in
770 1697 887 1757 talibus
919 1709 1042 1778 reperta
1059 1711 1089 1758 et
1120 1697 1221 1758 eciam
1247 1696 1306 1758 tuit
1330 1699 1469 1778 exulata,
1502 1701 1543 1761 ob

281 1800 363 1862 hanc
387 1821 515 1862 causam
540 1821 605 1862 non
638 1800 782 1864 fecerunt
806 1802 910 1864 eidem
928 1803 1067 1882 graciam
1091 1817 1121 1864 et
1138 1802 1197 1864 luit
1220 1815 1316 1864 tracta
1335 1825 1391 1886 per
1415 1805 1544 1868 cordam

281 1921 312 1968 et
336 1905 397 1971 fult
433 1908 513 1970 lassa
550 1909 617 1970 sola
642 1909 729 1990 quod
769 1909 872 1970 eidem
907 1911 938 1970 in
975 1909 1095 1972 eisdem
1129 1911 1229 1971 tribus
1261 1911 1433 1993 manipulis
1464 1913 1545 1974 milii

281 2014 399 2076 furtum
428 2014 570 2091 lecisset3
595 2029 626 2077 et
652 2017 735 2077 idem
766 2015 921 2096 adjunxit,
953 2017 1041 2098 quod
1075 2016 1179 2078 eidem
1205 2017 1331 2077 villicus
1355 2037 1426 2078 cum
1453 2019 1545 2080 certis

280 2121 352 2182 aliis
376 2122 484 2202 probis
509 2123 719 2204 supplicasset
743 2137 777 2183 ut
801 2123 906 2184 eidem
936 2123 1094 2184 auriculas
1126 2143 1191 2183 non
1216 2123 1412 2202 abscidisset,
1436 2139 1543 2186 tamen

283 2227 368 2289 idem
395 2226 508 2290 Gallus
532 2228 637 2290 noluit
661 2229 748 2290 aliud
774 2227 876 2290 facere
902 2229 960 2289 nisi
989 2230 1077 2310 quod
1103 2229 1151 2308 jus
1176 2229 1350 2307 adinvenit,
1375 2231 1430 2291 ubi
1457 2231 1542 2293 idem

281 2336 420 2415 quadam
447 2333 522 2395 leria
548 2334 686 2395 secunda
705 2335 862 2416 captivata
886 2333 997 2395 luisset
1021 2349 1051 2396 et
1068 2335 1212 2417 sequenti
1240 2335 1291 2396 die
1315 2337 1448 2397 sabbato
1472 2337 1541 2420 (sic)

280 2438 461 2520 adjudicata
485 2438 605 2502 fuisset.

386 2546 462 2608 Item
487 2547 604 2608 tercius
637 2547 723 2607 testis
756 2543 915 2626 Georgius
947 2545 1152 2607 Scoruathicz
1184 2547 1222 2606 de
1252 2547 1416 2606 Kralcu‘cz
1442 2544 1541 2608 lassus

279 2667 324 2714 est
348 2673 387 2713 eo
412 2653 511 2714 modo
537 2653 617 2714 sicut
641 2653 800 2714 secundus
824 2653 922 2729 testis,
947 2653 1007 2712 nisi
1026 2653 1143 2713 minuit
1167 2653 1255 2733 quod
1281 2653 1407 2732 ignorat
1431 2651 1469 2711 de
1488 2672 1540 2734 pe·

277 2759 395 2820 ticiooe
420 2759 518 2820 villici
545 2773 575 2819 et
599 2759 735 2820 aliorum
762 2779 819 2839 pro
844 2759 956 2820 eadem
983 2759 1117 2819 muliere
1153 2759 1241 2839 quod
1267 2778 1331 2818 non
1356 2757 1541 2818 abscidisset

276 2866 336 2926 sibi
367 2864 536 2926 auriculas.

382 2971 460 3033 Item
486 2971 623 3033 Michael
642 2971 796 3032 Malchicz
814 2971 943 3051 jobagio
965 2971 1004 3032 de
1024 2971 1187 3032 Kraletvcz
1206 2968 1305 3030 lassus
1323 2984 1368 3031 est
1385 2990 1422 3030 eo
1441 2969 1539 3030 modo

275 3079 355 3140 sicut
386 3079 503 3140 tercius
533 3079 621 3139 testis
653 3078 713 3138 nisi
746 3077 899 3157 adjunxit,
933 3077 1019 3158 quod
1054 3076 1191 3138 eundem
1226 3075 1418 3136 Michaelem
1453 3077 1537 3136 idem

275 3184 388 3247 Gallus
413 3186 533 3266 juratus
558 3197 592 3246 ut
615 3184 720 3245 eidem
748 3183 874 3244 mulieri
897 3183 1055 3244 absideret
1079 3183 1248 3260 auriculas,
1272 3183 1325 3263 qui
1354 3181 1465 3242 eadem
1492 3181 1505 3241 l
1526 3217 1537 3226 -

275 3311 344 3352 cere
371 3291 539 3368 recusavit,
558 3290 683 3370 ignorat
700 3305 805 3351 tamen
832 3289 872 3350 de
891 3289 1050 3370 peticione
1068 3289 1166 3349 villici
1193 3303 1221 3348 et
1240 3289 1376 3349 aliorum
1396 3287 1536 3347 virorum

274 3397 362 3478 quod
388 3399 527 3459 eundem
552 3411 716 3478 rogassent
737 3411 775 3458 ut
800 3417 863 3458 non
890 3396 1067 3457 abscideret
1091 3395 1250 3456 auriculas
1273 3413 1354 3455 suas.

379 3503 455 3565 ltem
483 3524 611 3565 causam
637 3504 718 3564 inter
743 3503 874 3566 Gallum
900 3502 1091 3562 modernum
1109 3500 1248 3582 juratum
1273 3515 1303 3560 et
1327 3499 1534 3560 Valentinum

273 3625 425 3688 sutorem,
450 3608 535 3671 idem
562 3608 676 3671 Gallus
701 3609 867 3691 proposuit
896 3607 983 3689 quod
1008 3608 1067 3668 sibi
1100 3607 1247 3688 potencia
1273 3606 1342 3684 luit,
1367 3605 1454 3687 quod
1479 3605 1534 3667 de-

274 3717 342 3776 buit
366 3716 529 3778 abscidere
548 3717 706 3780 auriculas
731 3716 856 3777 cuidam
884 3714 1008 3775 mulieri
1027 3712 1199 3774 Katherine
1222 3714 1260 3772 de
1288 3712 1452 3773 Kralewcz
1476 3731 1533 3792 pro

273 3821 414 3902 quodam
441 3819 527 3882 furtu
552 3821 632 3882 milii
651 3823 860 3902 comprobare
881 3819 1053 3896 habuisset,
1071 3819 1137 3900 ipse
1156 3817 1270 3879 Gallus
1294 3817 1414 3898 juratus
1432 3818 1531 3898 ipsam

272 3928 454 4007 potenciam
480 3929 690 4009 comprobare
715 3947 779 3987 non
806 3926 920 4007 potuit,
946 3925 1038 4006 jurati
1063 3923 1327 4005 adjudicaverunt
1352 3923 1438 4004 quod
1466 3923 1532 4003 ipse

271 4033 462 4094 Valentinus
486 4047 574 4094 sutor
598 4053 654 4115 per
678 4033 896 4094 testimouium
927 4031 1177 4112 superscriptum
1211 4031 1298 4112 quod
1323 4031 1403 4090 circa
1429 4029 1533 4110 ipsum

272 4138 404 4200 Gallum
430 4139 567 4220 juratum
594 4139 683 4216 dixit,
708 4139 854 4220 pervenit
878 4153 909 4199 et
934 4137 1109 4219 reoptinuit
1126 4151 1156 4198 et
1179 4137 1386 4218 approbavit;
1412 4149 1442 4196 et
1458 4135 1532 4215 quia

270 4243 329 4306 fuit
353 4246 438 4306 idem
465 4246 581 4306 mulier
606 4245 778 4306 Katherina
801 4245 928 4305 detenta
946 4242 1024 4305 feria
1048 4243 1188 4303 secunda
1213 4256 1243 4304 et
1260 4255 1431 4303 tenuerunt
1456 4261 1533 4301 ean·

271 4353 343 4414 dem
362 4353 552 4434 captivatam
569 4371 670 4432 usque
689 4352 773 4412 diem
791 4351 926 4429 sabbati,
951 4362 981 4411 et
1005 4349 1079 4430 quia
1098 4369 1198 4429 usque
1215 4362 1338 4410 tanturn
1356 4347 1528 4409 terminum

271 4459 354 4519 idem
382 4457 495 4519 Gallus
526 4457 647 4538 juratus
680 4458 834 4539 potuisset
867 4457 1010 4518 invenire
1043 4456 1229 4535 magistrum
1259 4455 1313 4536 qui
1346 4453 1532 4514 abscidisset

269 4565 329 4625 sibi
356 4564 525 4626 auriculas.

375 4670 451 4732 ltem
487 4690 614 4732 causam
649 4671 731 4732 inter
767 4668 943 4750 Georgium
981 4669 1159 4750 Drcmpycz
1196 4667 1233 4727 de
1272 4667 1455 4748 Podbresye
1500 4681 1530 4727 et

271 4777 443 4858 quamdam
477 4777 643 4838 mulierem
678 4775 845 4836 Elizabeth
881 4773 1068 4836 Belchiczna
1103 4773 1185 4834 dicta
1218 4773 1344 4834 racione
1377 4771 1529 4854 depreda-

269 4883 373 4944 cionis
397 4903 432 4944 ac
456 4885 593 4945 duorum
621 4883 689 4944 flor.
716 4883 748 4943 in
771 4881 871 4942 libera
897 4895 926 4942 et
951 4881 1114 4942 communi
1140 4881 1201 4959 via,
1226 4900 1287 4960 qua
1314 4879 1398 4939 idern
1425 4878 1528 4939 Eliza-

247 4983 345 5051 vbeth
369 5005 417 5051 ter
450 4991 616 5072 proposuit
648 5003 756 5050 contra
790 4989 893 5070 ipsum
928 4987 1105 5067 Georgium
1135 5000 1169 5048 ut
1201 4985 1285 5046 idem
1317 4997 1398 5046 esset
1428 4984 1528 5068 predo
