<?xml version="1.0" encoding="UTF-8"?>
<!DOCTYPE html PUBLIC "-//W3C//DTD XHTML 1.0 Transitional//EN"
    "http://www.w3.org/TR/xhtml1/DTD/xhtml1-transitional.dtd">
<html xmlns="http://www.w3.org/1999/xhtml" xml:lang="en" lang="en">
 <head>
  <title>
</title>
<meta http-equiv="Content-Type" content="text/html;charset=utf-8" />
  <meta name='ocr-system' content='tesseract 3.04.00' />
  <meta name='ocr-capabilities' content='ocr_page ocr_carea ocr_par ocr_line ocrx_word'/>
</head>
<body>
  <div class='ocr_page' id='page_1' title='image "./monumentahistor13laszgoog_0198.png"; bbox 0 0 3738 5786; ppageno 0'>
   <div class='ocr_carea' id='block_1_1' title="bbox 395 520 1294 603">
    <p class='ocr_par' dir='ltr' id='par_1_1' title="bbox 395 520 1294 603">
     <span class='ocr_line' id='line_1_1' title="bbox 395 520 1294 603; baseline 0.002 -21"><span class='ocrx_word' id='word_1_1' title='bbox 395 522 452 603; x_wconf 90' lang='lat'>138</span> <span class='ocrx_word' id='word_1_2' title='bbox 762 523 959 600; x_wconf 70' lang='lat' dir='ltr'><em>Ann01457.</em></span> <span class='ocrx_word' id='word_1_3' title='bbox 985 556 1025 566; x_wconf 96' lang='lat'>—</span> <span class='ocrx_word' id='word_1_4' title='bbox 1049 533 1098 597; x_wconf 83' lang='lat'>25.</span> <span class='ocrx_word' id='word_1_5' title='bbox 1123 520 1294 584; x_wconf 81' lang='lat' dir='ltr'>novembn&#39;s.</span> 
     </span>
    </p>
   </div>
   <div class='ocr_carea' id='block_1_2' title="bbox 336 731 1650 5072">
    <p class='ocr_par' dir='ltr' id='par_1_2' title="bbox 336 731 1650 2942">
     <span class='ocr_line' id='line_1_2' title="bbox 491 731 1650 814; baseline 0.001 -21"><span class='ocrx_word' id='word_1_6' title='bbox 491 733 569 794; x_wconf 85' lang='lat' dir='ltr'>Item</span> <span class='ocrx_word' id='word_1_7' title='bbox 601 734 677 814; x_wconf 91' lang='lat' dir='ltr'>quia</span> <span class='ocrx_word' id='word_1_8' title='bbox 703 739 810 813; x_wconf 84' lang='lat' dir='ltr'>Agnes</span> <span class='ocrx_word' id='word_1_9' title='bbox 842 734 949 794; x_wconf 92' lang='lat' dir='ltr'>relicta</span> <span class='ocrx_word' id='word_1_10' title='bbox 982 733 1119 794; x_wconf 88' lang='lat' dir='ltr'>condam</span> <span class='ocrx_word' id='word_1_11' title='bbox 1157 733 1286 794; x_wconf 90' lang='lat' dir='ltr'>Martini</span> <span class='ocrx_word' id='word_1_12' title='bbox 1318 731 1399 794; x_wconf 90' lang='lat' dir='ltr'>fabri</span> <span class='ocrx_word' id='word_1_13' title='bbox 1433 733 1584 814; x_wconf 88' lang='lat' dir='ltr'>primum,</span> <span class='ocrx_word' id='word_1_14' title='bbox 1617 747 1650 795; x_wconf 91' lang='lat' dir='ltr'>et</span> 
     </span>
     <span class='ocr_line' id='line_1_3' title="bbox 385 838 1648 920; baseline 0 -20"><span class='ocrx_word' id='word_1_15' title='bbox 385 841 514 901; x_wconf 91' lang='lat' dir='ltr'>tandem</span> <span class='ocrx_word' id='word_1_16' title='bbox 541 840 651 901; x_wconf 89' lang='lat' dir='ltr'>relicta</span> <span class='ocrx_word' id='word_1_17' title='bbox 677 839 841 900; x_wconf 83' lang='lat' dir='ltr'>Benedicti</span> <span class='ocrx_word' id='word_1_18' title='bbox 860 838 951 918; x_wconf 88' lang='lat' dir='ltr'>labri,</span> <span class='ocrx_word' id='word_1_19' title='bbox 976 838 1080 918; x_wconf 85' lang='lat' dir='ltr'>jurati,</span> <span class='ocrx_word' id='word_1_20' title='bbox 1106 839 1136 900; x_wconf 91' lang='lat' dir='ltr'>id</span> <span class='ocrx_word' id='word_1_21' title='bbox 1161 839 1220 900; x_wconf 91' lang='lat' dir='ltr'>sub</span> <span class='ocrx_word' id='word_1_22' title='bbox 1245 839 1427 920; x_wconf 87' lang='lat' dir='ltr'>juramento</span> <span class='ocrx_word' id='word_1_23' title='bbox 1451 839 1541 916; x_wconf 85' lang='lat' dir='ltr'>dixit,</span> <span class='ocrx_word' id='word_1_24' title='bbox 1559 838 1648 920; x_wconf 94' lang='lat' dir='ltr'>quod</span> 
     </span>
     <span class='ocr_line' id='line_1_4' title="bbox 383 943 1649 1027; baseline 0 -21"><span class='ocrx_word' id='word_1_25' title='bbox 383 946 544 1027; x_wconf 89' lang='lat' dir='ltr'>predictus</span> <span class='ocrx_word' id='word_1_26' title='bbox 569 945 730 1007; x_wconf 88' lang='lat' dir='ltr'>Seboldus</span> <span class='ocrx_word' id='word_1_27' title='bbox 754 946 858 1027; x_wconf 91' lang='lat' dir='ltr'>ipsum</span> <span class='ocrx_word' id='word_1_28' title='bbox 886 945 1095 1007; x_wconf 86' lang='lat' dir='ltr'>Benedictum</span> <span class='ocrx_word' id='word_1_29' title='bbox 1114 943 1240 1007; x_wconf 85' lang='lat' dir='ltr'>fabrum</span> <span class='ocrx_word' id='word_1_30' title='bbox 1265 959 1395 1027; x_wconf 91' lang='lat' dir='ltr'>propter</span> <span class='ocrx_word' id='word_1_31' title='bbox 1419 945 1479 1007; x_wconf 89' lang='lat' dir='ltr'>hoc</span> <span class='ocrx_word' id='word_1_32' title='bbox 1505 946 1649 1006; x_wconf 91' lang='lat' dir='ltr'>detinere</span> 
     </span>
     <span class='ocr_line' id='line_1_5' title="bbox 382 1051 1648 1135; baseline 0 -23"><span class='ocrx_word' id='word_1_33' title='bbox 382 1065 413 1112; x_wconf 92' lang='lat' dir='ltr'>et</span> <span class='ocrx_word' id='word_1_34' title='bbox 438 1053 634 1113; x_wconf 89' lang='lat' dir='ltr'>incarcerare</span> <span class='ocrx_word' id='word_1_35' title='bbox 659 1051 762 1113; x_wconf 92' lang='lat' dir='ltr'>voluit</span> <span class='ocrx_word' id='word_1_36' title='bbox 786 1055 874 1133; x_wconf 91' lang='lat' dir='ltr'>quod</span> <span class='ocrx_word' id='word_1_37' title='bbox 907 1051 974 1133; x_wconf 91' lang='lat' dir='ltr'>ipse</span> <span class='ocrx_word' id='word_1_38' title='bbox 1007 1051 1133 1114; x_wconf 82' lang='lat' dir='ltr'><strong>literam</strong></span> <span class='ocrx_word' id='word_1_39' title='bbox 1161 1051 1298 1114; x_wconf 90' lang='lat' dir='ltr'>civitatis</span> <span class='ocrx_word' id='word_1_40' title='bbox 1329 1052 1563 1135; x_wconf 81' lang='lat' dir='ltr'>privilegialem</span> <span class='ocrx_word' id='word_1_41' title='bbox 1590 1071 1648 1133; x_wconf 95' lang='lat' dir='ltr'>pro</span> 
     </span>
     <span class='ocr_line' id='line_1_6' title="bbox 382 1156 1650 1240; baseline 0 -21"><span class='ocrx_word' id='word_1_42' title='bbox 382 1173 470 1239; x_wconf 90' lang='lat' dir='ltr'>parte</span> <span class='ocrx_word' id='word_1_43' title='bbox 502 1158 636 1240; x_wconf 83' lang='lat' dir='ltr'>predicti</span> <span class='ocrx_word' id='word_1_44' title='bbox 669 1158 807 1220; x_wconf 88' lang='lat' dir='ltr'>condam</span> <span class='ocrx_word' id='word_1_45' title='bbox 841 1158 969 1219; x_wconf 88' lang='lat' dir='ltr'>Martini</span> <span class='ocrx_word' id='word_1_46' title='bbox 1003 1156 1083 1219; x_wconf 83' lang='lat' dir='ltr'>fabri</span> <span class='ocrx_word' id='word_1_47' title='bbox 1124 1158 1240 1240; x_wconf 87' lang='lat' dir='ltr'>prioris</span> <span class='ocrx_word' id='word_1_48' title='bbox 1271 1158 1331 1219; x_wconf 90' lang='lat' dir='ltr'>viri</span> <span class='ocrx_word' id='word_1_49' title='bbox 1364 1158 1513 1240; x_wconf 87' lang='lat' dir='ltr'>legittimi</span> <span class='ocrx_word' id='word_1_50' title='bbox 1549 1158 1650 1240; x_wconf 88' lang='lat' dir='ltr'>ipsius</span> 
     </span>
     <span class='ocr_line' id='line_1_7' title="bbox 383 1263 1648 1348; baseline 0 -22"><span class='ocrx_word' id='word_1_51' title='bbox 383 1266 517 1344; x_wconf 85' lang='lat' dir='ltr'>Agnetis</span> <span class='ocrx_word' id='word_1_52' title='bbox 536 1265 679 1326; x_wconf 91' lang='lat' dir='ltr'>mulieris</span> <span class='ocrx_word' id='word_1_53' title='bbox 703 1285 798 1348; x_wconf 91' lang='lat' dir='ltr'>super</span> <span class='ocrx_word' id='word_1_54' title='bbox 823 1263 924 1326; x_wconf 84' lang='lat' dir='ltr'>fundo</span> <span class='ocrx_word' id='word_1_55' title='bbox 942 1279 973 1326; x_wconf 91' lang='lat' dir='ltr'>et</span> <span class='ocrx_word' id='word_1_56' title='bbox 996 1265 1095 1326; x_wconf 90' lang='lat' dir='ltr'>domo</span> <span class='ocrx_word' id='word_1_57' title='bbox 1119 1266 1225 1326; x_wconf 90' lang='lat' dir='ltr'>suain</span> <span class='ocrx_word' id='word_1_58' title='bbox 1243 1265 1399 1326; x_wconf 88' lang='lat' dir='ltr'>suburbio</span> <span class='ocrx_word' id='word_1_59' title='bbox 1425 1264 1561 1327; x_wconf 88' lang='lat' dir='ltr'>civitatis</span> <span class='ocrx_word' id='word_1_60' title='bbox 1578 1284 1648 1346; x_wconf 90' lang='lat' dir='ltr'>pre·</span> 
     </span>
     <span class='ocr_line' id='line_1_8' title="bbox 383 1369 1650 1453; baseline 0.001 -23"><span class='ocrx_word' id='word_1_61' title='bbox 383 1371 466 1432; x_wconf 91' lang='lat' dir='ltr'>dicte</span> <span class='ocrx_word' id='word_1_62' title='bbox 491 1391 589 1453; x_wconf 90' lang='lat' dir='ltr'>penes</span> <span class='ocrx_word' id='word_1_63' title='bbox 614 1371 747 1432; x_wconf 90' lang='lat' dir='ltr'>fluvium</span> <span class='ocrx_word' id='word_1_64' title='bbox 780 1369 930 1432; x_wconf 90' lang='lat' dir='ltr'>metalem</span> <span class='ocrx_word' id='word_1_65' title='bbox 965 1372 995 1432; x_wconf 90' lang='lat' dir='ltr'>in</span> <span class='ocrx_word' id='word_1_66' title='bbox 1026 1371 1190 1432; x_wconf 84' lang='lat' dir='ltr'>vicinitate</span> <span class='ocrx_word' id='word_1_67' title='bbox 1223 1369 1336 1453; x_wconf 87' lang='lat' dir='ltr'>prefati</span> <span class='ocrx_word' id='word_1_68' title='bbox 1361 1371 1453 1432; x_wconf 89' lang='lat' dir='ltr'>lundi</span> <span class='ocrx_word' id='word_1_69' title='bbox 1478 1385 1510 1432; x_wconf 90' lang='lat' dir='ltr'>et</span> <span class='ocrx_word' id='word_1_70' title='bbox 1533 1371 1650 1432; x_wconf 87' lang='lat' dir='ltr'>domus</span> 
     </span>
     <span class='ocr_line' id='line_1_9' title="bbox 383 1476 1647 1560; baseline 0 -22"><span class='ocrx_word' id='word_1_71' title='bbox 383 1477 517 1560; x_wconf 89' lang='lat' dir='ltr'>predicti</span> <span class='ocrx_word' id='word_1_72' title='bbox 542 1478 662 1538; x_wconf 89' lang='lat' dir='ltr'>Vrbani</span> <span class='ocrx_word' id='word_1_73' title='bbox 687 1479 747 1539; x_wconf 88' lang='lat' dir='ltr'>sito</span> <span class='ocrx_word' id='word_1_74' title='bbox 772 1493 803 1538; x_wconf 91' lang='lat' dir='ltr'>et</span> <span class='ocrx_word' id='word_1_75' title='bbox 827 1477 947 1556; x_wconf 81' lang='lat' dir='ltr'>habim,</span> <span class='ocrx_word' id='word_1_76' title='bbox 966 1497 1061 1538; x_wconf 91' lang='lat' dir='ltr'>unam</span> <span class='ocrx_word' id='word_1_77' title='bbox 1080 1477 1232 1538; x_wconf 89' lang='lat' dir='ltr'>videlicet</span> <span class='ocrx_word' id='word_1_78' title='bbox 1255 1476 1483 1539; x_wconf 90' lang='lat' dir='ltr'>tantummodo</span> <span class='ocrx_word' id='word_1_79' title='bbox 1500 1491 1647 1558; x_wconf 87' lang='lat' dir='ltr'>quartam</span> 
     </span>
     <span class='ocr_line' id='line_1_10' title="bbox 382 1563 1648 1665; baseline -0.002 -20"><span class='ocrx_word' id='word_1_80' title='bbox 382 1585 468 1645; x_wconf 90' lang='lat' dir='ltr'>curie</span> <span class='ocrx_word' id='word_1_81' title='bbox 494 1585 525 1646; x_wconf 92' lang='lat' dir='ltr'>in</span> <span class='ocrx_word' id='word_1_82' title='bbox 551 1605 582 1644; x_wconf 92' lang='lat' dir='ltr'>se</span> <span class='ocrx_word' id='word_1_83' title='bbox 608 1584 804 1664; x_wconf 83' lang='lat' dir='ltr'>continente,</span> <span class='ocrx_word' id='word_1_84' title='bbox 830 1582 1021 1664; x_wconf 87' lang='lat' dir='ltr'>conlectam,</span> <span class='ocrx_word' id='word_1_85' title='bbox 1057 1583 1116 1665; x_wconf 90' lang='lat' dir='ltr'>ipsi</span> <span class='ocrx_word' id='word_1_86' title='bbox 1143 1563 1285 1645; x_wconf 87' lang='lat' dir='ltr'>Seboldo</span> <span class='ocrx_word' id='word_1_87' title='bbox 1310 1581 1385 1644; x_wconf 89' lang='lat' dir='ltr'>dare</span> <span class='ocrx_word' id='word_1_88' title='bbox 1410 1583 1527 1660; x_wconf 90' lang='lat' dir='ltr'>noluit,</span> <span class='ocrx_word' id='word_1_89' title='bbox 1552 1595 1582 1644; x_wconf 91' lang='lat' dir='ltr'>et</span> <span class='ocrx_word' id='word_1_90' title='bbox 1606 1584 1648 1644; x_wconf 93' lang='lat' dir='ltr'>ob</span> 
     </span>
     <span class='ocr_line' id='line_1_11' title="bbox 382 1688 1647 1772; baseline -0.001 -21"><span class='ocrx_word' id='word_1_91' title='bbox 382 1690 443 1751; x_wconf 92' lang='lat' dir='ltr'>hoc</span> <span class='ocrx_word' id='word_1_92' title='bbox 468 1691 536 1772; x_wconf 91' lang='lat' dir='ltr'>ipse</span> <span class='ocrx_word' id='word_1_93' title='bbox 562 1691 755 1752; x_wconf 82' lang='lat' dir='ltr'>Benedictus</span> <span class='ocrx_word' id='word_1_94' title='bbox 780 1689 869 1752; x_wconf 90' lang='lat' dir='ltr'>laber</span> <span class='ocrx_word' id='word_1_95' title='bbox 901 1705 990 1752; x_wconf 93' lang='lat' dir='ltr'>metu</span> <span class='ocrx_word' id='word_1_96' title='bbox 1022 1690 1287 1752; x_wconf 89' lang='lat' dir='ltr'>incarceracionis</span> <span class='ocrx_word' id='word_1_97' title='bbox 1311 1703 1342 1751; x_wconf 93' lang='lat' dir='ltr'>et</span> <span class='ocrx_word' id='word_1_98' title='bbox 1365 1688 1566 1752; x_wconf 88' lang='lat' dir='ltr'>derencionis</span> <span class='ocrx_word' id='word_1_99' title='bbox 1590 1709 1647 1771; x_wconf 90' lang='lat' dir='ltr'>per</span> 
     </span>
     <span class='ocr_line' id='line_1_12' title="bbox 382 1795 1646 1879; baseline -0.001 -22"><span class='ocrx_word' id='word_1_100' title='bbox 382 1797 487 1878; x_wconf 89' lang='lat' dir='ltr'>ipsum</span> <span class='ocrx_word' id='word_1_101' title='bbox 514 1797 692 1858; x_wconf 90' lang='lat' dir='ltr'>Seboldum</span> <span class='ocrx_word' id='word_1_102' title='bbox 727 1797 924 1879; x_wconf 88' lang='lat' dir='ltr'>compulsus,</span> <span class='ocrx_word' id='word_1_103' title='bbox 958 1797 1094 1858; x_wconf 88' lang='lat' dir='ltr'>eandem</span> <span class='ocrx_word' id='word_1_104' title='bbox 1123 1797 1247 1858; x_wconf 84' lang='lat' dir='ltr'>literam</span> <span class='ocrx_word' id='word_1_105' title='bbox 1282 1795 1517 1878; x_wconf 84' lang='lat' dir='ltr'>privilegialem</span> <span class='ocrx_word' id='word_1_106' title='bbox 1550 1815 1646 1877; x_wconf 88' lang='lat' dir='ltr'>super</span> 
     </span>
     <span class='ocr_line' id='line_1_13' title="bbox 381 1901 1643 1984; baseline -0.001 -20"><span class='ocrx_word' id='word_1_107' title='bbox 381 1902 495 1964; x_wconf 91' lang='lat' dir='ltr'>eodem</span> <span class='ocrx_word' id='word_1_108' title='bbox 522 1902 623 1964; x_wconf 86' lang='lat' dir='ltr'>fundo</span> <span class='ocrx_word' id='word_1_109' title='bbox 649 1902 826 1965; x_wconf 89' lang='lat' dir='ltr'>conlectam</span> <span class='ocrx_word' id='word_1_110' title='bbox 853 1903 958 1966; x_wconf 89' lang='lat' dir='ltr'>eidem</span> <span class='ocrx_word' id='word_1_111' title='bbox 984 1902 1126 1965; x_wconf 91' lang='lat' dir='ltr'>Seboldo</span> <span class='ocrx_word' id='word_1_112' title='bbox 1151 1903 1225 1964; x_wconf 92' lang='lat' dir='ltr'>dare</span> <span class='ocrx_word' id='word_1_113' title='bbox 1251 1903 1373 1980; x_wconf 88' lang='lat' dir='ltr'>debuit,</span> <span class='ocrx_word' id='word_1_114' title='bbox 1397 1915 1428 1964; x_wconf 93' lang='lat' dir='ltr'>et</span> <span class='ocrx_word' id='word_1_115' title='bbox 1451 1921 1510 1984; x_wconf 93' lang='lat' dir='ltr'>pro</span> <span class='ocrx_word' id='word_1_116' title='bbox 1527 1901 1643 1964; x_wconf 90' lang='lat' dir='ltr'>eodem</span> 
     </span>
     <span class='ocr_line' id='line_1_14' title="bbox 381 2007 1644 2091; baseline 0 -21"><span class='ocrx_word' id='word_1_117' title='bbox 381 2007 483 2070; x_wconf 89' lang='lat' dir='ltr'>fundo</span> <span class='ocrx_word' id='word_1_118' title='bbox 507 2023 538 2071; x_wconf 92' lang='lat' dir='ltr'>et</span> <span class='ocrx_word' id='word_1_119' title='bbox 563 2010 661 2071; x_wconf 94' lang='lat' dir='ltr'>domo</span> <span class='ocrx_word' id='word_1_120' title='bbox 686 2009 919 2091; x_wconf 91' lang='lat' dir='ltr'>quinquaginta</span> <span class='ocrx_word' id='word_1_121' title='bbox 945 2009 1094 2070; x_wconf 90' lang='lat' dir='ltr'>denarios</span> <span class='ocrx_word' id='word_1_122' title='bbox 1125 2009 1266 2090; x_wconf 88' lang='lat' dir='ltr'>recipere</span> <span class='ocrx_word' id='word_1_123' title='bbox 1291 2008 1412 2088; x_wconf 90' lang='lat' dir='ltr'>debuit,</span> <span class='ocrx_word' id='word_1_124' title='bbox 1437 2027 1511 2070; x_wconf 90' lang='lat' dir='ltr'>cum</span> <span class='ocrx_word' id='word_1_125' title='bbox 1534 2023 1644 2070; x_wconf 89' lang='lat' dir='ltr'>tamen</span> 
     </span>
     <span class='ocr_line' id='line_1_15' title="bbox 380 2114 1645 2198; baseline -0.001 -22"><span class='ocrx_word' id='word_1_126' title='bbox 380 2116 486 2197; x_wconf 90' lang='lat' dir='ltr'>ipsum</span> <span class='ocrx_word' id='word_1_127' title='bbox 520 2114 656 2177; x_wconf 85' lang='lat' dir='ltr'>fundum</span> <span class='ocrx_word' id='word_1_128' title='bbox 689 2135 760 2178; x_wconf 90' lang='lat' dir='ltr'>curn</span> <span class='ocrx_word' id='word_1_129' title='bbox 787 2115 885 2177; x_wconf 92' lang='lat' dir='ltr'>domo</span> <span class='ocrx_word' id='word_1_130' title='bbox 917 2117 1078 2198; x_wconf 87' lang='lat' dir='ltr'>predictus</span> <span class='ocrx_word' id='word_1_131' title='bbox 1102 2115 1240 2178; x_wconf 91' lang='lat' dir='ltr'>condam</span> <span class='ocrx_word' id='word_1_132' title='bbox 1273 2116 1429 2177; x_wconf 89' lang='lat' dir='ltr'>Martinus</span> <span class='ocrx_word' id='word_1_133' title='bbox 1462 2114 1550 2176; x_wconf 86' lang='lat' dir='ltr'>faber</span> <span class='ocrx_word' id='word_1_134' title='bbox 1586 2135 1645 2197; x_wconf 91' lang='lat' dir='ltr'>pro</span> 
     </span>
     <span class='ocr_line' id='line_1_16' title="bbox 336 2219 1645 2304; baseline 0 -24"><span class='ocrx_word' id='word_1_135' title='bbox 336 2221 337 2224; x_wconf 71' lang='grc'>’</span> <span class='ocrx_word' id='word_1_136' title='bbox 380 2239 433 2280; x_wconf 87' lang='lat' dir='ltr'>sex</span> <span class='ocrx_word' id='word_1_137' title='bbox 469 2219 537 2283; x_wconf 91' lang='lat' dir='ltr'>flor.</span> <span class='ocrx_word' id='word_1_138' title='bbox 576 2221 643 2282; x_wconf 91' lang='lat' dir='ltr'>auri</span> <span class='ocrx_word' id='word_1_139' title='bbox 680 2221 768 2304; x_wconf 89' lang='lat' dir='ltr'>olym</span> <span class='ocrx_word' id='word_1_140' title='bbox 801 2236 1058 2303; x_wconf 88' lang='lat' dir='ltr'>comparaverat;</span> <span class='ocrx_word' id='word_1_141' title='bbox 1099 2221 1237 2303; x_wconf 92' lang='lat' dir='ltr'>ideoque</span> <span class='ocrx_word' id='word_1_142' title='bbox 1270 2241 1328 2282; x_wconf 92' lang='lat' dir='ltr'>nos</span> <span class='ocrx_word' id='word_1_143' title='bbox 1363 2221 1549 2282; x_wconf 89' lang='lat' dir='ltr'>auctoritate</span> <span class='ocrx_word' id='word_1_144' title='bbox 1573 2240 1645 2302; x_wconf 92' lang='lat' dir='ltr'>pre·</span> 
     </span>
     <span class='ocr_line' id='line_1_17' title="bbox 380 2327 1639 2410; baseline 0.001 -23"><span class='ocrx_word' id='word_1_145' title='bbox 380 2327 537 2388; x_wconf 86' lang='lat' dir='ltr'>dictarum</span> <span class='ocrx_word' id='word_1_146' title='bbox 571 2327 734 2390; x_wconf 91' lang='lat' dir='ltr'>literarum</span> <span class='ocrx_word' id='word_1_147' title='bbox 766 2328 923 2409; x_wconf 90' lang='lat' dir='ltr'>regalium</span> <span class='ocrx_word' id='word_1_148' title='bbox 957 2329 1049 2389; x_wconf 87' lang='lat' dir='ltr'>nobis</span> <span class='ocrx_word' id='word_1_149' title='bbox 1080 2328 1113 2389; x_wconf 94' lang='lat' dir='ltr'>in</span> <span class='ocrx_word' id='word_1_150' title='bbox 1145 2329 1202 2389; x_wconf 90' lang='lat' dir='ltr'>hac</span> <span class='ocrx_word' id='word_1_151' title='bbox 1234 2343 1323 2410; x_wconf 91' lang='lat' dir='ltr'>parte</span> <span class='ocrx_word' id='word_1_152' title='bbox 1355 2328 1505 2389; x_wconf 87' lang='lat' dir='ltr'>attributa</span> <span class='ocrx_word' id='word_1_153' title='bbox 1537 2327 1639 2388; x_wconf 88' lang='lat' dir='ltr'>medi·</span> 
     </span>
     <span class='ocr_line' id='line_1_18' title="bbox 380 2433 1641 2515; baseline 0 -21"><span class='ocrx_word' id='word_1_154' title='bbox 380 2447 464 2511; x_wconf 89' lang='lat' dir='ltr'>ante,</span> <span class='ocrx_word' id='word_1_155' title='bbox 488 2433 667 2515; x_wconf 90' lang='lat' dir='ltr'>predictum</span> <span class='ocrx_word' id='word_1_156' title='bbox 693 2433 828 2496; x_wconf 86' lang='lat' dir='ltr'>fundum</span> <span class='ocrx_word' id='word_1_157' title='bbox 863 2435 956 2495; x_wconf 91' lang='lat' dir='ltr'>unius</span> <span class='ocrx_word' id='word_1_158' title='bbox 982 2449 1093 2515; x_wconf 92' lang='lat' dir='ltr'>quarte</span> <span class='ocrx_word' id='word_1_159' title='bbox 1125 2435 1211 2497; x_wconf 92' lang='lat' dir='ltr'>curie</span> <span class='ocrx_word' id='word_1_160' title='bbox 1237 2454 1310 2496; x_wconf 90' lang='lat' dir='ltr'>cum</span> <span class='ocrx_word' id='word_1_161' title='bbox 1333 2434 1399 2495; x_wconf 88' lang='lat' dir='ltr'>suis</span> <span class='ocrx_word' id='word_1_162' title='bbox 1435 2433 1641 2515; x_wconf 90' lang='lat' dir='ltr'>pertinenciis</span> 
     </span>
     <span class='ocr_line' id='line_1_19' title="bbox 380 2538 1641 2622; baseline 0.002 -24"><span class='ocrx_word' id='word_1_163' title='bbox 380 2538 485 2599; x_wconf 89' lang='lat' dir='ltr'>eidem</span> <span class='ocrx_word' id='word_1_164' title='bbox 511 2540 628 2620; x_wconf 85' lang='lat' dir='ltr'>Agneti</span> <span class='ocrx_word' id='word_1_165' title='bbox 653 2540 780 2600; x_wconf 91' lang='lat' dir='ltr'>mulieri</span> <span class='ocrx_word' id='word_1_166' title='bbox 805 2554 970 2621; x_wconf 88' lang='lat' dir='ltr'>tamquam</span> <span class='ocrx_word' id='word_1_167' title='bbox 988 2540 1098 2602; x_wconf 89' lang='lat' dir='ltr'>heredi</span> <span class='ocrx_word' id='word_1_168' title='bbox 1122 2541 1213 2602; x_wconf 91' lang='lat' dir='ltr'>unice</span> <span class='ocrx_word' id='word_1_169' title='bbox 1239 2541 1338 2622; x_wconf 90' lang='lat' dir='ltr'>ipsius</span> <span class='ocrx_word' id='word_1_170' title='bbox 1355 2541 1492 2602; x_wconf 88' lang='lat' dir='ltr'>condam</span> <span class='ocrx_word' id='word_1_171' title='bbox 1510 2539 1641 2600; x_wconf 88' lang='lat' dir='ltr'>Martini</span> 
     </span>
     <span class='ocr_line' id='line_1_20' title="bbox 379 2643 1645 2728; baseline 0.001 -23"><span class='ocrx_word' id='word_1_172' title='bbox 379 2643 460 2706; x_wconf 87' lang='lat' dir='ltr'>fabri</span> <span class='ocrx_word' id='word_1_173' title='bbox 486 2645 741 2727; x_wconf 82' lang='lat' dir='ltr'>adjudicavimus</span> <span class='ocrx_word' id='word_1_174' title='bbox 757 2659 788 2708; x_wconf 91' lang='lat' dir='ltr'>et</span> <span class='ocrx_word' id='word_1_175' title='bbox 811 2647 979 2708; x_wconf 86' lang='lat' dir='ltr'>statuimus</span> <span class='ocrx_word' id='word_1_176' title='bbox 996 2667 1031 2708; x_wconf 91' lang='lat' dir='ltr'>ac</span> <span class='ocrx_word' id='word_1_177' title='bbox 1056 2646 1316 2709; x_wconf 88' lang='lat' dir='ltr'>confirmavimus</span> <span class='ocrx_word' id='word_1_178' title='bbox 1339 2645 1407 2726; x_wconf 89' lang='lat' dir='ltr'>jure</span> <span class='ocrx_word' id='word_1_179' title='bbox 1432 2659 1588 2728; x_wconf 90' lang='lat' dir='ltr'>perpetuo</span> <span class='ocrx_word' id='word_1_180' title='bbox 1614 2659 1645 2707; x_wconf 92' lang='lat' dir='ltr'>et</span> 
     </span>
     <span class='ocr_line' id='line_1_21' title="bbox 381 2751 1644 2834; baseline 0.001 -23"><span class='ocrx_word' id='word_1_181' title='bbox 381 2751 634 2814; x_wconf 88' lang='lat' dir='ltr'>irrevocabiliter</span> <span class='ocrx_word' id='word_1_182' title='bbox 657 2752 889 2834; x_wconf 89' lang='lat' dir='ltr'>possidendum</span> <span class='ocrx_word' id='word_1_183' title='bbox 915 2766 946 2814; x_wconf 93' lang='lat' dir='ltr'>et</span> <span class='ocrx_word' id='word_1_184' title='bbox 973 2754 1283 2834; x_wconf 87' lang='lat' dir='ltr'>quomodocumque</span> <span class='ocrx_word' id='word_1_185' title='bbox 1307 2752 1446 2814; x_wconf 91' lang='lat' dir='ltr'>voluerit</span> <span class='ocrx_word' id='word_1_186' title='bbox 1468 2752 1644 2834; x_wconf 87' lang='lat' dir='ltr'>disponen-</span> 
     </span>
     <span class='ocr_line' id='line_1_22' title="bbox 379 2857 1643 2942; baseline 0.002 -25"><span class='ocrx_word' id='word_1_187' title='bbox 379 2858 456 2918; x_wconf 90' lang='lat' dir='ltr'>dum</span> <span class='ocrx_word' id='word_1_188' title='bbox 482 2857 566 2940; x_wconf 81' lang='lat' dir='ltr'>juxta</span> <span class='ocrx_word' id='word_1_189' title='bbox 592 2859 819 2920; x_wconf 90' lang='lat' dir='ltr'>condicionem</span> <span class='ocrx_word' id='word_1_190' title='bbox 844 2859 980 2920; x_wconf 90' lang='lat' dir='ltr'>civitatis</span> <span class='ocrx_word' id='word_1_191' title='bbox 1005 2872 1172 2942; x_wconf 88' lang='lat' dir='ltr'>prenotate</span> <span class='ocrx_word' id='word_1_192' title='bbox 1197 2861 1236 2920; x_wconf 88' lang='lat' dir='ltr'>ab</span> <span class='ocrx_word' id='word_1_193' title='bbox 1261 2859 1397 2940; x_wconf 90' lang='lat' dir='ltr'>antiquo</span> <span class='ocrx_word' id='word_1_194' title='bbox 1421 2859 1643 2940; x_wconf 88' lang='lat' dir='ltr'>approbatam.</span> 
     </span>
    </p>

    <p class='ocr_par' dir='ltr' id='par_1_3' title="bbox 377 2963 1645 5072">
     <span class='ocr_line' id='line_1_23' title="bbox 486 2963 1645 3046; baseline 0 -20"><span class='ocrx_word' id='word_1_195' title='bbox 486 2964 563 3026; x_wconf 92' lang='lat' dir='ltr'>ltem</span> <span class='ocrx_word' id='word_1_196' title='bbox 594 2966 669 3046; x_wconf 91' lang='lat' dir='ltr'>quia</span> <span class='ocrx_word' id='word_1_197' title='bbox 703 2966 864 3026; x_wconf 91' lang='lat' dir='ltr'>Barnabas</span> <span class='ocrx_word' id='word_1_198' title='bbox 894 2965 979 3026; x_wconf 90' lang='lat' dir='ltr'>filius</span> <span class='ocrx_word' id='word_1_199' title='bbox 1012 2978 1043 3027; x_wconf 94' lang='lat' dir='ltr'>et</span> <span class='ocrx_word' id='word_1_200' title='bbox 1076 2965 1177 3027; x_wconf 91' lang='lat' dir='ltr'>Elena</span> <span class='ocrx_word' id='word_1_201' title='bbox 1210 2965 1320 3026; x_wconf 90' lang='lat' dir='ltr'>relicta</span> <span class='ocrx_word' id='word_1_202' title='bbox 1345 2963 1482 3026; x_wconf 90' lang='lat' dir='ltr'>condam</span> <span class='ocrx_word' id='word_1_203' title='bbox 1515 2963 1645 3026; x_wconf 91' lang='lat' dir='ltr'>Thome</span> 
     </span>
     <span class='ocr_line' id='line_1_24' title="bbox 380 3069 1644 3154; baseline 0.001 -22"><span class='ocrx_word' id='word_1_204' title='bbox 380 3069 565 3154; x_wconf 89' lang='lat' dir='ltr'>Grabarych</span> <span class='ocrx_word' id='word_1_205' title='bbox 591 3071 622 3132; x_wconf 90' lang='lat' dir='ltr'>id</span> <span class='ocrx_word' id='word_1_206' title='bbox 647 3073 705 3132; x_wconf 91' lang='lat' dir='ltr'>sub</span> <span class='ocrx_word' id='word_1_207' title='bbox 730 3073 912 3154; x_wconf 89' lang='lat' dir='ltr'>juramento</span> <span class='ocrx_word' id='word_1_208' title='bbox 936 3091 993 3154; x_wconf 93' lang='lat' dir='ltr'>per</span> <span class='ocrx_word' id='word_1_209' title='bbox 1016 3072 1102 3154; x_wconf 91' lang='lat' dir='ltr'>ipsos</span> <span class='ocrx_word' id='word_1_210' title='bbox 1132 3072 1164 3132; x_wconf 95' lang='lat' dir='ltr'>in</span> <span class='ocrx_word' id='word_1_211' title='bbox 1189 3091 1241 3133; x_wconf 89' lang='lat' dir='ltr'>ara</span> <span class='ocrx_word' id='word_1_212' title='bbox 1267 3085 1375 3134; x_wconf 91' lang='lat' dir='ltr'>sancte</span> <span class='ocrx_word' id='word_1_213' title='bbox 1400 3070 1513 3132; x_wconf 87' lang='lat' dir='ltr'>Crucis</span> <span class='ocrx_word' id='word_1_214' title='bbox 1537 3071 1570 3132; x_wconf 92' lang='lat' dir='ltr'>in</span> <span class='ocrx_word' id='word_1_215' title='bbox 1595 3091 1644 3133; x_wconf 90' lang='lat' dir='ltr'>ec·</span> 
     </span>
     <span class='ocr_line' id='line_1_25' title="bbox 379 3176 1643 3261; baseline -0.002 -22"><span class='ocrx_word' id='word_1_216' title='bbox 379 3179 472 3239; x_wconf 90' lang='lat' dir='ltr'>clesia</span> <span class='ocrx_word' id='word_1_217' title='bbox 498 3179 581 3240; x_wconf 90' lang='lat' dir='ltr'>beati</span> <span class='ocrx_word' id='word_1_218' title='bbox 609 3179 706 3240; x_wconf 89' lang='lat' dir='ltr'>Marci</span> <span class='ocrx_word' id='word_1_219' title='bbox 739 3179 955 3260; x_wconf 89' lang='lat' dir='ltr'>ewangeliste,</span> <span class='ocrx_word' id='word_1_220' title='bbox 981 3178 1078 3240; x_wconf 91' lang='lat' dir='ltr'>hodie</span> <span class='ocrx_word' id='word_1_221' title='bbox 1112 3198 1168 3261; x_wconf 90' lang='lat' dir='ltr'>per</span> <span class='ocrx_word' id='word_1_222' title='bbox 1202 3178 1288 3260; x_wconf 90' lang='lat' dir='ltr'>ipsos</span> <span class='ocrx_word' id='word_1_223' title='bbox 1313 3178 1457 3260; x_wconf 89' lang='lat' dir='ltr'>prestito,</span> <span class='ocrx_word' id='word_1_224' title='bbox 1482 3177 1521 3238; x_wconf 94' lang='lat' dir='ltr'>ad</span> <span class='ocrx_word' id='word_1_225' title='bbox 1546 3176 1643 3238; x_wconf 87' lang='lat' dir='ltr'>fidem</span> 
     </span>
     <span class='ocr_line' id='line_1_26' title="bbox 379 3283 1645 3366; baseline -0.002 -19"><span class='ocrx_word' id='word_1_226' title='bbox 379 3300 410 3347; x_wconf 93' lang='lat' dir='ltr'>et</span> <span class='ocrx_word' id='word_1_227' title='bbox 442 3285 675 3347; x_wconf 89' lang='lat' dir='ltr'>conscienciam</span> <span class='ocrx_word' id='word_1_228' title='bbox 709 3305 820 3347; x_wconf 90' lang='lat' dir='ltr'>eorum</span> <span class='ocrx_word' id='word_1_229' title='bbox 854 3285 1013 3363; x_wconf 86' lang='lat' dir='ltr'>dixerunt,</span> <span class='ocrx_word' id='word_1_230' title='bbox 1045 3285 1134 3366; x_wconf 93' lang='lat' dir='ltr'>quod</span> <span class='ocrx_word' id='word_1_231' title='bbox 1169 3285 1235 3366; x_wconf 90' lang='lat' dir='ltr'>ipsa</span> <span class='ocrx_word' id='word_1_232' title='bbox 1261 3284 1363 3346; x_wconf 89' lang='lat' dir='ltr'>Elena</span> <span class='ocrx_word' id='word_1_233' title='bbox 1395 3283 1511 3346; x_wconf 92' lang='lat' dir='ltr'>mulier</span> <span class='ocrx_word' id='word_1_234' title='bbox 1535 3283 1645 3345; x_wconf 89' lang='lat' dir='ltr'>relicta</span> 
     </span>
     <span class='ocr_line' id='line_1_27' title="bbox 380 3389 1644 3475; baseline -0.002 -23"><span class='ocrx_word' id='word_1_235' title='bbox 380 3393 479 3475; x_wconf 90' lang='lat' dir='ltr'>ipsius</span> <span class='ocrx_word' id='word_1_236' title='bbox 504 3393 632 3454; x_wconf 90' lang='lat' dir='ltr'>Thome</span> <span class='ocrx_word' id='word_1_237' title='bbox 666 3391 862 3475; x_wconf 89' lang='lat' dir='ltr'>Grabarych,</span> <span class='ocrx_word' id='word_1_238' title='bbox 895 3405 995 3454; x_wconf 91' lang='lat' dir='ltr'>mater</span> <span class='ocrx_word' id='word_1_239' title='bbox 1028 3391 1126 3474; x_wconf 89' lang='lat' dir='ltr'>ipsius</span> <span class='ocrx_word' id='word_1_240' title='bbox 1159 3392 1316 3470; x_wconf 78' lang='lat' dir='ltr'>Berothe,</span> <span class='ocrx_word' id='word_1_241' title='bbox 1348 3391 1474 3452; x_wconf 87' lang='lat' dir='ltr'>literam</span> <span class='ocrx_word' id='word_1_242' title='bbox 1507 3389 1644 3451; x_wconf 87' lang='lat' dir='ltr'>civitatis</span> 
     </span>
     <span class='ocr_line' id='line_1_28' title="bbox 379 3495 1642 3582; baseline -0.002 -22"><span class='ocrx_word' id='word_1_243' title='bbox 379 3499 612 3582; x_wconf 87' lang='lat' dir='ltr'>privilegialem</span> <span class='ocrx_word' id='word_1_244' title='bbox 638 3500 803 3580; x_wconf 92' lang='lat' dir='ltr'>antiquam</span> <span class='ocrx_word' id='word_1_245' title='bbox 829 3519 924 3581; x_wconf 91' lang='lat' dir='ltr'>super</span> <span class='ocrx_word' id='word_1_246' title='bbox 948 3498 1089 3580; x_wconf 89' lang='lat' dir='ltr'>quadam</span> <span class='ocrx_word' id='word_1_247' title='bbox 1120 3497 1220 3559; x_wconf 91' lang='lat' dir='ltr'>domo</span> <span class='ocrx_word' id='word_1_248' title='bbox 1246 3511 1277 3558; x_wconf 92' lang='lat' dir='ltr'>et</span> <span class='ocrx_word' id='word_1_249' title='bbox 1301 3495 1404 3559; x_wconf 86' lang='lat' dir='ltr'>fundo</span> <span class='ocrx_word' id='word_1_250' title='bbox 1427 3515 1486 3557; x_wconf 89' lang='lat' dir='ltr'>suo</span> <span class='ocrx_word' id='word_1_251' title='bbox 1511 3497 1543 3557; x_wconf 95' lang='lat' dir='ltr'>in</span> <span class='ocrx_word' id='word_1_252' title='bbox 1568 3499 1642 3558; x_wconf 89' lang='lat' dir='ltr'>sub-</span> 
     </span>
     <span class='ocr_line' id='line_1_29' title="bbox 379 3601 1641 3688; baseline -0.002 -22"><span class='ocrx_word' id='word_1_253' title='bbox 379 3607 472 3667; x_wconf 90' lang='lat' dir='ltr'>urbio</span> <span class='ocrx_word' id='word_1_254' title='bbox 497 3606 633 3668; x_wconf 91' lang='lat' dir='ltr'>civitatis</span> <span class='ocrx_word' id='word_1_255' title='bbox 664 3625 763 3688; x_wconf 89' lang='lat' dir='ltr'>penes</span> <span class='ocrx_word' id='word_1_256' title='bbox 791 3604 926 3666; x_wconf 91' lang='lat' dir='ltr'>fluvium</span> <span class='ocrx_word' id='word_1_257' title='bbox 960 3605 1111 3666; x_wconf 91' lang='lat' dir='ltr'>metalem</span> <span class='ocrx_word' id='word_1_258' title='bbox 1136 3604 1167 3665; x_wconf 94' lang='lat' dir='ltr'>in</span> <span class='ocrx_word' id='word_1_259' title='bbox 1201 3604 1364 3666; x_wconf 91' lang='lat' dir='ltr'>vicinitate</span> <span class='ocrx_word' id='word_1_260' title='bbox 1389 3603 1523 3686; x_wconf 89' lang='lat' dir='ltr'>predicti</span> <span class='ocrx_word' id='word_1_261' title='bbox 1548 3601 1641 3664; x_wconf 83' lang='lat' dir='ltr'>fundi</span> 
     </span>
     <span class='ocr_line' id='line_1_30' title="bbox 379 3709 1643 3794; baseline -0.002 -21"><span class='ocrx_word' id='word_1_262' title='bbox 379 3713 478 3794; x_wconf 88' lang='lat' dir='ltr'>ipsius</span> <span class='ocrx_word' id='word_1_263' title='bbox 502 3713 636 3794; x_wconf 85' lang='lat' dir='ltr'>Agnetis</span> <span class='ocrx_word' id='word_1_264' title='bbox 660 3712 805 3774; x_wconf 91' lang='lat' dir='ltr'>mulieris</span> <span class='ocrx_word' id='word_1_265' title='bbox 829 3711 947 3791; x_wconf 91' lang='lat' dir='ltr'>habita,</span> <span class='ocrx_word' id='word_1_266' title='bbox 972 3731 1070 3773; x_wconf 90' lang='lat' dir='ltr'>unam</span> <span class='ocrx_word' id='word_1_267' title='bbox 1099 3723 1246 3793; x_wconf 89' lang='lat' dir='ltr'>quartam</span> <span class='ocrx_word' id='word_1_268' title='bbox 1271 3710 1357 3770; x_wconf 90' lang='lat' dir='ltr'>curie</span> <span class='ocrx_word' id='word_1_269' title='bbox 1382 3710 1423 3770; x_wconf 93' lang='lat' dir='ltr'>ad</span> <span class='ocrx_word' id='word_1_270' title='bbox 1446 3728 1541 3770; x_wconf 91' lang='lat' dir='ltr'>usum</span> <span class='ocrx_word' id='word_1_271' title='bbox 1565 3709 1643 3770; x_wconf 88' lang='lat' dir='ltr'>civi·</span> 
     </span>
     <span class='ocr_line' id='line_1_31' title="bbox 378 3815 1641 3902; baseline -0.002 -22"><span class='ocrx_word' id='word_1_272' title='bbox 378 3820 450 3883; x_wconf 91' lang='lat' dir='ltr'>tatis</span> <span class='ocrx_word' id='word_1_273' title='bbox 474 3819 595 3902; x_wconf 90' lang='lat' dir='ltr'>prefate</span> <span class='ocrx_word' id='word_1_274' title='bbox 621 3821 652 3880; x_wconf 93' lang='lat' dir='ltr'>in</span> <span class='ocrx_word' id='word_1_275' title='bbox 677 3839 709 3880; x_wconf 89' lang='lat' dir='ltr'>se</span> <span class='ocrx_word' id='word_1_276' title='bbox 735 3819 930 3897; x_wconf 90' lang='lat' dir='ltr'>continente,</span> <span class='ocrx_word' id='word_1_277' title='bbox 954 3817 1145 3897; x_wconf 86' lang='lat' dir='ltr'>confectam,</span> <span class='ocrx_word' id='word_1_278' title='bbox 1170 3837 1324 3879; x_wconf 89' lang='lat' dir='ltr'>unacum</span> <span class='ocrx_word' id='word_1_279' title='bbox 1350 3816 1465 3878; x_wconf 90' lang='lat' dir='ltr'>eodem</span> <span class='ocrx_word' id='word_1_280' title='bbox 1491 3815 1591 3877; x_wconf 88' lang='lat' dir='ltr'>lundo</span> <span class='ocrx_word' id='word_1_281' title='bbox 1609 3828 1641 3878; x_wconf 91' lang='lat' dir='ltr'>et</span> 
     </span>
     <span class='ocr_line' id='line_1_32' title="bbox 378 3921 1642 4008; baseline -0.002 -22"><span class='ocrx_word' id='word_1_282' title='bbox 378 3927 477 3988; x_wconf 89' lang='lat' dir='ltr'>domo</span> <span class='ocrx_word' id='word_1_283' title='bbox 501 3946 557 3988; x_wconf 89' lang='lat' dir='ltr'>sua</span> <span class='ocrx_word' id='word_1_284' title='bbox 581 3927 726 4008; x_wconf 90' lang='lat' dir='ltr'>predicto</span> <span class='ocrx_word' id='word_1_285' title='bbox 760 3925 904 3988; x_wconf 90' lang='lat' dir='ltr'>Seboldo</span> <span class='ocrx_word' id='word_1_286' title='bbox 928 3944 986 4006; x_wconf 91' lang='lat' dir='ltr'>pro</span> <span class='ocrx_word' id='word_1_287' title='bbox 1018 3923 1159 4005; x_wconf 90' lang='lat' dir='ltr'>quadam</span> <span class='ocrx_word' id='word_1_288' title='bbox 1193 3923 1292 3985; x_wconf 91' lang='lat' dir='ltr'>domo</span> <span class='ocrx_word' id='word_1_289' title='bbox 1325 3937 1355 3984; x_wconf 91' lang='lat' dir='ltr'>et</span> <span class='ocrx_word' id='word_1_290' title='bbox 1379 3921 1482 3984; x_wconf 85' lang='lat' dir='ltr'>fundo</span> <span class='ocrx_word' id='word_1_291' title='bbox 1504 3921 1642 3983; x_wconf 89' lang='lat' dir='ltr'>condam</span> 
     </span>
     <span class='ocr_line' id='line_1_33' title="bbox 378 4027 1642 4113; baseline -0.003 -21"><span class='ocrx_word' id='word_1_292' title='bbox 378 4035 506 4094; x_wconf 83' lang='lat' dir='ltr'>Andree</span> <span class='ocrx_word' id='word_1_293' title='bbox 531 4033 648 4094; x_wconf 89' lang='lat' dir='ltr'>sutoris</span> <span class='ocrx_word' id='word_1_294' title='bbox 672 4033 747 4094; x_wconf 92' lang='lat' dir='ltr'>dicti</span> <span class='ocrx_word' id='word_1_295' title='bbox 773 4029 991 4113; x_wconf 88' lang='lat' dir='ltr'>Thomasych,</span> <span class='ocrx_word' id='word_1_296' title='bbox 1026 4031 1056 4091; x_wconf 91' lang='lat' dir='ltr'>in</span> <span class='ocrx_word' id='word_1_297' title='bbox 1083 4031 1246 4092; x_wconf 88' lang='lat' dir='ltr'>vicinitate</span> <span class='ocrx_word' id='word_1_298' title='bbox 1271 4029 1389 4091; x_wconf 91' lang='lat' dir='ltr'>domus</span> <span class='ocrx_word' id='word_1_299' title='bbox 1414 4039 1444 4090; x_wconf 87' lang='lat' dir='ltr'>et</span> <span class='ocrx_word' id='word_1_300' title='bbox 1469 4027 1560 4090; x_wconf 86' lang='lat' dir='ltr'>fundi</span> <span class='ocrx_word' id='word_1_301' title='bbox 1585 4029 1642 4089; x_wconf 94' lang='lat' dir='ltr'>Ni·</span> 
     </span>
     <span class='ocr_line' id='line_1_34' title="bbox 378 4135 1642 4219; baseline -0.002 -20"><span class='ocrx_word' id='word_1_302' title='bbox 378 4139 459 4200; x_wconf 91' lang='lat' dir='ltr'>colai</span> <span class='ocrx_word' id='word_1_303' title='bbox 486 4139 561 4200; x_wconf 86' lang='lat' dir='ltr'>dicti</span> <span class='ocrx_word' id='word_1_304' title='bbox 580 4138 715 4200; x_wconf 81' lang='lat' dir='ltr'>Cbehlco</span> <span class='ocrx_word' id='word_1_305' title='bbox 733 4137 995 4200; x_wconf 88' lang='lat' dir='ltr'>concambialiter</span> <span class='ocrx_word' id='word_1_306' title='bbox 1019 4137 1095 4199; x_wconf 93' lang='lat' dir='ltr'>dare</span> <span class='ocrx_word' id='word_1_307' title='bbox 1120 4151 1150 4200; x_wconf 92' lang='lat' dir='ltr'>et</span> <span class='ocrx_word' id='word_1_308' title='bbox 1168 4137 1298 4219; x_wconf 89' lang='lat' dir='ltr'>insuper</span> <span class='ocrx_word' id='word_1_309' title='bbox 1315 4155 1415 4198; x_wconf 90' lang='lat' dir='ltr'>unum</span> <span class='ocrx_word' id='word_1_310' title='bbox 1441 4155 1514 4197; x_wconf 89' lang='lat' dir='ltr'>cum</span> <span class='ocrx_word' id='word_1_311' title='bbox 1531 4135 1642 4197; x_wconf 88' lang='lat' dir='ltr'>medio</span> 
     </span>
     <span class='ocr_line' id='line_1_35' title="bbox 379 4242 1641 4326; baseline -0.002 -21"><span class='ocrx_word' id='word_1_312' title='bbox 379 4245 448 4306; x_wconf 91' lang='lat' dir='ltr'>flor.</span> <span class='ocrx_word' id='word_1_313' title='bbox 464 4245 521 4326; x_wconf 91' lang='lat' dir='ltr'>ipsi</span> <span class='ocrx_word' id='word_1_314' title='bbox 541 4245 683 4306; x_wconf 87' lang='lat' dir='ltr'>Seboldo</span> <span class='ocrx_word' id='word_1_315' title='bbox 708 4264 763 4324; x_wconf 91' lang='lat' dir='ltr'>per</span> <span class='ocrx_word' id='word_1_316' title='bbox 787 4245 852 4305; x_wconf 91' lang='lat' dir='ltr'>vim</span> <span class='ocrx_word' id='word_1_317' title='bbox 878 4243 994 4305; x_wconf 91' lang='lat' dir='ltr'>addere</span> <span class='ocrx_word' id='word_1_318' title='bbox 1012 4243 1134 4322; x_wconf 91' lang='lat' dir='ltr'>debuit,</span> <span class='ocrx_word' id='word_1_319' title='bbox 1159 4262 1194 4304; x_wconf 89' lang='lat' dir='ltr'>ac</span> <span class='ocrx_word' id='word_1_320' title='bbox 1216 4243 1315 4304; x_wconf 88' lang='lat' dir='ltr'>eciam</span> <span class='ocrx_word' id='word_1_321' title='bbox 1341 4243 1472 4324; x_wconf 90' lang='lat' dir='ltr'>insuper</span> <span class='ocrx_word' id='word_1_322' title='bbox 1496 4242 1561 4303; x_wconf 91' lang='lat' dir='ltr'>duo</span> <span class='ocrx_word' id='word_1_323' title='bbox 1579 4255 1641 4303; x_wconf 86' lang='lat' dir='ltr'>sta·</span> 
     </span>
     <span class='ocr_line' id='line_1_36' title="bbox 378 4347 1641 4432; baseline -0.001 -22"><span class='ocrx_word' id='word_1_324' title='bbox 378 4351 464 4428; x_wconf 91' lang='lat' dir='ltr'>bula,</span> <span class='ocrx_word' id='word_1_325' title='bbox 496 4370 596 4411; x_wconf 90' lang='lat' dir='ltr'>unum</span> <span class='ocrx_word' id='word_1_326' title='bbox 621 4370 678 4430; x_wconf 90' lang='lat' dir='ltr'>pro</span> <span class='ocrx_word' id='word_1_327' title='bbox 711 4351 801 4432; x_wconf 89' lang='lat' dir='ltr'>equis</span> <span class='ocrx_word' id='word_1_328' title='bbox 833 4364 863 4412; x_wconf 92' lang='lat' dir='ltr'>et</span> <span class='ocrx_word' id='word_1_329' title='bbox 896 4350 985 4411; x_wconf 87' lang='lat' dir='ltr'>aliud</span> <span class='ocrx_word' id='word_1_330' title='bbox 1017 4369 1075 4431; x_wconf 94' lang='lat' dir='ltr'>pro</span> <span class='ocrx_word' id='word_1_331' title='bbox 1108 4351 1211 4412; x_wconf 90' lang='lat' dir='ltr'>bobus</span> <span class='ocrx_word' id='word_1_332' title='bbox 1243 4369 1301 4431; x_wconf 92' lang='lat' dir='ltr'>pro</span> <span class='ocrx_word' id='word_1_333' title='bbox 1326 4362 1464 4430; x_wconf 90' lang='lat' dir='ltr'>quatuor</span> <span class='ocrx_word' id='word_1_334' title='bbox 1489 4347 1558 4410; x_wconf 89' lang='lat' dir='ltr'>flor.</span> <span class='ocrx_word' id='word_1_335' title='bbox 1582 4368 1641 4430; x_wconf 92' lang='lat' dir='ltr'>per</span> 
     </span>
     <span class='ocr_line' id='line_1_37' title="bbox 379 4453 1641 4539; baseline -0.002 -23"><span class='ocrx_word' id='word_1_336' title='bbox 379 4457 480 4537; x_wconf 86' lang='lat' dir='ltr'>ipsam</span> <span class='ocrx_word' id='word_1_337' title='bbox 507 4457 641 4518; x_wconf 91' lang='lat' dir='ltr'>Elenam</span> <span class='ocrx_word' id='word_1_338' title='bbox 673 4456 841 4517; x_wconf 88' lang='lat' dir='ltr'>mulierem</span> <span class='ocrx_word' id='word_1_339' title='bbox 868 4469 898 4518; x_wconf 91' lang='lat' dir='ltr'>et</span> <span class='ocrx_word' id='word_1_340' title='bbox 923 4475 978 4538; x_wconf 90' lang='lat' dir='ltr'>per</span> <span class='ocrx_word' id='word_1_341' title='bbox 1010 4455 1187 4539; x_wconf 85' lang='lat' dir='ltr'>predictum</span> <span class='ocrx_word' id='word_1_342' title='bbox 1214 4456 1393 4517; x_wconf 90' lang='lat' dir='ltr'>Barnabam</span> <span class='ocrx_word' id='word_1_343' title='bbox 1418 4453 1521 4516; x_wconf 91' lang='lat' dir='ltr'>filium</span> <span class='ocrx_word' id='word_1_344' title='bbox 1544 4473 1641 4515; x_wconf 89' lang='lat' dir='ltr'>suum</span> 
     </span>
     <span class='ocr_line' id='line_1_38' title="bbox 379 4560 1640 4644; baseline -0.001 -23"><span class='ocrx_word' id='word_1_345' title='bbox 379 4575 545 4642; x_wconf 89' lang='lat' dir='ltr'>preparata</span> <span class='ocrx_word' id='word_1_346' title='bbox 581 4562 647 4643; x_wconf 93' lang='lat' dir='ltr'>ipse</span> <span class='ocrx_word' id='word_1_347' title='bbox 686 4561 845 4624; x_wconf 85' lang='lat' dir='ltr'>Seboldus</span> <span class='ocrx_word' id='word_1_348' title='bbox 877 4562 988 4644; x_wconf 90' lang='lat' dir='ltr'>Mayar</span> <span class='ocrx_word' id='word_1_349' title='bbox 1020 4562 1242 4643; x_wconf 89' lang='lat' dir='ltr'>potencialiter</span> <span class='ocrx_word' id='word_1_350' title='bbox 1272 4581 1331 4643; x_wconf 92' lang='lat' dir='ltr'>pro</span> <span class='ocrx_word' id='word_1_351' title='bbox 1367 4581 1400 4623; x_wconf 93' lang='lat' dir='ltr'>se</span> <span class='ocrx_word' id='word_1_352' title='bbox 1436 4560 1573 4642; x_wconf 86' lang='lat' dir='ltr'>recepit,</span> <span class='ocrx_word' id='word_1_353' title='bbox 1606 4561 1640 4622; x_wconf 92' lang='lat' dir='ltr'>in</span> 
     </span>
     <span class='ocr_line' id='line_1_39' title="bbox 378 4665 1640 4750; baseline 0.002 -23"><span class='ocrx_word' id='word_1_354' title='bbox 378 4687 443 4747; x_wconf 92' lang='lat' dir='ltr'>quo</span> <span class='ocrx_word' id='word_1_355' title='bbox 468 4665 551 4728; x_wconf 86' lang='lat' dir='ltr'>lacto</span> <span class='ocrx_word' id='word_1_356' title='bbox 588 4667 649 4729; x_wconf 91' lang='lat' dir='ltr'>due</span> <span class='ocrx_word' id='word_1_357' title='bbox 682 4688 776 4730; x_wconf 92' lang='lat' dir='ltr'>vacce</span> <span class='ocrx_word' id='word_1_358' title='bbox 808 4669 951 4750; x_wconf 90' lang='lat' dir='ltr'>ipsorum</span> <span class='ocrx_word' id='word_1_359' title='bbox 978 4669 1077 4730; x_wconf 87' lang='lat' dir='ltr'>Elene</span> <span class='ocrx_word' id='word_1_360' title='bbox 1110 4669 1253 4730; x_wconf 91' lang='lat' dir='ltr'>mulieris</span> <span class='ocrx_word' id='word_1_361' title='bbox 1277 4683 1307 4730; x_wconf 90' lang='lat' dir='ltr'>et</span> <span class='ocrx_word' id='word_1_362' title='bbox 1340 4670 1485 4730; x_wconf 86' lang='lat' dir='ltr'>Barnabe</span> <span class='ocrx_word' id='word_1_363' title='bbox 1508 4667 1565 4729; x_wconf 92' lang='lat' dir='ltr'>filii</span> <span class='ocrx_word' id='word_1_364' title='bbox 1589 4668 1640 4729; x_wconf 90' lang='lat' dir='ltr'>sui</span> 
     </span>
     <span class='ocr_line' id='line_1_40' title="bbox 378 4771 1639 4856; baseline 0.002 -24"><span class='ocrx_word' id='word_1_365' title='bbox 378 4792 433 4854; x_wconf 93' lang='lat' dir='ltr'>pre</span> <span class='ocrx_word' id='word_1_366' title='bbox 459 4771 575 4852; x_wconf 82' lang='lat' dir='ltr'>frigore</span> <span class='ocrx_word' id='word_1_367' title='bbox 610 4794 728 4854; x_wconf 85' lang='lat' dir='ltr'>magno</span> <span class='ocrx_word' id='word_1_368' title='bbox 751 4787 827 4835; x_wconf 91' lang='lat' dir='ltr'>tunc</span> <span class='ocrx_word' id='word_1_369' title='bbox 860 4775 1014 4836; x_wconf 88' lang='lat' dir='ltr'>existente</span> <span class='ocrx_word' id='word_1_370' title='bbox 1042 4790 1115 4836; x_wconf 91' lang='lat' dir='ltr'>sunt</span> <span class='ocrx_word' id='word_1_371' title='bbox 1147 4789 1291 4851; x_wconf 89' lang='lat' dir='ltr'>mortue;</span> <span class='ocrx_word' id='word_1_372' title='bbox 1317 4776 1456 4856; x_wconf 90' lang='lat' dir='ltr'>ideoque</span> <span class='ocrx_word' id='word_1_373' title='bbox 1481 4794 1540 4835; x_wconf 91' lang='lat' dir='ltr'>nos</span> <span class='ocrx_word' id='word_1_374' title='bbox 1564 4793 1639 4834; x_wconf 91' lang='lat' dir='ltr'>auc-</span> 
     </span>
     <span class='ocr_line' id='line_1_41' title="bbox 377 4878 1639 4963; baseline 0.002 -25"><span class='ocrx_word' id='word_1_375' title='bbox 377 4878 504 4940; x_wconf 90' lang='lat' dir='ltr'>toritate</span> <span class='ocrx_word' id='word_1_376' title='bbox 528 4879 692 4941; x_wconf 90' lang='lat' dir='ltr'>literarum</span> <span class='ocrx_word' id='word_1_377' title='bbox 729 4881 884 4961; x_wconf 88' lang='lat' dir='ltr'>regalium</span> <span class='ocrx_word' id='word_1_378' title='bbox 918 4883 1011 4942; x_wconf 90' lang='lat' dir='ltr'>nobis</span> <span class='ocrx_word' id='word_1_379' title='bbox 1035 4902 1091 4963; x_wconf 87' lang='lat' dir='ltr'>per</span> <span class='ocrx_word' id='word_1_380' title='bbox 1123 4882 1293 4943; x_wconf 91' lang='lat' dir='ltr'>dominum</span> <span class='ocrx_word' id='word_1_381' title='bbox 1321 4881 1504 4942; x_wconf 88' lang='lat' dir='ltr'>Ladislaum</span> <span class='ocrx_word' id='word_1_382' title='bbox 1530 4900 1639 4961; x_wconf 89' lang='lat' dir='ltr'>regem</span> 
     </span>
     <span class='ocr_line' id='line_1_42' title="bbox 378 4985 1640 5072; baseline 0.003 -26"><span class='ocrx_word' id='word_1_383' title='bbox 378 4985 471 5046; x_wconf 88' lang='lat' dir='ltr'>nobis</span> <span class='ocrx_word' id='word_1_384' title='bbox 495 4985 527 5045; x_wconf 95' lang='lat' dir='ltr'>in</span> <span class='ocrx_word' id='word_1_385' title='bbox 544 4985 602 5048; x_wconf 89' lang='lat' dir='ltr'>hac</span> <span class='ocrx_word' id='word_1_386' title='bbox 625 5001 713 5070; x_wconf 89' lang='lat' dir='ltr'>parte</span> <span class='ocrx_word' id='word_1_387' title='bbox 731 4987 881 5050; x_wconf 90' lang='lat' dir='ltr'>attributa</span> <span class='ocrx_word' id='word_1_388' title='bbox 898 4987 1071 5067; x_wconf 89' lang='lat' dir='ltr'>mediante,</span> <span class='ocrx_word' id='word_1_389' title='bbox 1088 4989 1268 5072; x_wconf 87' lang='lat' dir='ltr'>predictum</span> <span class='ocrx_word' id='word_1_390' title='bbox 1292 4985 1430 5053; x_wconf 89' lang='lat' dir='ltr'>fundum</span> <span class='ocrx_word' id='word_1_391' title='bbox 1456 5001 1487 5052; x_wconf 91' lang='lat' dir='ltr'>et</span> <span class='ocrx_word' id='word_1_392' title='bbox 1504 4987 1640 5050; x_wconf 89' lang='lat' dir='ltr'>domum</span> 
     </span>
    </p>
   </div>
   <div class='ocr_carea' id='block_1_3' title="bbox 0 0 1874 5786">
    <p class='ocr_par' dir='ltr' id='par_1_4' title="bbox 0 0 1874 5786">
     <span class='ocr_line' id='line_1_43' title="bbox 0 0 1874 5786; baseline 0 2"><span class='ocrx_word' id='word_1_393' title='bbox 0 0 1874 5786; x_wconf 95' lang='lat' dir='ltr'> </span> 
     </span>
    </p>
   </div>
  </div>
 </body>
</html>
