3738 5786
379 453 419 512 88
754 455 841 511 Anno
865 465 953 529 1455.
979 486 1019 494 —
1044 449 1096 512 28.
1114 453 1274 528 februarii.

698 667 774 728 Item
801 667 946 728 Thomas
971 665 1120 747 IrenIpar.

697 774 774 835 Item
801 773 913 834 Petrus
938 771 1093 834 Kathana.

699 880 775 941 Item
802 879 962 961 Georgius
986 891 1087 940 sartor
1109 898 1208 960 gener
1233 877 1372 962 Gerych.

697 986 774 1048 Item
801 985 953 1048 Clemens
976 985 1128 1067 agricola.

696 1093 773 1154 Item
798 1092 955 1154 MartInus
978 1111 1098 1174 sporar.

696 1200 774 1261 Item
799 1198 983 1260 Anthonius
1006 1196 1195 1280 lutifigulus.

697 1307 774 1370 Item
799 1305 896 1388 Elyas
920 1319 1019 1367 sutor.

700 1413 777 1474 Item
803 1413 941 1474 Iacobus
964 1425 1064 1474 sutor.

696 1519 775 1580 Item
801 1517 960 1600 Georgius
984 1530 1073 1579 sutor
1097 1517 1274 1601 Zekyryeh.

697 1625 774 1687 Item
800 1624 968 1707 Philippus
992 1637 1081 1686 sutor
1106 1623 1254 1707 Faytlyn.

700 1731 778 1793 Item
803 1731 921 1793 Paulus
944 1743 1042 1793 sutor.

697 1839 774 1901 Item
801 1839 913 1900 Petrus
937 1837 1066 1900 Barber.

696 1945 775 2008 Item
800 1944 962 2007 Iohannes
986 1943 1177 2026 cingulator.

484 2071 564 2135 Item
595 2068 737 2154 prelatus
769 2069 921 2131 Nicolaus
956 2067 1052 2148 judex
1076 2082 1107 2129 et
1131 2068 1224 2148 jurati
1253 2089 1326 2130 cum
1359 2069 1549 2131 consiliariis
1573 2088 1647 2130 cum

380 2198 537 2240 consensu
561 2191 591 2239 et
615 2177 810 2238 admissione
835 2195 870 2236 ac
895 2175 1040 2236 unanimi
1057 2194 1093 2236 ac
1111 2175 1262 2236 concordi
1280 2175 1445 2238 voluntate
1468 2188 1499 2236 et
1519 2174 1647 2236 decreto

380 2285 482 2347 tocius
510 2284 750 2346 communitatis
778 2283 888 2344 omnia
916 2277 1041 2343 decreta
1074 2295 1170 2363 atque
1194 2295 1310 2344 statuta
1342 2295 1407 2344 tam
1441 2283 1473 2343 In
1505 2281 1646 2364 presenti

380 2410 477 2473 quam
511 2391 542 2452 in
574 2390 714 2471 antiquis
745 2389 884 2450 laternis
916 2400 1064 2449 contenta
1101 2401 1133 2450 et
1164 2389 1353 2471 conscrIpta,
1390 2388 1497 2470 quoad
1535 2407 1649 2450 omnes

381 2497 549 2574 clausulas,
582 2510 697 2578 puncta
724 2508 754 2557 et
778 2495 929 2556 articulos
957 2494 1146 2555 eorumdem
1171 2507 1362 2558 statutorum
1388 2509 1419 2558 et
1442 2495 1646 2556 decretorum

380 2623 436 2686 per
459 2618 563 2666 totum
588 2622 707 2664 annum
733 2602 887 2684 presentis
911 2601 1070 2682 judicatus
1095 2601 1194 2682 ipsius
1211 2601 1338 2664 Nicolai
1363 2602 1477 2684 judicis
1501 2622 1537 2664 ac
1554 2601 1648 2663 dein-

381 2729 455 2792 ceps
483 2730 539 2792 per
563 2722 667 2770 totum
692 2727 812 2769 annum
838 2720 868 2768 et
885 2721 1119 2790 consequenter
1142 2707 1211 2789 jure
1235 2722 1391 2791 perpetuo
1409 2721 1440 2770 et
1458 2708 1650 2770 Irrevocabi-

381 2817 453 2878 liter
476 2814 705 2877 confirmarunt
730 2834 856 2896 semper
878 2814 1013 2875 valitura
1038 2828 1069 2875 et
1093 2813 1224 2876 firmiter
1248 2815 1458 2878 observanda.

487 2923 564 2986 Item
579 2943 671 2984 causa
687 2923 767 2983 Inter
780 2921 934 2984 Cosmam
947 2921 1202 2983 barbitonsorem
1217 2935 1247 2984 et
1261 2923 1342 2984 Inter
1353 2921 1538 3005 Philippum
1548 2922 1648 2983 servi-

383 3043 485 3091 torem
511 3029 650 3091 Emerici
668 3027 836 3110 freniparis
860 3047 918 3108 pro
943 3047 1020 3109 pace
1037 3026 1143 3114 fienda
1168 3027 1207 3089 ad
1226 3029 1365 3111 primum
1391 3028 1548 3110 judicium
1573 3047 1648 3111 pro·

382 3137 467 3198 xime
492 3156 661 3197 occurrens
685 3155 740 3217 per
772 3135 966 3217 peticionem
1000 3137 1176 3217 proborum
1200 3136 1343 3196 virorum
1377 3149 1424 3197 est
1447 3136 1648 3218 prolongata.

489 3245 567 3306 Item
594 3244 712 3304 Paulus
736 3255 824 3303 sutor
849 3240 1035 3324 Werychyn
1054 3242 1153 3303 tercio
1178 3261 1210 3303 se
1235 3243 1381 3324 personis
1404 3243 1464 3303 sibi
1489 3241 1649 3303 similibus

385 3349 461 3412 Ieria
486 3363 573 3412 sexta
597 3350 742 3431 proxIma
775 3361 847 3430 post
870 3361 1016 3410 octavam
1049 3349 1146 3411 Pasce
1172 3349 1296 3410 domini
1329 3362 1437 3410 contra
1464 3347 1649 3430 Philippum

384 3473 524 3520 sutorem
544 3457 574 3518 in
593 3457 726 3518 ecclesia
752 3457 835 3517 beati
854 3455 952 3516 Marci
971 3455 1177 3536 ewangeliste
1194 3475 1289 3537 super
1307 3475 1393 3516 aram
1411 3468 1518 3517 sancte
1536 3453 1651 3517 Crucis

384 3584 441 3647 per
472 3563 749 3644 adjudicacionem
782 3562 959 3641 juratorum
992 3561 1095 3644 jurare
1128 3562 1289 3623 tenebitur
1321 3581 1417 3643 super
1441 3582 1491 3640 eo,
1523 3575 1558 3623 ut
1582 3561 1649 3643 ipse

386 3671 504 3733 Paulus
535 3684 623 3731 sutor
655 3689 719 3731 non
753 3669 928 3730 combussit
959 3688 1017 3729 nec
1042 3666 1117 3730 lecit
1148 3669 1337 3730 comburere
1368 3667 1525 3730 koucham
1551 3667 1651 3750 Ipsius

387 3777 525 3859 Philippi
551 3775 667 3838 sutoris
691 3776 789 3856 vulgo
813 3775 1020 3856 nalewnycza
1044 3787 1200 3836 vocatam.

491 3883 568 3945 Item
594 3882 756 3943 Iohannes
779 3879 918 3942 carnifex
934 3880 1082 3942 similiter
1105 3881 1204 3942 tercio
1228 3901 1261 3942 se
1278 3881 1423 3963 personis
1440 3882 1553 3943 eadem
1570 3879 1649 3942 ieris

385 4003 471 4052 sexta
497 3989 641 4070 proIIma
666 4001 738 4070 post
770 4000 915 4048 octavam
941 3987 1038 4048 Pasce
1070 3987 1194 4048 domini
1219 3987 1323 4068 jurare
1354 3987 1515 4050 tenebitur
1540 4001 1650 4050 contra

386 4095 561 4157 Martinum
585 4093 723 4176 judicem
749 4113 911 4175 supereo,
935 4113 992 4174 per
1015 4093 1293 4174 adjudIcacionem
1310 4094 1499 4176 juratorum,
1524 4109 1559 4156 ut
1583 4094 1649 4177 ipse

387 4201 549 4264 Iohannes
566 4199 705 4263 carnifex
729 4220 794 4262 non
812 4201 913 4262 secuit
930 4200 1244 4262 clrcumduchonem
1261 4221 1317 4262 seu
1341 4201 1650 4284 clrcumsepcIonem

386 4310 550 4392 spinarum
576 4321 606 4370 et
631 4309 743 4369 rubeta
774 4307 939 4389 spInarum
972 4307 1003 4368 in
1032 4321 1114 4368 terra
1147 4307 1284 4369 condam
1309 4307 1438 4368 Thome
1463 4307 1594 4390 Czagan
1620 4321 1652 4370 et

387 4416 541 4478 heredum
566 4433 698 4477 suorum
721 4427 752 4475 et
776 4415 808 4475 in
833 4413 1038 4496 pertinenciis
1060 4413 1203 4475 elusdem
1228 4426 1309 4475 terre
1334 4413 1528 4476 habitorum.

521 4583 616 4658 FerIa
645 4592 742 4657 sexta
770 4588 922 4674 proxima
955 4592 1031 4674 post
1059 4593 1216 4657 octavam
1245 4584 1348 4657 Pasce
1376 4584 1516 4656 Domini.

916 4718 983 4800 (18.
1008 4720 1138 4802 aprilis).

496 4843 573 4905 Item
599 4843 716 4905 Paulus
740 4857 829 4905 sutor
853 4843 1039 4927 Werychyn
1072 4843 1287 4924 juramentum
1313 4844 1373 4905 sibi
1398 4845 1497 4906 tercio
1521 4863 1554 4905 se
1579 4863 1652 4926 per·

389 4951 476 5012 sonis
508 4950 691 5032 nuperrime
717 4971 772 5032 per
803 4950 923 5032 juratos
954 4949 1171 5032 adjudicatum
1200 4949 1297 5012 hodie
1328 4964 1438 5012 contra
1464 4951 1652 5034 Philippum
