3838 5786
603 616 689 673 Anno
713 626 800 693 1472.
827 649 867 659 -
891 629 941 676 20.
973 614 1143 677 novembris.
1443 631 1508 695 417

244 841 290 885 est
313 825 575 906 comprehensus,
599 847 661 909 que
685 828 821 908 ipsemet
844 827 932 888 solus
955 841 1020 889 tam
1053 828 1084 889 in
1109 839 1271 888 tormento
1290 845 1386 907 quam
1404 826 1505 887 eciam

244 932 364 1012 absque
388 946 550 994 tormento
576 933 606 994 in
632 933 823 995 consistorio
847 933 985 995 civitatis
1010 934 1152 1015 predicte
1177 952 1284 994 coram
1309 945 1425 993 cuncto
1450 951 1506 1012 po·

244 1037 322 1118 pulo
346 1052 377 1098 et
401 1038 502 1100 eciam
528 1038 599 1100 aliis
616 1037 774 1101 extraneis
790 1052 822 1100 et
842 1040 1078 1101 circumvicinis
1094 1039 1281 1101 hominibus
1304 1058 1359 1100 ore
1377 1038 1508 1120 proprio

244 1141 344 1205 fassus
368 1157 425 1223 est,
451 1144 525 1206 ideo
549 1165 606 1228 per
630 1145 750 1226 juratos
775 1158 822 1206 est
845 1145 1046 1226 adjudicatus
1074 1145 1171 1208 hodie
1197 1145 1228 1206 in
1253 1145 1400 1228 patibulo
1425 1143 1506 1206 dicte

244 1250 380 1312 civitatis
410 1251 573 1333 suspendi.

227 1537 231 1548 ‚
314 1486 408 1560 Feria
436 1497 534 1562 sexta
562 1489 713 1578 proxima
742 1498 819 1579 post
846 1491 968 1562 festum
997 1490 1092 1562 beate
1120 1487 1300 1579 Elyzabeth
1328 1487 1435 1562 vidue.

742 1645 806 1721 (20.
830 1643 1011 1720 novembris).

349 1783 426 1846 Item
452 1785 527 1866 quia
545 1784 726 1866 Stephanus
748 1784 896 1846 Rerthwn
923 1783 1001 1845 alias
1018 1784 1095 1845 civis
1120 1783 1202 1845 dicte
1221 1783 1356 1845 civitatis
1381 1798 1411 1844 et
1435 1783 1506 1866 My·
1582 1780 1585 1786 ’

243 1890 313 1952 cula
340 1890 517 1974 Galowych
551 1873 697 1952 similiter
729 1891 923 1952 inhabitator
956 1890 1040 1952 dicte
1072 1889 1210 1951 civitatis
1241 1903 1272 1950 et
1304 1890 1406 1950 Lucas
1431 1888 1504 1950 lassi

243 1997 373 2059 suntin
405 2012 567 2060 tormento
599 2013 629 2059 et
661 1999 762 2060 eciam
794 1999 916 2078 absque
948 2010 1110 2058 tormento
1143 1996 1174 2056 in
1203 1995 1404 2072 consistorio,
1428 1993 1505 2056 leria

243 2105 340 2166 tercia
365 2105 510 2187 proxima
535 2119 607 2167 ante
633 2104 811 2187 predictum
838 2103 953 2164 festum
979 2105 1070 2164 beate
1096 2100 1284 2184 Elyzabeth‚
1309 2115 1420 2162 contra
1445 2101 1505 2162 Va·

243 2211 401 2272 lentinum
428 2211 643 2294 Herwathych
669 2227 700 2274 et
730 2225 839 2272 contra
865 2211 1007 2272 Blasium
1044 2208 1199 2270 famulum
1226 2207 1352 2269 Nicolai
1376 2208 1506 2268 sartoris

142 2379 150 2392 ,
245 2317 379 2394 senioris
402 2317 508 2398 jurati,
531 2318 620 2399 quod
649 2316 761 2399 prelati
787 2316 978 2379 Valentinus
1003 2330 1033 2376 et
1057 2315 1182 2376 Blasius
1199 2307 1281 2395 ¹ipsis
1306 2314 1446 2375 consocii
1472 2314 1503 2374 in

246 2422 330 2485 lurtu
355 2424 449 2485 tritici
468 2424 567 2506 ipsius
584 2423 708 2485 Nicolai
733 2423 862 2484 sartoris
886 2423 1012 2503 utrique
1030 2421 1216 2482 furaverunt
1239 2420 1378 2482 triticum
1405 2420 1504 2502 ipsius

245 2530 370 2592 Nicolai
395 2531 535 2608 sartoris,
560 2544 656 2612 prout
679 2531 825 2611 superius
848 2529 1000 2610 scriptum
1022 2541 1078 2605 est,
1096 2527 1244 2588 dixerunt
1268 2526 1356 2608 quod
1375 2524 1503 2588 luerunt

244 2635 320 2717 ipsis
344 2637 495 2714 consocii,
521 2636 576 2718 qui
602 2637 751 2697 dixerunt
774 2634 862 2716 quod
880 2654 943 2695 non
970 2633 1100 2695 luerunt
1117 2633 1193 2715 ipsis
1217 2632 1358 2694 consocii
1384 2632 1415 2694 in
1433 2633 1504 2694 aliis

245 2741 336 2803 lurtis
361 2762 417 2824 per
448 2743 534 2824 ipsos
566 2742 696 2824 patratis
728 2757 758 2803 et
790 2741 979 2819 commissis,
1010 2739 1064 2802 sed
1102 2739 1190 2820 quod
1223 2739 1329 2800 solum
1354 2740 1413 2821 ipsi
1438 2740 1504 2802 duo

242 2846 387 2908 iurarunt
410 2848 514 2929 ipsum
538 2848 678 2909 triticum
699 2848 820 2909 scilicet
844 2847 1034 2908 Valentinus
1058 2859 1089 2907 et
1114 2845 1249 2907 Blasius.

347 2953 427 3016 Item
452 2954 528 3035 quia
551 2952 665 3036 prelati
684 2954 874 3016 Valentinus
899 2967 930 3015 et
948 2953 1072 3014 Blasius
1087 2949 1173 3014 fures
1190 2952 1294 3013 vocati
1318 2965 1392 3012 sunt
1408 2952 1504 3014 hodie

241 3061 281 3122 ad
307 3059 475 3142 judicium,
500 3075 554 3122 aut
578 3061 603 3121 si
628 3061 746 3142 aliquis
770 3073 851 3122 esset
874 3080 932 3143 pro
957 3060 1002 3121 eis
1019 3073 1207 3142 procurator
1230 3059 1303 3120 loco
1328 3078 1451 3137 eorum,
1471 3072 1505 3121 ut

241 3169 387 3229 venirent
412 3181 442 3229 et
466 3187 499 3230 se
523 3180 736 3250 expurgarent
759 3156 799 3228 de
824 3165 1009 3228 huiusmodi
1042 3164 1128 3227 furtu
1161 3165 1260 3247 ipsius
1283 3164 1378 3226 tritici
1404 3165 1504 3246 ipsius

241 3273 368 3336 Nicolai
393 3273 532 3353 sartoris,
558 3275 612 3355 qui
638 3293 703 3335 non
728 3287 885 3336 venerunt
909 3292 966 3334 nec
991 3271 1107 3354 aliquis
1132 3290 1190 3354 pro
1214 3271 1259 3332 eis
1281 3271 1369 3331 venit
1392 3270 1432 3332 ad
1456 3269 1503 3352 ju·

241 3382 362 3444 dicium
388 3401 496 3444 coram
521 3383 625 3445 nobis.

346 3488 424 3550 Item
450 3490 483 3550 in
508 3507 601 3550 causa
627 3488 711 3549 Petri
736 3488 847 3549 Koncz
865 3487 1033 3565 sellatoris,
1057 3485 1193 3548 senioris
1209 3484 1301 3566 jurati
1326 3485 1409 3546 dicte
1426 3483 1503 3545 civi·

241 3596 324 3674 tatis,
356 3595 486 3657 racione
515 3595 693 3678 empcionis
725 3593 849 3675 plumbi
882 3612 1056 3655 canuarum
1096 3592 1208 3674 organi
1240 3590 1372 3652 ecclesie
1403 3589 1502 3652 sancti

240 3702 350 3780 Marci,
375 3701 463 3783 quod
488 3701 659 3784 plumbum
684 3701 751 3782 ipse
785 3701 895 3762 Petrus
924 3700 1036 3761 Koncz
1060 3699 1197 3760 scienter
1221 3709 1462 3779 comparaverat
1485 3716 1503 3756 a

241 3807 405 3890 Stephano
431 3806 581 3869 Berthwn
606 3820 638 3868 et
662 3807 762 3868 Paulo
780 3806 917 3884 Croaco,
941 3805 1034 3887 jurati
1058 3805 1163 3867 taliter
1188 3804 1389 3882 invenerunt,
1414 3801 1502 3883 quod

240 3914 306 3995 ipse
332 3915 444 3976 Petrus
468 3915 580 3976 Koncz
605 3913 735 3976 debebit
759 3913 861 3994 ignito
886 3913 975 3974 clave
999 3912 1132 3974 ecclesie
1156 3911 1257 3972 sancti
1282 3909 1380 3971 Marci
1406 3909 1501 3990 igniri

240 4020 271 4081 in
296 4018 400 4082 fronte
424 4021 472 4082 sui
498 4021 609 4103 capitis
627 4035 657 4082 et
681 4021 815 4102 turpiter
832 4019 948 4101 expelli
973 4019 1012 4080 de
1034 4021 1101 4101 ipsa
1118 4018 1245 4079 civitate
1270 4030 1301 4078 et
1325 4015 1394 4078 eius
1410 4015 1503 4077 terri·

239 4127 333 4206 torio,
360 4127 465 4189 eidem
492 4127 639 4190 introitus
663 4125 807 4188 eiusdem
839 4126 990 4188 territorii
1023 4125 1205 4207 prohiberi3
1229 4138 1336 4184 tamen
1361 4122 1437 4203 quia
1461 4121 1501 4183 ad

239 4235 434 4317 peticionem
460 4235 693 4296 nonnullorum
718 4234 894 4316 proborum
920 4248 950 4294 et
978 4231 1265 4294 ecclesiasticorum
1290 4231 1433 4290 virorum
1457 4241 1504 4290 est

239 4342 345 4404 eidem
372 4342 476 4404 taliter
494 4341 713 4403 misericordia
731 4339 824 4419 lacta,
849 4339 936 4421 quod
962 4340 1002 4402 de
1019 4341 1114 4400 rebus
1131 4351 1161 4400 et
1184 4337 1277 4398 bonis
1302 4335 1401 4418 ipsius
1417 4333 1502 4396 Petri

239 4448 345 4531 ipsum
371 4467 528 4529 organum
546 4461 649 4510 totum
675 4447 771 4508 debet
787 4445 965 4524 reformari,
988 4461 1018 4507 et
1035 4458 1164 4527 propter
1181 4461 1314 4504 uxorem
1338 4457 1369 4503 et
1386 4461 1502 4524 pueros

238 4574 324 4635 suos,
349 4573 526 4635 eorumque
553 4554 695 4635 inopiam
720 4567 766 4614 est
790 4552 895 4613 eidem
925 4553 1028 4614 taliter
1053 4549 1271 4612 misericordia
1295 4545 1389 4625 facta,
1413 4547 1501 4629 quod

239 4661 306 4742 ipse
331 4680 513 4744 perunum
540 4661 699 4740 integrum
728 4679 849 4720 annum
881 4659 976 4720 debet
1001 4657 1106 4741 puniri
1139 4671 1170 4718 et
1195 4669 1277 4718 stare
1303 4656 1334 4716 in
1367 4675 1502 4716 carcere.

345 4767 423 4829 Item
448 4767 480 4828 in
505 4786 598 4828 causa
624 4765 743 4828 Mathis
767 4765 870 4827 Wura
893 4780 923 4826 et
941 4765 1107 4826 Michaelis
1132 4764 1220 4844 longi
1239 4763 1367 4824 racione
1391 4762 1502 4822 verbe-

237 4873 375 4935 racionis
400 4887 431 4936 et
454 4872 620 4954 sanguinis
652 4871 817 4933 effusionis
848 4891 943 4954 super
972 4873 1076 4953 ipsum
1102 4869 1256 4932 Mathiam
1290 4868 1371 4930 facte
1408 4866 1501 4945 jurati

237 4979 471 5060 adjudicarunt,
497 4977 583 5060 quod
616 4978 682 5060 ipse
708 4978 843 5040 Mathias
875 4979 978 5040 Wura
1010 4977 1237 5039 secundusmet
1267 4975 1363 5036 debet
1398 4972 1502 5054 jurare

236 5085 315 5152 lesia
332 5099 420 5150 sexta
436 5085 582 5172 proxime
598 5099 731 5149 ventura
750 5085 793 5170 lin
811 5084 877 5168 ara)
893 5097 1000 5148 sancte
1019 5084 1143 5164 Crucis,
1164 5082 1253 5168 quod
1271 5082 1337 5166 ipse
1363 5079 1501 5144 Michael

1397 5188 1437 5257 ²7
