3838 5786
730 451 817 508 Anno
837 463 926 526 1472.
955 481 996 492 —-
1013 465 1067 525 31.
1085 453 1168 526 julii.
1517 472 1582 534 407

317 665 396 724 riam
422 662 621 742 iudiciariam
647 663 949 744 proclamacionem.
975 676 1005 722 et
1031 663 1105 744 quia
1135 663 1202 744 ipse
1230 663 1346 724 Paulus
1372 667 1476 746 primo
1510 687 1580 747 pro-

316 770 471 831 clamatus
497 789 560 830 non
587 770 766 852 comparuit
792 769 821 829 in
849 769 969 850 judicio
995 789 1100 830 coram
1127 770 1230 832 nobis.

423 893 499 954 ltem
525 913 618 954 causa
644 893 725 954 inter
752 891 908 954 famulum
936 892 1084 974 Gregorii
1118 893 1230 954 decani
1255 907 1412 974 sutorum,
1438 911 1472 956 ut
1496 912 1581 957 acto·

318 1019 395 1078 retn,
420 1013 451 1062 et
475 999 589 1084 Elyam
614 995 754 1062 fusorem
789 1017 1018 1081 campanarum
1044 1011 1078 1060 ut
1110 999 1142 1059 in
1168 1019 1295 1060 causam
1329 1014 1511 1081 attractum,
1536 1017 1582 1062 est

316 1118 486 1187 prorogata
512 1105 551 1166 ad
576 1105 717 1187 primum
741 1105 907 1186 judicium,
940 1105 995 1166 ubi
1028 1105 1121 1166 ambe
1145 1119 1249 1188 partes
1285 1126 1470 1190 comparere
1494 1123 1580 1170 tene·

317 1212 436 1274 buntur
458 1225 489 1273 et
512 1225 608 1274 testes
632 1211 819 1294 producere.

423 1337 501 1399 ltem
525 1357 653 1400 causam
678 1337 760 1398 inter
784 1338 912 1398 Petrum
932 1336 1119 1398 Barberium
1144 1351 1175 1398 et
1192 1338 1273 1400 inter
1298 1339 1505 1400 Katherinam
1530 1361 1580 1402 so·

316 1462 422 1505 rorem
447 1443 604 1505 consortis
627 1443 771 1506 ciusdem
796 1444 924 1506 racione
953 1443 1201 1523 verberationis,
1234 1445 1299 1527 ipsa
1327 1445 1500 1507 Katherina
1532 1447 1578 1526 ju-

316 1569 385 1610 rare
410 1550 571 1611 tenebitur
595 1549 803 1611 secundamet
827 1551 860 1611 in
885 1570 937 1611 ara
962 1565 1069 1612 sancte
1087 1550 1200 1613 Crucis
1223 1550 1301 1612 leria
1326 1566 1411 1614 sexta
1436 1553 1580 1634 proxime

315 1669 460 1736 ventura,
485 1656 571 1738 quod
597 1663 664 1739 ipse
690 1657 801 1719 Petrus
825 1657 962 1720 eandem
1000 1658 1155 1740 percussit
1179 1673 1210 1719 et
1241 1659 1308 1741 ipsa
1331 1660 1462 1721 verbera
1487 1681 1582 1743 super

316 1762 417 1844 ipsam
443 1763 616 1842 commisit,
641 1777 672 1824 et
696 1764 782 1845 quod
808 1783 873 1825 non
898 1763 1064 1826 clamavit:
1093 1784 1271 1848 pomagay3
1297 1781 1327 1827 et
1351 1766 1427 1827 dum
1452 1765 1579 1848 jurabit,

315 1883 390 1930 tunc
416 1869 482 1951 ipse
506 1869 618 1931 Petrus
649 1869 810 1932 tenebitur
842 1869 947 1931 eidem
980 1870 1104 1932 solvere
1129 1869 1240 1933 decem
1272 1891 1386 1953 pensas
1411 1886 1441 1934 et
1464 1872 1577 1953 juratis

316 1989 445 2037 centum
471 1975 629 2039 denarios.

419 2083 499 2146 ltem
526 2082 699 2144 Katherine
733 2095 841 2144 contra
876 2082 1011 2144 Suskam
1041 2083 1144 2163 jurare
1176 2083 1337 2145 tenebitur
1360 2085 1579 2164 secundamet,

315 2205 346 2253 et
370 2210 429 2273 pro
453 2190 552 2252 tercio
578 2204 624 2251 est
648 2188 775 2268 vulnus,
793 2188 880 2270 quod
899 2189 965 2271 ipsa
992 2190 1092 2252 Suska
1114 2190 1275 2251 commisit
1292 2191 1374 2272 ipsas
1399 2192 1577 2270 cicatrices;

315 2311 346 2360 et
371 2297 447 2358 dum
480 2296 598 2378 jurabit
630 2296 697 2377 ipsa
731 2295 916 2374 Katherina,
950 2309 1025 2357 tunc
1057 2297 1124 2377 ipsa
1154 2295 1255 2357 Suska
1286 2297 1447 2358 tenebitur
1472 2299 1577 2360 eidem

314 2401 489 2465 Katherine
514 2401 637 2464 solvere
660 2402 772 2464 decern
796 2421 910 2484 pensas
934 2415 965 2464 et
990 2401 1100 2482 juratis
1125 2415 1253 2463 centum
1278 2402 1437 2466 denarios.

419 2527 496 2589 ltem
521 2546 650 2588 causam
676 2527 758 2587 inter
782 2527 947 2588 Vrbanum
971 2522 1130 2588 famulum
1156 2525 1323 2608 Reiffnych
1348 2528 1505 2607 canonici,
1529 2550 1576 2592 ra·

313 2636 404 2696 cione
429 2634 679 2696 demactacionis
696 2653 752 2694 aue
778 2633 890 2694 baliste
904 2653 959 2716 per
975 2633 1165 2714 jobagiones
1181 2647 1245 2694 tres
1269 2633 1308 2694 de
1327 2632 1575 2715 Chernomercz,

313 2755 359 2804 est
384 2743 489 2804 eidem
513 2741 730 2824 juramentum
755 2739 974 2822 adjudicatum
998 2741 1165 2802 terciomet
1190 2741 1220 2801 in
1243 2760 1296 2802 ara
1321 2755 1427 2803 sancte
1453 2742 1575 2822 Crucis,

313 2849 401 2931 quod
427 2849 494 2931 ipse
519 2868 584 2910 non
608 2848 762 2931 appendit
787 2847 934 2908 balistam
953 2861 1062 2908 contra
1087 2847 1173 2928 ipsos
1196 2845 1344 2908 homines
1367 2848 1406 2909 de
1432 2848 1574 2910 Cherno-

312 2974 428 3033 mercz,
453 2975 510 3016 nec
535 2955 705 3036 evaginato
729 2953 839 3033 gladio
865 2972 929 3014 non
950 2952 1100 3014 mactavit
1124 2972 1231 3014 arcum
1258 2953 1419 3035 ipsorum;
1444 2969 1474 3016 et
1498 2955 1574 3016 dum

311 3061 438 3144 jurabit,
462 3075 538 3122 tunc
563 3061 710 3123 estimato
735 3060 844 3120 labore
869 3059 969 3140 ipsius
1001 3078 1057 3141 per
1086 3059 1264 3139 magistros,
1296 3060 1356 3142 ipsi
1381 3061 1574 3122 tenebuntur

312 3167 579 3230 reformacionem
603 3167 704 3250 ipsius
728 3167 840 3228 baliste
865 3165 969 3226 eidem
997 3165 1127 3228 Vrbano
1151 3166 1285 3230 solvere.

419 3291 496 3354 ltem
515 3291 574 3373 ipsi
591 3291 727 3372 quilibet
745 3290 888 3372 ipsorum
906 3289 1002 3350 trium
1019 3287 1230 3371 jobagionum
1256 3289 1374 3351 debent
1390 3291 1574 3354 terciusmet

310 3397 424 3478 jurare,
448 3397 537 3478 quod
562 3395 659 3458 nichil
685 3397 716 3457 in
740 3395 905 3478 peccunia,
930 3415 1027 3477 quarn
1053 3395 1119 3477 ipse
1140 3395 1288 3456 Vrbanus
1312 3395 1496 3478 deperdisse
1514 3399 1574 3459 ibi-

311 3503 384 3565 dem
401 3503 521 3582 asserit,
547 3517 686 3584 prestare
703 3503 908 3582 tenebuntur,
934 3521 992 3562 nec
1008 3521 1041 3562 se
1064 3501 1149 3583 ipsos
1167 3501 1302 3562 eandem
1321 3502 1472 3584 recipere.
1491 3505 1572 3586 (sic).

416 3628 495 3689 Item
520 3647 647 3690 causam
673 3628 755 3689 inter
780 3627 903 3711 Gytvan
929 3625 1111 3687 barberium
1138 3638 1168 3687 et
1191 3625 1272 3686 inter
1297 3626 1498 3688 Anthonium
1522 3647 1573 3690 su-

309 3747 424 3813 torem,
448 3735 608 3796 seniorem
633 3733 783 3815 juratum,
807 3733 935 3794 racione
968 3730 1042 3793 furti
1067 3731 1282 3814 quorumdam
1309 3752 1440 3795 suorum
1466 3735 1571 3816 pullo-

311 3861 380 3903 rum
406 3841 605 3919 assercionis,
638 3840 726 3922 quod
756 3841 821 3922 ipse
852 3840 935 3900 trina
967 3840 1035 3900 vice
1060 3838 1227 3921 proposuit
1260 3839 1363 3920 ipsum
1398 3839 1515 3902 lurtum
1543 3855 1573 3902 et

310 3949 376 4030 ipse
402 3947 525 4032 Gywttn
551 3967 615 4009 non
642 3947 745 4029 potuit
761 3946 927 4008 testificare
953 3965 1011 4006 nec
1036 3947 1226 4026 approbare,
1250 3946 1365 4028 etipse
1391 3946 1573 4008 Anthonius

309 4067 397 4116 sutor
422 4053 553 4114 debebit
576 4054 680 4134 jurare
704 4053 888 4114 terciusmet
912 4052 944 4113 in
969 4071 1021 4112 ara
1053 4064 1161 4112 sancte
1186 4052 1310 4130 Crucis,
1335 4053 1423 4134 quod
1449 4054 1515 4135 ipse
1541 4069 1572 4115 et

308 4179 364 4221 sua
390 4179 521 4222 consors
545 4172 575 4221 et
599 4159 646 4220 sui
672 4159 820 4220 homines
843 4178 908 4220 non
941 4157 1087 4219 iurarunt
1110 4175 1184 4218 suos
1215 4157 1342 4239 pullos;
1366 4172 1397 4220 et
1421 4158 1498 4219 dum
1523 4159 1571 4240 ju-

308 4265 399 4343 rabit,
423 4279 499 4328 tunc
524 4265 590 4347 ipse
616 4263 739 4350 Gywan
765 4265 943 4326 remanebit
968 4264 999 4324 in
1021 4264 1096 4324 vivo
1120 4262 1272 4344 homagio
1297 4279 1407 4326 contra
1432 4265 1571 4327 eundem

308 4371 519 4434 Anthonium.

417 4478 493 4540 ltem
526 4477 642 4540 eodem
686 4477 784 4538 modo
818 4477 994 4562 Elyzabeth
1027 4475 1240 4560 Steplynycza
1270 4475 1373 4556 jurare
1411 4479 1572 4539 tenebitur

309 4583 422 4645 eodem
442 4585 505 4663 die,
530 4597 560 4646 et
577 4585 654 4645 dum
673 4583 789 4666 jurabit
806 4585 836 4644 in
855 4584 951 4645 simili
970 4603 1051 4664 pena
1068 4583 1276 4644 convincetur
1293 4597 1404 4646 contra
1423 4585 1572 4648 eandem.

414 4708 491 4770 ltem
517 4709 591 4789 quia
625 4727 718 4769 causa
751 4708 831 4768 inter
863 4708 1043 4769 iohannem
1078 4705 1238 4790 Soldynar
1272 4721 1380 4768 contra
1406 4707 1569 4768 Thomam

308 4812 442 4876 Cheden
468 4815 556 4896 prius
581 4814 677 4876 debet
693 4813 825 4894 judicari
854 4833 949 4894 quam
976 4833 1069 4874 causa
1088 4812 1187 4893 ipsius
1205 4812 1338 4874 Cheden
1365 4835 1400 4874 ex
1427 4834 1476 4892 eo,
1494 4815 1569 4894 quia

307 4921 362 4982 lite
387 4921 547 5003 pendente
573 4920 735 5011 inchoavit
761 4939 878 4982 novam
904 4920 1003 4980 litem.
