3852 5814
402 550 467 628 460
801 551 887 608 Anno
910 559 997 626 1477.
1024 583 1063 594 -
1088 546 1138 611 18.
1163 551 1277 623 aprilis.

401 763 526 838 suisset,
553 761 645 840 iurati
670 762 946 842 adjudicaverunt,
979 777 1012 823 ut
1037 763 1128 823 illum
1154 761 1223 824 flor.
1256 781 1355 822 unum
1382 729 1581 824 invadiatum
1606 763 1665 823 sibi

404 869 488 928 Luce
521 867 601 928 infra
634 883 696 930 tres
720 869 789 929 dies
821 868 954 930 reddere
986 869 1118 944 debeat;
1152 887 1210 950 pro
1243 869 1353 929 Matko
1379 889 1454 930 veto
1489 883 1534 929 est
1559 869 1662 946 jurato

402 975 487 1034 idem
514 975 624 1058 lladey
650 976 681 1036 in
707 975 846 1055 birsagio
876 977 907 1036 io
932 976 1033 1037 tribus
1058 976 1164 1057 pensis
1188 976 1392 1038 denariorum
1418 996 1476 1057 pro
1502 995 1552 1055 eo,
1577 976 1666 1057 quod

401 1081 516 1142 eodem
542 1081 641 1142 modo
673 1082 864 1143 invenerunt
896 1080 990 1161 jurati
1024 1081 1105 1143 sicut
1137 1095 1168 1143 et
1193 1082 1279 1143 idem
1312 1083 1450 1158 Marcus,
1475 1097 1506 1144 et
1530 1082 1666 1143 eandem

402 1187 681 1270 adjudicacionem
707 1189 806 1269 ipsius
831 1189 928 1249 Marci
961 1189 1213 1270 approbavimus
1229 1189 1310 1250 sicut
1335 1204 1365 1250 et
1389 1189 1485 1272 primi
1509 1189 1602 1270 jurati
1621 1189 1668 1250 in-

401 1309 567 1356 venerunt.

506 1399 582 1462 Item
609 1421 737 1462 causam
772 1401 854 1462 inter
886 1402 1056 1463 Nicolaum
1091 1402 1213 1486 Halycz
1245 1402 1364 1463 dictum
1398 1415 1429 1464 et
1453 1417 1553 1464 totam
1578 1423 1666 1464 com·

400 1507 590 1570 munitatem
616 1507 743 1568 racione
768 1507 934 1570 cuiusdam
953 1508 1119 1570 homicidii
1141 1529 1197 1570 seu
1220 1523 1322 1570 morte
1348 1509 1447 1570 Lucie
1473 1509 1581 1570 uxoris
1597 1529 1665 1587 sue,

399 1613 492 1695 jurati
528 1613 804 1694 adjudicaverunt,
838 1627 872 1674 ut
902 1615 1099 1677 sextusmeth
1132 1635 1228 1698 super
1258 1634 1297 1676 eo
1331 1615 1361 1676 in
1400 1615 1533 1676 ecclesia
1565 1617 1665 1678 sancti

399 1721 499 1782 Marci
526 1720 556 1780 in
582 1741 635 1781 ara
668 1735 774 1782 sancte
800 1719 913 1783 Crucis
944 1721 1048 1802 jurare
1077 1722 1174 1784 debet
1204 1723 1264 1783 sibi
1289 1722 1459 1800 similibus,
1484 1723 1572 1804 quod
1598 1725 1666 1806 ipse

399 1828 535 1888 omnino
561 1841 607 1889 est
631 1827 785 1888 innocens
809 1841 839 1888 et
864 1828 1013 1889 innoxius
1037 1830 1069 1891 in
1096 1843 1198 1891 morte
1225 1829 1323 1891 Lucie
1348 1829 1456 1890 uxoris
1479 1849 1544 1892 suc.

506 1934 582 1995 ltem
609 1934 694 1996 idem
721 1934 874 1996 Nicolaus
899 1935 1021 2017 Halycz
1054 1935 1105 1997 die
1130 1949 1161 1997 et
1185 1936 1258 1997 loco
1291 1937 1408 2016 quibus
1433 1956 1526 2018 supra
1551 1937 1609 1996 rite
1634 1951 1665 1998 et

398 2039 556 2120 legittime
581 2040 796 2120 juramentum
820 2060 913 2102 suum
940 2042 1088 2123 deposuit
1113 2055 1147 2104 ut
1171 2043 1291 2106 debuit.

505 2146 581 2208 ltem
608 2166 735 2208 causam
762 2147 843 2208 inter
868 2147 1045 2230 Georgium
1065 2147 1255 2231 freniparem
1282 2163 1312 2209 et
1337 2148 1505 2210 Jalsiezam
1530 2168 1663 2210 uxorem

403 2253 487 2314 Petri
502 2254 658 2336 Zyrouicz
676 2254 750 2314 dicti
770 2255 896 2316 racione
914 2269 944 2315 et
961 2269 1104 2336 pretextu
1122 2256 1287 2316 cuiusdam
1306 2255 1404 2317 debiti
1424 2255 1562 2316 duorum
1581 2254 1661 2330 flor,

399 2359 493 2437 jurati
513 2359 777 2440 adjudicaverunt
800 2381 894 2443 super
911 2382 959 2439 e0‚
985 2363 1072 2443 quod
1096 2363 1160 2444 ipsa
1180 2362 1313 2423 lalsicza
1339 2361 1434 2422 debet
1459 2360 1562 2440 jurare
1579 2362 1663 2422 sola·

397 2467 484 2528 meth
507 2468 567 2529 sibi
593 2467 753 2530 similibus
777 2469 863 2550 quod
890 2469 955 2551 ipsa
985 2469 1120 2530 omnino
1145 2483 1191 2530 est
1225 2470 1387 2530 inconscia
1412 2469 1451 2529 de
1476 2468 1661 2530 huiusmodi

395 2573 506 2634 debito
531 2573 669 2636 duorum
700 2574 769 2638 flor.

504 2680 581 2742 ltem
607 2701 735 2742 eausam
762 2682 843 2743 inter
867 2682 994 2742 Petrum
1022 2681 1158 2743 chbalt
1184 2696 1215 2744 et
1231 2682 1367 2743 alterum
1393 2681 1522 2743 Petrum
1548 2683 1660 2742 Koncz

396 2787 525 2848 racione
558 2788 724 2848 cuiusdam
757 2789 854 2870 precii
888 2788 984 2849 unius
1015 2789 1089 2849 anni
1119 2802 1150 2850 et
1182 2807 1392 2870 expensarum
1418 2786 1572 2849 laetarum
1605 2808 1661 2870 per

395 2893 499 2974 ipsum
525 2893 663 2970 euehat,
690 2893 782 2974 jurati
815 2894 1081 2976 adjudicaverunt
1114 2909 1144 2956 ct
1175 2896 1355 2976 approbant
1380 2893 1659 2975 adjudicacionem

394 2999 631 3081 primitivorum
666 3000 843 3081 juratorum
878 3000 922 3060 uti
952 3000 1002 3062 hic
1036 3001 1067 3060 in
1093 2999 1247 3062 katherno
1279 3001 1431 3082 scriptum
1457 3015 1513 3078 est,
1538 3020 1596 3082 pro
1620 3021 1660 3062 eo

394 3105 481 3187 quod
506 3125 634 3167 causam
660 3107 795 3168 eandem
823 3107 909 3166 idem
934 3107 1046 3167 Petrus
1075 3107 1186 3168 Koncz
1211 3107 1251 3167 ad
1275 3107 1418 3167 seniores
1441 3106 1660 3188 appellaverat

393 3227 424 3274 et
449 3212 536 3293 quod
563 3213 696 3274 minime
722 3233 849 3274 causam
875 3232 966 3274 suam
991 3212 1077 3274 idem
1096 3213 1207 3274 Petrus
1232 3212 1344 3274 Koncz
1370 3212 1521 3293 prosequi
1545 3213 1658 3274 voluit.

499 3319 577 3379 ltem
602 3339 729 3380 causam
750 3320 831 3380 inter
856 3318 1091 3400 Margaretham
1109 3319 1311 3380 Ribariczam
1338 3333 1368 3380 et
1392 3319 1474 3380 inter
1492 3318 1658 3380 Simonem

394 3424 506 3507 Radey
531 3425 659 3487 racione
684 3425 899 3506 quorumdam
925 3425 1059 3507 piscium
1085 3444 1168 3505 quos
1191 3424 1285 3506 judex
1310 3439 1340 3485 et
1364 3424 1456 3505 jurati
1482 3444 1539 3506 pro
1564 3425 1659 3506 culpa

392 3531 440 3591 sui
466 3532 658 3612 recepissent
682 3546 713 3592 et
736 3532 825 3612 quod
851 3532 882 3592 in
907 3531 1028 3592 eisdem
1043 3531 1183 3612 piscibus
1200 3531 1337 3593 eandem
1362 3529 1655 3613 dampnificassent‚

391 3638 486 3699 debet
511 3639 594 3699 idem
629 3639 742 3700 Simon
772 3638 883 3720 Radey
916 3638 1019 3716 iurare
1052 3639 1084 3699 in
1117 3638 1250 3699 ecclesia
1282 3637 1381 3698 sancti
1416 3637 1515 3699 Marci
1541 3637 1571 3697 in
1604 3657 1657 3699 ara

390 3759 496 3805 sancte
530 3744 643 3806 Crucis
675 3765 769 3826 super
802 3763 852 3822 eo,
886 3759 919 3806 ut
950 3763 1008 3826 pro
1041 3744 1183 3826 dampno
1215 3744 1403 3806 eorumdem
1436 3744 1572 3826 piscium
1596 3745 1655 3804 sibi

390 3851 599 3913 sublevorum
625 3871 689 3912 non
714 3851 895 3932 assumpsit.

497 3957 576 4019 ltem
601 3977 728 4019 causant
748 3959 830 4019 inter
848 3959 966 4018 Lucam
993 3958 1140 4020 Ribaricz
1157 3973 1188 4020 et
1213 3958 1381 4020 Simonem
1400 3957 1510 4039 Radey
1528 3957 1656 4018 racione

390 4065 644 4144 adjudicacionis
668 4064 844 4145 juratorum
870 4084 968 4127 unam
992 4079 1113 4146 partem
1144 4063 1293 4126 videlicet
1317 4063 1429 4125 decem
1454 4083 1577 4124 marcas
1594 4064 1654 4145 ipsi

390 4171 476 4231 Luce
502 4172 617 4252 partim
643 4185 673 4233 et
697 4191 755 4253 pro
780 4185 845 4232 tota
868 4171 1099 4233 communitate
1131 4171 1256 4232 solvere
1281 4183 1453 4248 teneretur,
1479 4170 1655 4252 appellavit

390 4277 420 4337 in
446 4278 644 4359 presenciam
669 4278 831 4338 seniorum
859 4279 945 4338 idem
970 4278 1091 4359 Radcy.

393 4497 488 4568 Feria
518 4507 617 4569 sexta
656 4501 812 4586 proxima
841 4507 917 4586 post
956 4507 1112 4570 octavum
1151 4497 1234 4569 diem
1272 4497 1349 4569 testi
1380 4495 1654 4570 Resurrectiouis

954 4621 1093 4693 Domini.

916 4773 979 4850 (18.
1004 4777 1134 4849 aprilis).

494 4917 571 4978 ltem
597 4936 725 4978 causam
752 4917 833 4978 inter
858 4917 999 4976 Blasium
1034 4931 1188 4976 sartorem
1213 4930 1244 4976 et
1277 4915 1396 4976 Lucam
1422 4916 1581 4998 Ribarycz
1606 4916 1651 4996 ju·

387 5024 444 5091 tati
469 5025 509 5088 ad
533 5022 674 5085 futurum
702 5023 842 5104 primum
875 5021 1029 5102 judicium
1065 5023 1199 5082 eandem
1233 5041 1361 5084 causam
1387 5039 1651 5104 prorogaverunt.
