3852 5814
649 569 735 624 Anno
758 565 850 644 1478.
876 601 917 610 -
941 583 991 630 20.
1019 572 1187 631 novembris.
1488 593 1552 654 477

289 798 346 840 sua
372 777 519 856 falsitate,
544 778 633 859 quod
659 778 744 840 idem
778 779 928 840 mactavit
958 779 1131 861 quemdam
1165 781 1325 844 infirmum
1354 785 1469 844 bovem
1495 804 1552 845 seu

291 885 425 946 cadaver
449 897 479 946 et
504 883 535 945 in
561 885 626 946 suis
650 885 812 946 maccellis
832 885 955 946 civibus
980 899 1010 946 et
1034 885 1106 947 aliis
1122 886 1309 950 hominibus
1333 909 1390 970 pro
1407 891 1553 971 pecuniis

291 990 487 1052 vendidisset
511 1009 583 1052 cum
609 991 680 1052 aliis
712 991 861 1052 carnibus
892 991 1090 1068 miscuend0‚
1115 993 1202 1073 quod
1237 993 1322 1055 idem
1347 995 1442 1056 debet
1466 1009 1552 1056 extra

291 1097 451 1158 civitatem
478 1111 508 1158 et
532 1097 601 1158 eius
624 1097 820 1159 territorium
846 1098 966 1179 percuti
991 1118 1047 1160 seu
1065 1097 1206 1160 frustrari
1224 1114 1255 1162 et
1277 1101 1344 1181 ipse
1370 1121 1479 1162 carnes
1496 1122 1551 1183 per

288 1203 392 1284 ipsum
418 1216 594 1265 mactantes
618 1204 658 1264 ad
683 1203 788 1284 ipsum
806 1203 948 1284 liganda,
973 1217 1003 1266 et
1028 1206 1115 1285 quod
1142 1205 1172 1267 in
1192 1207 1258 1288 ipsa
1287 1207 1412 1270 civitate
1437 1209 1551 1269 eteius

288 1309 447 1370 territorio
473 1309 609 1371 ulterius
633 1328 697 1370 non
731 1309 838 1370 veniat
869 1329 926 1370 nec
957 1325 1094 1388 maneat,
1119 1312 1207 1392 quod
1232 1313 1256 1372 si
1289 1327 1395 1374 tamen
1419 1311 1551 1376 ulterius

287 1417 413 1479 venerit
437 1416 476 1478 ad
502 1417 603 1498 ipsam
628 1416 789 1477 civitatem
814 1416 864 1477 vel
890 1417 958 1477 eius
981 1417 1177 1508 territorium
1201 1417 1251 1480 vel
1277 1433 1382 1480 autem
1408 1435 1550 1502 repertus

291 1521 386 1585 fuerit
410 1543 492 1604 pena
516 1523 576 1584 sibi
601 1523 683 1604 ignis
706 1523 939 1584 combustionis
969 1523 1125 1603 plectetur
1148 1544 1203 1584 seu
1229 1527 1444 1588 comburatur.

399 1629 477 1690 item
503 1649 630 1691 causam
650 1649 686 1690 ex
711 1642 799 1710 parte
821 1627 949 1690 Thome
982 1627 1136 1690 carnificis
1160 1629 1252 1710 jurati
1277 1631 1549 1714 adjudicaverunt,

287 1735 375 1817 quod
399 1736 485 1798 idem
510 1736 666 1797 solusmet
698 1736 794 1798 debet
824 1736 928 1815 jurare
953 1736 985 1796 in
1018 1755 1071 1796 ara
1096 1750 1202 1798 sancte
1234 1736 1348 1799 Crucis
1371 1759 1466 1820 super
1499 1759 1549 1820 eo,

286 1843 375 1924 quod
400 1844 468 1925 ipse
493 1843 619 1924 ignorat
642 1862 699 1904 seu
723 1842 832 1921 nescit,
857 1861 916 1904 nec
940 1861 1013 1904 cum
1044 1842 1125 1904 scitu
1148 1863 1207 1905 suo
1232 1845 1335 1926 ipsum
1360 1847 1476 1907 bovem
1502 1847 1549 1907 in·

286 1948 413 2011 firmum
438 1969 502 2012 non
528 1963 704 2044 mactasset.

393 2055 470 2117 Item
496 2075 623 2117 causam
657 2056 739 2116 inter
770 2053 964 2136 Gregorium
997 2055 1175 2119 institorem
1201 2071 1231 2120 et
1263 2059 1425 2121 Andream
1459 2081 1547 2122 arcu-

289 2181 398 2243 parem
424 2163 551 2224 racione
576 2161 742 2226 cuiusdam
771 2176 855 2223 mete
887 2183 983 2245 parve
1008 2163 1089 2224 inter
1120 2165 1230 2226 vineas
1254 2166 1394 2248 ipsorum
1421 2188 1477 2249 per
1501 2167 1546 2246 ju·

287 2282 373 2330 ratos
405 2268 631 2350 adjudicatam,
656 2270 732 2330 item
766 2269 912 2330 Andreas
943 2269 983 2330 de
1015 2268 1135 2350 judicio
1167 2271 1342 2350 juratorum
1375 2293 1439 2334 non
1472 2293 1546 2335 con·

285 2389 391 2437 tentus
415 2376 516 2458 ipsam
542 2395 669 2437 causam
694 2375 734 2436 ad
758 2375 901 2436 seniores
925 2373 1047 2456 judices
1071 2376 1254 2457 appellavit.

410 2613 505 2686 Faria
534 2623 631 2686 sexta
660 2613 811 2702 proxima
841 2623 920 2684 ante
948 2614 1070 2686 festum
1100 2616 1195 2687 beate
1224 2615 1416 2688 Katherine.

781 2771 848 2846 (20.
871 2767 1057 2844 novembris).

393 2910 491 2972 iteam
516 2929 643 2971 causam
677 2908 758 2969 inter
783 2907 926 2970 Blasium
951 2908 1191 2991 Nekrischenyk
1215 2923 1245 2970 et
1270 2910 1469 2972 Demetrium
1494 2931 1545 2973 su-

285 3034 387 3080 torem
414 3017 553 3099 Suiczky
577 3017 708 3094 dictum,
727 3014 811 3076 idem
830 3014 1011 3076 Demetrius
1031 3029 1119 3077 sutor
1135 3015 1175 3075 ad
1193 3014 1449 3094 jurisdiccionem
1469 3017 1544 3077 civi·

284 3126 357 3187 tatis
380 3145 413 3186 se
438 3124 566 3205 recepit.

390 3231 467 3292 Item
493 3249 620 3291 causam
645 3230 727 3290 inter
751 3227 951 3289 Demetrium
980 3241 1134 3288 sartorem
1159 3241 1190 3289 et
1214 3227 1318 3309 ipsum
1343 3227 1543 3289 Demetrium

283 3349 436 3415 sutorem,
470 3335 555 3398 idem
588 3334 769 3397 Demetrius
803 3333 941 3417 Suiczky
974 3353 1006 3394 se
1038 3334 1078 3394 ad
1118 3333 1376 3412 jurisdiccionem
1409 3334 1544 3395 civitatis

283 3443 410 3525 recepit.

389 3548 466 3610 Item
491 3566 619 3610 causam
645 3547 726 3608 inter
751 3545 935 3608 Emericum
960 3544 1168 3606 Bahahwricz
1200 3544 1319 3606 dictum
1345 3558 1375 3606 et
1400 3545 1541 3606 iwanum

282 3667 434 3732 sutorem,
459 3653 544 3714 idem
571 3654 654 3714 lwan
680 3667 768 3713 sutor
791 3653 890 3733 ipsam
916 3671 1043 3712 causam
1068 3651 1108 3712 ad
1125 3651 1382 3731 jurisdiccionem
1408 3651 1543 3713 civitatis

281 3781 314 3822 se
339 3761 467 3842 recepit.

387 3867 465 3928 Item
499 3866 630 3948 Mykula
661 3863 828 3926 familiaris
862 3863 946 3924 Luce
981 3863 1128 3925 Ribaricz
1160 3863 1287 3945 publice
1318 3878 1351 3926 et
1375 3863 1541 3926 manifeste

281 3972 383 4035 fassus
408 3987 454 4034 est
479 3973 532 4034 tali
558 3971 668 4052 modo,
700 3971 869 4053 quomodo
902 3971 1004 4031 Lucas
1037 3971 1184 4031 Ribaricz
1216 3968 1355 4031 carnifex
1381 3971 1411 4031 in
1443 3971 1542 4033 domo

281 4078 411 4160 Georgii
440 4078 582 4140 Zalaricz
608 4076 782 4159 quamdam
808 4075 965 4137 infirmam
1000 4075 1141 4137 inflatam
1168 4095 1295 4137 vaccam
1321 4091 1487 4137 mactasset
1512 4093 1542 4138 et

280 4185 439 4262 mactavit,
463 4203 559 4266 quam
586 4199 616 4246 et
639 4182 785 4244 vendidit
809 4183 841 4244 in
867 4182 1031 4244 maccello.

313 4351 318 4362 ,
385 4291 462 4352 item
488 4291 572 4352 idem
599 4291 731 4373 Mykula
756 4288 856 4350 fassus
880 4304 927 4352 est
951 4309 997 4351 eo.
1022 4290 1131 4369 modo,
1156 4290 1245 4372 quod
1270 4289 1355 4352 idem
1379 4289 1540 4372 predictus

280 4398 382 4458 Lucas
408 4398 555 4459 Ribaricz
579 4397 618 4458 ad
644 4396 817 4478 quamdam
844 4396 954 4458 feriam
986 4397 1131 4477 quintam
1157 4397 1187 4457 in
1220 4396 1319 4457 fluvio
1343 4417 1425 4478 aque
1451 4397 1539 4458 Med·

280 4503 453 4588 wednycza
478 4504 610 4566 alteram
635 4523 763 4564 vaccam
793 4502 962 4572 infirmam.
982 4521 1044 4583 que
1069 4521 1125 4584 per
1141 4522 1238 4564 unam
1262 4503 1472 4584 septimanam
1493 4504 1539 4564 in·

279 4608 369 4671 firma
394 4610 551 4691 jacuisset,
577 4609 712 4670 eandem
737 4628 865 4670 vaccam
900 4609 1050 4670 mactavit
1073 4621 1104 4670 et
1135 4609 1167 4670 in
1199 4609 1353 4670 maccello
1378 4609 1539 4684 vendidit;

278 4731 308 4777 et
332 4717 407 4798 quia
432 4716 715 4798 supranominatus
740 4715 861 4777 Mikula
894 4735 995 4796 ipsam
1021 4713 1179 4776 infirmam
1204 4735 1331 4776 vaccam
1358 4715 1388 4776 iu
1415 4715 1539 4796 pascuis

277 4824 420 4885 invenire
445 4843 510 4884 non
536 4823 650 4906 potuit,
675 4825 717 4884 ob
750 4822 809 4884 hoc
834 4823 900 4904 ipsc
926 4823 1028 4884 Lucas
1058 4821 1206 4883 Ribaricz
1238 4821 1537 4904 supranominatum

278 4929 409 5012 Mykula
433 4929 666 4992 licenciaverat.

382 5036 459 5099 Item
486 5037 570 5099 idem
598 5036 729 5119 Mykula
754 5035 855 5098 fassus
878 5051 923 5099 est
948 5057 987 5098 eo
1005 5036 1115 5114 modo,
1139 5036 1226 5117 quod
1253 5035 1337 5096 idem
1365 5035 1466 5098 Lucas
1484 5035 1538 5097 tti-
