3852 5814
662 543 864 624 Arn01480.
891 579 931 589 —-
956 561 1005 624 14.
1033 545 1147 620 aprilis.
1473 567 1536 628 493

381 755 458 819 Item
484 756 627 838 Georgia
652 757 751 818 sutori
784 776 840 838 per
871 757 1022 840 judicem,
1052 757 1172 838 juratos
1201 771 1232 820 et
1264 758 1430 819 universos
1454 759 1539 819 cives

276 882 311 924 ac
335 863 600 925 communitatem
626 861 706 925 facta
738 876 784 924 est
816 863 921 944 gracia
946 877 977 924 et
1001 883 1161 942 concessa,
1179 863 1266 944 quod
1293 863 1385 925 vinea
1409 863 1447 924 de
1473 884 1537 945 qua

274 970 363 1052 prius
393 969 539 1032 solvebat
569 970 608 1031 ad
634 970 820 1032 comitatum
854 983 981 1031 centum
1010 970 1220 1048 wiennenses,
1252 969 1415 1050 sexaginta
1440 971 1537 1031 wien·

274 1096 387 1138 nenses
410 1075 541 1138 debebit
564 1075 697 1138 solvere.

378 1183 456 1245 ltem
480 1182 546 1245 filie
577 1183 715 1245 condam
749 1183 890 1245 Simonis
922 1183 1115 1267 Wokanych
1148 1185 1268 1246 scilicet
1301 1183 1473 1245 Katherina
1507 1197 1537 1244 et

271 1289 396 1370 Agatha
422 1289 693 1352 confirmaverunt
723 1303 950 1352 testamentum
983 1291 1080 1372 patris
1112 1291 1253 1372 ipsarum
1278 1304 1308 1350 et
1332 1303 1532 1351 executorem

274 1397 443 1458 dominum
477 1396 636 1458 Briccium
670 1410 824 1457 rectorem
859 1396 1024 1478 hospitalis
1050 1400 1140 1458 beate
1174 1397 1271 1458 Marie
1309 1397 1440 1477 virginis
1475 1411 1533 1458 etc.

272 1503 325 1564 tali
350 1503 541 1565 condicione
565 1503 740 1581 mediante,
764 1503 852 1584 quod
878 1503 965 1584 prius
997 1503 1116 1564 eisdem
1143 1503 1269 1565 filiabus
1293 1517 1454 1586 promtum
1480 1506 1535 1566 de·

272 1609 375 1671 bitum
399 1610 495 1671 trium
522 1610 590 1672 flor.
616 1610 770 1688 exsolvat,
795 1609 1010 1690 promiserunt
1029 1609 1117 1690 quod
1142 1609 1280 1670 eundem
1307 1610 1338 1670 in
1358 1610 1451 1671 bonis
1467 1631 1535 1671 mo-

272 1715 391 1777 bilibus
415 1729 446 1778 et
472 1717 682 1778 inmobilibus
705 1735 771 1777 non
796 1715 954 1797 impedire
978 1715 1033 1776 sed
1058 1715 1225 1797 pacificum
1252 1715 1387 1778 mittere.

290 1950 386 2024 Feria
414 1963 512 2026 sexta
540 1958 694 2044 proxima
724 1963 798 2044 post
828 1955 1027 2025 dominicam
1057 1952 1157 2044 Quasi
1188 1957 1282 2027 moda
1312 1958 1413 2044 geniti
1443 1965 1505 2027 etc.

801 2111 863 2186 (14.
887 2107 1017 2182 aprilis).

377 2247 455 2310 ltem
490 2249 612 2332 lagnya
644 2249 736 2311 aliter
768 2249 867 2310 Lucia
899 2261 1012 2310 vocata
1048 2249 1155 2312 relicta
1189 2249 1327 2312 condam
1361 2249 1535 2335 legathych

270 2354 375 2436 primo
400 2354 493 2416 citata
519 2367 629 2416 contra
655 2355 832 2416 Jankonem
860 2354 1038 2416 institorem
1056 2355 1176 2417 Polaalt
1200 2356 1334 2434 dictum,
1359 2375 1423 2417 non
1449 2377 1533 2418 com-

270 2461 386 2542 paruit.

377 2566 453 2628 ltem
488 2587 580 2628 causa
614 2568 696 2629 inter
729 2569 848 2629 Lucam
881 2568 1051 2651 Rybarych
1084 2581 1115 2630 et
1147 2568 1230 2630 lwan
1265 2569 1441 2631 institorem
1476 2590 1534 2652 pro

270 2672 412 2754 quodam
447 2672 566 2754 (h)orto
598 2673 692 2752 jurati
726 2674 934 2753 invenerunt,
967 2675 1055 2756 quod
1087 2695 1124 2735 ex
1160 2695 1224 2756 quo
1258 2675 1399 2757 prefatus
1432 2677 1532 2738 Lucas

269 2779 357 2860 prius
380 2779 644 2842 testamentaliter
671 2780 821 2859 ostendit,
853 2781 940 2862 quod
974 2781 1082 2842 omnia
1109 2783 1192 2842 bona
1225 2783 1322 2862 patris
1347 2783 1395 2843 sui
1420 2784 1530 2864 vigore

269 2886 413 2947 eiusdem
445 2887 627 2949 testamenti
659 2901 764 2949 essent
795 2885 948 2950 devoluta
981 2887 1020 2948 ad
1052 2887 1189 2948 eundem
1227 2901 1257 2948 et
1290 2907 1353 2948 non
1388 2889 1427 2948 ad
1452 2889 1533 2949 alios

269 2989 380 3053 fratres
403 3012 489 3072 auos,
514 2993 624 3074 sicque
649 2993 831 3054 Anthonius
856 2993 953 3055 frater
984 3014 1061 3055 suus
1093 3013 1157 3054 non
1192 3006 1238 3055 est
1262 2995 1385 3056 vicinus
1409 2995 1439 3055 in
1465 3015 1533 3076 pre-

270 3096 335 3160 lato
360 3097 490 3181 (h)orto,
515 3113 546 3160 et
573 3101 673 3161 Lucas
691 3100 792 3162 lassus
817 3115 863 3162 est
880 3119 987 3162 coram
1006 3100 1126 3162 eisdem
1145 3099 1232 3181 quod
1252 3119 1315 3161 non
1341 3101 1410 3161 vult
1434 3102 1533 3182 impe-

269 3204 336 3266 dire
361 3203 520 3287 prelatum
546 3205 628 3266 lwan
655 3207 782 3268 racione
807 3207 985 3289 emptionis
1014 3207 1089 3266 dicti
1108 3205 1227 3288 (hlorti,
1253 3206 1326 3267 ideo
1352 3205 1445 3287 judex
1466 3205 1532 3286 juta

269 3325 300 3374 et
322 3312 429 3375 literas
452 3314 590 3376 civitatis
614 3314 672 3396 ipsi
700 3314 782 3375 lwan
815 3314 911 3377 debet
942 3315 1127 3392 extradere3
1160 3314 1215 3375 sed
1243 3315 1344 3376 Lucas
1369 3313 1451 3375 dicta
1478 3314 1531 3374 ad-

267 3417 469 3498 judicatione
494 3440 559 3481 non
585 3435 754 3482 contentus
778 3421 954 3504 appellavit
977 3421 1016 3482 ad
1041 3422 1184 3482 seniores
1208 3419 1339 3502 judices.

374 3525 450 3588 ltem
475 3547 569 3588 causa
595 3527 676 3588 inter
694 3527 873 3588 lohannem
901 3526 1121 3610 Soldynarych
1141 3539 1171 3588 et
1196 3526 1403 3586 Dominicum
1430 3525 1530 3586 lilium

270 3632 442 3715 Perowych
468 3634 595 3695 racione
620 3633 787 3695 cuiusdam
820 3630 967 3710 fenestre,
1000 3631 1081 3694 iacta
1107 3647 1153 3693 est
1185 3632 1302 3693 dilacio
1327 3632 1366 3692 ad
1393 3632 1531 3713 primum

266 3737 422 3818 judicium
448 3740 668 3802 consistoriale
686 3741 724 3800 ad
751 3742 839 3821 quod
857 3738 998 3821 prelatus
1016 3739 1204 3800 Dominicus
1222 3737 1441 3800 testimonium
1460 3758 1532 3820 pro·

268 3845 362 3907 ducet
386 3861 417 3908 et
442 3847 508 3929 ipse
534 3847 696 3909 lohannes
720 3847 838 3908 literas.

374 3951 407 4013 ln
434 3973 525 4014 causa
563 3953 725 4014 Valentini
760 3952 915 4014 carnificis
947 3966 978 4014 et
1009 3951 1149 4034 Philippi
1183 3950 1370 4013 Oberlinzki
1405 3951 1532 4011 racione

267 4059 343 4120 certi
370 4058 470 4120 debiti
495 4060 633 4120 sedecim
660 4059 741 4136 flor,
766 4059 910 4120 Andreas
926 4072 1015 4119 sutor
1031 4057 1127 4118 habet
1151 4057 1254 4136 jurare
1279 4070 1388 4118 contra
1415 4057 1531 4117 Valen-

265 4164 368 4225 tinum
395 4165 483 4246 quod
508 4185 557 4226 res
582 4181 612 4227 et
637 4167 722 4226 bona
759 4163 870 4246 prelati
905 4164 1043 4246 Philippi
1077 4162 1266 4226 Oberlinzki
1301 4176 1405 4245 preter
1430 4182 1529 4223 unum

266 4270 434 4334 cultellum
461 4291 524 4332 non
550 4271 657 4348 habet,
674 4272 699 4332 si
717 4285 822 4332 autem
850 4271 988 4332 voluerit
1006 4270 1087 4330 circa
1105 4270 1231 4330 vineam
1251 4267 1363 4351 prelati
1391 4269 1529 4350 Philippi

266 4377 466 4456 Oberlinzki,
490 4397 586 4459 quam
613 4397 698 4439 nunc
725 4378 848 4438 Blasius
873 4376 998 4437 institor
1016 4376 1122 4454 habet,
1147 4395 1240 4456 agere
1259 4375 1308 4435 vel
1334 4375 1457 4456 aliquid
1477 4374 1530 4434 ha-

266 4485 340 4546 bere
365 4485 513 4564 voluerit,
539 4499 654 4546 extunc
679 4483 824 4565 deposita
857 4484 993 4566 pecunia
1018 4483 1093 4544 dicti
1121 4483 1216 4544 Blasii
1251 4482 1404 4544 institoris
1437 4481 1533 4543 habet

266 4590 402 4652 eandem
427 4591 606 4674 occupandi
632 4590 826 4653 facultatem.

371 4697 448 4759 ltem
475 4716 568 4759 causa
594 4697 677 4758 Petri
704 4697 771 4759 Lah
796 4697 1011 4778 procuratoris
1034 4711 1064 4757 et
1089 4695 1148 4757 sibi
1168 4692 1396 4756 adherencium
1422 4709 1451 4754 et
1471 4694 1531 4755 De-

266 4803 369 4865 metrii
396 4803 555 4888 Wseczlty
579 4803 673 4884 jurati
700 4803 900 4884 invenerunt,
925 4803 1011 4885 quod
1032 4801 1172 4884 prelatus
1197 4801 1307 4862 Petrus
1332 4815 1361 4862 et
1387 4821 1458 4883 pars
1475 4821 1529 4860 sua

266 4911 361 4974 habet
385 4911 599 4992 juramentum
626 4911 788 4993 deponere
822 4911 909 4992 quod
943 4912 1064 4972 nullam
1099 4910 1349 4992 disposicionem
1384 4907 1530 4969 fecissent

266 5038 337 5079 cum
375 5019 444 5100 ipso
476 5017 641 5080 Demetrio
677 5018 803 5078 racione
837 5017 1051 5098 quorumdam
1089 5015 1200 5078 decem
1232 5015 1437 5076 denariorum
1471 5014 1529 5095 ipsi
