3644 5788
525 573 612 631 Anno
629 572 723 649 1461.
748 603 791 617 -
801 584 857 648 31.
873 571 1024 647 januarii.
1349 587 1408 650 197

247 784 326 846 Item
360 782 453 865 jurati
485 793 743 865 prorogaverunt
775 799 902 842 causam
937 780 1065 842 Martini
1097 779 1212 862 judicis
1237 791 1268 842 et
1299 779 1408 841 relicte

149 891 279 952 condam
304 890 403 952 Blasii
420 888 535 971 judicis
558 889 598 950 ad
616 886 729 949 leriam
746 901 865 948 sextam
884 887 1062 969 proximam
1089 901 1161 968 post
1185 885 1301 948 festum
1320 885 1408 948 Con·

150 997 297 1058 versionis
322 997 408 1058 beati
433 995 523 1056 Pauli
547 994 696 1077 apostoli.

246 1103 326 1165 ltem
351 1101 468 1184 Ztoysa
485 1099 616 1184 pellifex
640 1100 754 1162 citatus
778 1095 838 1162 fuit
861 1099 901 1160 ad
919 1097 1031 1160 leriam
1057 1112 1178 1160 sextam
1203 1113 1274 1182 post
1290 1095 1407 1160 festum

153 1209 378 1272 Conversionis
409 1209 493 1270 beati
530 1207 621 1269 Pauli
653 1206 791 1290 apostoli
825 1217 933 1268 contra
966 1204 1144 1287 Georgium
1169 1203 1340 1288 pellificem
1376 1217 1407 1266 et

154 1335 203 1377 non
232 1316 332 1378 venit.

247 1421 328 1484 Item
352 1420 403 1482 hic
427 1417 489 1482 fuit
519 1419 754 1502 proclamatum
778 1418 874 1480 tercia
908 1418 977 1480 vice
1010 1437 1105 1501 super
1129 1418 1258 1480 vineam
1283 1417 1407 1480 Nicolai

153 1527 196 1589 filii
222 1529 360 1612 Mykecz
384 1525 663 1601 molendinatoris,
687 1525 712 1586 si
730 1525 847 1607 aliquis
870 1525 938 1608 jura
956 1544 1013 1586 seu
1036 1524 1172 1586 literalia
1192 1525 1402 1586 instrumenta

153 1635 282 1712 haberet,
301 1633 413 1695 eadem
432 1651 539 1694 coram
564 1631 658 1694 nobis
673 1631 851 1714 producere
872 1644 1009 1710 tenetur,
1027 1631 1099 1692 etsi
1121 1651 1187 1692 non
1205 1631 1400 1714 produceret

154 1760 198 1801 nos
220 1741 329 1802 eidem
354 1759 454 1801 novas
478 1738 585 1800 literas
608 1757 703 1820 super
735 1737 847 1799 eadem
877 1737 1109 1816 emanabimus,
1134 1751 1165 1800 et
1197 1737 1304 1799 nullus
1329 1757 1402 1819 pro·

153 1846 245 1923 durit;
270 1846 345 1908 ideo
370 1845 539 1907 commisse
563 1858 637 1906 sunt
660 1843 765 1905 eidem
791 1843 857 1904 dari
883 1843 973 1906 litere
997 1863 1091 1906 nove.

245 1954 324 2015 ltem
350 1953 442 2034 jurati
467 1949 544 2014 feria
569 1965 654 2012 sexta
671 1951 817 2033 proxima
842 1964 914 2032 post
929 1947 1044 2012 festum
1063 1951 1293 2014 Conversionis
1317 1951 1403 2011 beati

155 2059 231 2121 Pauli
259 2061 291 2120 in
316 2079 401 2121 anno
426 2059 559 2120 Domini
580 2056 808 2120 MCCCCLXI
825 2056 1091 2138 adjudicaverunt
1114 2056 1330 2139 juramentum
1355 2076 1403 2118 re-

156 2165 214 2227 licte
241 2165 379 2227 condam
398 2164 495 2226 Blasii
513 2162 628 2245 judicis
643 2163 810 2225 terciemet
832 2163 898 2224 suis
915 2163 1114 2242 concivibus,
1132 2163 1219 2246 quod
1245 2163 1311 2246 ipsa
1328 2161 1406 2225 feria

157 2285 229 2333 serta
255 2271 400 2354 proxima
424 2284 498 2332 ante
522 2267 636 2332 festum
662 2267 901 2330 Purificacionis
932 2269 1065 2350 virginis
1095 2269 1235 2350 gloriose
1260 2268 1406 2351 proxime

158 2391 316 2439 venturum
342 2378 372 2438 in
397 2397 450 2438 ara
475 2390 582 2438 sancte
599 2375 713 2438 Crucis
737 2375 768 2436 in
788 2395 838 2453 eo,
856 2375 944 2457 quod
963 2376 1029 2456 ipsa
1051 2376 1082 2436 in
1101 2375 1267 2438 oblacione
1291 2393 1404 2458 peccu-

159 2484 271 2544 niarum
297 2497 327 2545 et
351 2484 485 2544 aliarum
502 2502 608 2544 rerum
634 2503 670 2544 ac
686 2495 893 2564 argentorum
918 2501 954 2543 ac
971 2483 1071 2544 eciam
1093 2481 1204 2544 hostiis
1228 2480 1404 2544 ferreorum

156 2610 185 2650 ac
199 2611 344 2652 vasorum
363 2591 492 2652 Martini
516 2591 651 2652 senioris
668 2589 782 2670 judicis
805 2589 861 2651 sed
885 2609 944 2650 nec
961 2587 1101 2671 prefatus
1118 2588 1255 2651 condam
1281 2589 1405 2651 Blasius

155 2696 239 2776 judex
263 2697 295 2758 in
320 2697 430 2779 aliquo
456 2696 633 2779 culpabiles
658 2710 772 2774 essent,
796 2716 855 2758 nec
879 2717 953 2758 cum
982 2697 1062 2759 scitu
1094 2697 1238 2759 eiusdem
1270 2696 1402 2758 domine

155 2805 292 2883 premissa
327 2803 408 2866 facta
434 2802 519 2880 lore;
557 2803 596 2864 de
621 2823 685 2886 quo
718 2800 858 2884 prefatus
883 2803 1039 2865 Martinus
1070 2803 1166 2886 judex
1190 2803 1310 2885 judicio
1335 2823 1401 2864 non

155 2925 321 2990 contentus,
349 2911 450 2993 ipsam
475 2929 602 2972 causam
627 2909 801 2992 appellavit
824 2909 864 2972 ad
888 2909 1031 2971 seniores
1054 2909 1185 2992 judices.

149 3057 151 3060 -
248 3017 325 3079 ltem
343 3017 437 3099 jurati
450 3016 716 3098 adjudicaverunt
734 3035 862 3077 causam
881 3015 963 3077 inter
981 3015 1194 3077 Laurentium
1212 3015 1403 3096 Huogarum

155 3135 181 3182 et
202 3123 367 3185 Nicolaum
393 3142 548 3205 generum
567 3121 805 3204 Ferencheych,
831 3122 918 3204 quod
935 3122 1003 3204 ipse
1021 3120 1236 3201 juramentum
1253 3121 1406 3202 prestabit

157 3226 224 3291 leria
246 3246 331 3293 sexta
356 3231 501 3312 proxime
532 3241 666 3290 ventura
697 3248 866 3311 supereo,
891 3229 978 3309 quod
1011 3229 1077 3310 ipse
1109 3227 1246 3289 condam
1271 3227 1405 3288 domino

157 3332 287 3418 Georgio
311 3337 488 3418 presbitero
512 3335 586 3418 plus
609 3355 674 3396 non
699 3335 860 3415 obligatur
884 3335 944 3396 nisi
970 3335 1042 3396 illos
1066 3348 1205 3416 quatuor
1228 3333 1296 3396 flor.

251 3443 326 3503 Item
352 3462 479 3504 causam
505 3442 588 3503 inter
613 3441 847 3522 Margaretharn
879 3439 1021 3522 puellam
1046 3455 1076 3502 et
1100 3441 1230 3502 Petrum
1257 3439 1403 3502 Kathana

158 3547 278 3627 dictum,
302 3548 395 3630 jurati
412 3547 675 3630 adjudicaverant
700 3548 803 3608 eidem
818 3547 925 3628 puelle
942 3546 1157 3628 juramentum
1182 3547 1343 3628 deponere
1367 3566 1404 3607 ex

156 3671 199 3731 eo,
222 3655 305 3734 quod
330 3655 397 3737 ipsa
421 3667 493 3736 post
517 3666 653 3715 mortem
679 3653 787 3714 uxoris
810 3673 865 3714 sue
890 3654 979 3715 nulla
1004 3655 1087 3716 bona
1111 3653 1303 3731 abstulisset,
1320 3654 1402 3714 sola·

155 3771 213 3820 met
235 3759 379 3840 debebat,
405 3759 461 3821 sed
486 3757 625 3842 prefatus
651 3759 761 3820 Petrus
786 3759 825 3820 de
849 3759 1035 3821 huiusmodi
1067 3759 1188 3840 judicio
1212 3759 1302 3842 (non)
1327 3779 1401 3821 con-

155 3877 261 3944 tentus,
283 3867 322 3927 ad
346 3867 488 3927 seniores
512 3866 613 3947 ipsam
646 3885 774 3927 causam
799 3880 1012 3946 provocasset,
1046 3880 1077 3928 et
1103 3866 1162 3948 ipsi
1188 3866 1329 3928 seniores
1354 3866 1401 3946 ju-

155 3968 233 4032 dices
257 3974 382 4035 easdem
406 3987 511 4055 partes
536 3973 691 4034 miserunt
715 3973 754 4034 ad
790 3973 995 4034 concordiam
1028 3987 1058 4034 et
1083 3975 1150 4056 ipse
1173 3987 1246 4034 sunt
1271 3994 1402 4035 concor-

154 4075 230 4156 date,
255 4080 326 4160 quia
353 4080 420 4161 ipse
447 4079 582 4140 eandem
606 4079 749 4161 puellam
774 4079 860 4140 misit
884 4079 1036 4161 quietam.

251 4319 393 4392 sabbato
422 4328 499 4392 ante
529 4320 651 4391 festum
681 4318 946 4398 Purificacionis.
975 4340 1060 4391 anno
1089 4319 1141 4394 LX
1170 4323 1287 4408 primo.

648 4477 709 4551 (31.
725 4473 893 4550 januarii).

254 4610 327 4674 ltern
359 4633 488 4675 causam
520 4615 602 4676 inter
634 4615 808 4676 Martinum
840 4615 1000 4676 seniorem
1031 4613 1171 4694 judicem
1204 4629 1234 4675 et
1262 4615 1403 4677 relictam

155 4715 247 4778 Blasii
273 4716 393 4798 judicis,
418 4741 514 4802 quam
540 4721 607 4803 ipse
632 4721 789 4784 Martinus
812 4721 906 4798 judex
930 4720 1106 4803 appellavit
1129 4721 1168 4781 ad
1193 4721 1334 4782 seniores
1357 4721 1403 4800 ju-

153 4821 246 4900 dices,
273 4827 403 4887 eandem
428 4847 555 4888 causam
588 4828 730 4889 seniores
761 4827 883 4908 judices
907 4840 1161 4908 prorogaverunt
1191 4827 1231 4887 ad
1264 4827 1403 4908 primurn

156 4927 304 5004 judicium
335 4932 372 4993 ad
406 4933 612 4994 concordiam
638 4935 733 5015 pacis,
765 4934 790 4994 si
823 4947 956 5015 possunt
988 4932 1194 5010 concordare,
1224 4933 1271 4993 sin
1297 4946 1403 4993 autern

155 5053 226 5115 non,
251 5049 362 5102 extunc
386 5038 441 5103 fiet
463 5039 619 5124 judicium
643 5040 729 5126 juxta
758 5041 1023 5104 consvetudinem
1048 5040 1192 5102 civitatis.
