3838 5786
633 503 720 560 Anno
745 511 834 579 1470.
861 536 902 544 -
926 515 976 577 19.
993 501 1145 579 januarii.

280 715 457 797 Dyonisius
473 731 575 778 certos
592 716 710 798 probos
735 727 851 776 cotunc
869 714 954 774 viros
971 713 1003 774 in
1019 713 1138 794 judicio
1157 714 1359 794 produxerat,
1384 713 1438 794 qui
1465 713 1546 774 inter

281 821 408 882 easdem
435 838 539 904 partes
563 843 657 905 super
681 822 832 882 omnibus
857 820 947 882 factis
979 835 1009 882 et
1041 821 1189 902 dampnis
1214 821 1294 882 inter
1319 823 1404 903 ipsos
1429 821 1545 883 habitis

281 929 538 1007 concordassent,
551 943 646 1010 prout
662 929 723 989 hoc
738 929 769 989 in
783 928 966 1010 supradicto
976 927 1127 989 catherno
1141 943 1285 1010 tempore
1298 927 1456 1008 judicatus
1469 947 1545 989 con·

280 1035 355 1096 dam
373 1035 501 1097 Andree
520 1035 714 1118 Symwnych
730 1034 770 1095 de
788 1035 1015 1095 annoDomini
1027 1034 1179 1096 MCCCC
1197 1034 1395 1114 sexagesimo
1420 1049 1545 1112 octavo,

281 1139 359 1202 feria
385 1156 470 1203 sexta
495 1141 641 1224 proxima
658 1155 730 1202 ante
749 1139 863 1202 festum
887 1141 977 1202 beate
996 1141 1096 1202 Elene
1125 1141 1233 1221 regine
1253 1141 1284 1200 in
1301 1141 1425 1222 scriptis
1442 1141 1542 1202 conti-

282 1262 394 1324 netur;
419 1262 450 1310 et
474 1249 550 1329 quia
567 1247 653 1309 idem
679 1246 867 1308 Thomasko
893 1259 1002 1308 contra
1021 1247 1159 1308 eundem
1182 1247 1374 1329 Dyonisium
1392 1261 1544 1308 sartorem

280 1354 313 1414 in
338 1353 458 1434 judicio
484 1355 695 1436 proponebat,
720 1353 795 1434 quia
821 1354 888 1434 ipse
913 1367 985 1434 post
1012 1354 1153 1414 habitam
1180 1354 1281 1434 ipsam
1306 1355 1443 1435 primam
1468 1374 1546 1414 con·

281 1460 424 1522 cordiam
449 1481 482 1522 se
507 1460 613 1522 eidem
637 1459 826 1521 Thomasko
859 1459 964 1521 taliter
987 1461 1171 1540 obligasset,
1204 1459 1341 1541 quodsi
1368 1461 1434 1543 ipse
1460 1461 1545 1542 Dyo·

282 1568 382 1628 nisius
407 1580 519 1649 etpost
543 1567 649 1628 eidem
683 1566 815 1648 aliquod
848 1567 1025 1648 dampnum
1058 1567 1269 1648 obprobriose
1297 1563 1425 1645 faceret,
1457 1567 1544 1648 quod

282 1693 341 1734 nec
367 1674 471 1756 ipsum
495 1674 636 1756 primum
662 1672 779 1734 lactum
806 1693 871 1734 non
905 1687 986 1734 esset
1010 1673 1116 1734 eidem
1140 1693 1280 1754 parsum,
1307 1687 1336 1734 et
1360 1673 1434 1754 quia
1460 1674 1544 1734 idem

283 1780 472 1842 Thomaslto
497 1781 623 1842 nullum
642 1780 773 1842 evidens
797 1780 1018 1841 testimonium
1040 1800 1190 1862 supereo
1215 1799 1323 1841 coram
1348 1781 1441 1841 nobis
1458 1799 1546 1841 com·

282 1888 418 1968 probare
451 1907 515 1948 non
549 1887 664 1968 potuit,
697 1887 770 1947 ideo
803 1907 861 1947 nos
893 1886 972 1947 illud
1006 1887 1219 1967 juramentum
1253 1887 1359 1948 eidem
1386 1887 1543 1968 Dyonisio

283 1995 395 2056 sartori
428 1993 627 2076 perjuratus
659 1992 876 2071 adjudicatum
909 1993 1153 2070 confirmamus3
1190 1993 1228 2054 de
1261 1995 1460 2075 quoquidem
1496 1993 1541 2072 ju·

283 2101 370 2162 dicio
396 2115 504 2162 nostru
529 2101 595 2181 ipse
621 2099 808 2161 Thomasko
834 2119 898 2160 non
917 2113 1086 2161 contentus
1110 2100 1245 2161 eandem
1264 2120 1391 2162 causam
1417 2100 1448 2160 in
1474 2119 1543 2182 pre·

281 2208 421 2268 senciant
455 2207 597 2286 magistri
637 2207 883 2268 tawarnicorum
924 2207 1081 2286 regalium
1121 2206 1337 2288 (appellavit),
1374 2207 1545 2267 terminum

283 2328 431 2374 octavum
450 2313 535 2374 diem
558 2310 627 2373 lesti
646 2311 901 2394 Epiphaniarum
919 2333 1025 2373 coram
1044 2313 1158 2374 eodem
1176 2313 1384 2394 comparendi
1401 2313 1546 2394 proxime

281 2434 452 2480 venturum
479 2419 628 2478 duximus
652 2420 809 2479 ambabus
833 2419 976 2499 partibus
1001 2418 1234 2500 prefigendum.

389 2543 466 2604 ltem
492 2543 523 2603 in
557 2562 650 2603 causa
683 2543 764 2602 inter
798 2561 928 2602 uxorem
962 2542 1150 2604 Thomasko
1183 2557 1214 2605 et
1246 2545 1327 2604 inter
1356 2542 1546 2604 Michaelem

282 2649 454 2733 pellificem
480 2669 626 2731 parvum,
652 2669 707 2730 per
732 2648 852 2730 juratos
876 2651 1004 2710 racione
1029 2649 1278 2730 vituperationis
1304 2664 1334 2709 et
1358 2648 1547 2708 dehonesta-

283 2758 385 2820 cionis
407 2757 515 2817 uxoris
539 2775 594 2815 sue
619 2755 725 2834 judice
750 2776 808 2838 pro
832 2755 985 2816 tribunali
1011 2755 1153 2832 sedente,
1180 2775 1237 2816 nos
1262 2755 1403 2816 seniores
1427 2754 1548 2834 judices

282 2863 562 2938 confirmavimus;
588 2876 618 2924 et
651 2863 726 2943 quia
759 2862 844 2922 idem
877 2861 1015 2923 Michael
1049 2861 1185 2922 eandem
1218 2881 1346 2921 causam
1373 2859 1547 2942 appellavit

283 2975 314 3034 in
340 2971 539 3054 presenciam
564 2969 706 3050 magistri
724 2969 993 3030 thawarnicorum
1023 2970 1190 3050 regalium,
1215 2969 1372 3051 prefatum
1397 2983 1546 3030 octavum

283 3081 369 3141 diem
394 3091 467 3160 post
491 3075 606 3137 festum
640 3075 866 3138 Penthecostes
898 3077 1106 3158 comparendi
1140 3077 1289 3138 duximus
1313 3075 1546 3157 prefigendum.

389 3202 465 3262 ltem
491 3201 523 3260 in
555 3219 649 3260 causa
686 3200 767 3262 inter
798 3200 1000 3262 Anthonium
1032 3216 1173 3263 sutorem
1204 3219 1358 3281 generum
1392 3199 1546 3259 Anthonii

284 3308 437 3370 institoris
473 3319 503 3368 et
528 3307 608 3367 inter
641 3307 811 3366 Nicolaum
841 3307 1058 3389 Wrecbarych
1085 3309 1211 3369 racione
1244 3303 1474 3388 perforacionis
1498 3325 1546 3366 ce-

284 3416 365 3494 larii,
390 3413 588 3496 perjuratus
612 3412 827 3492 adjudicatam
857 3428 887 3475 et
919 3415 958 3474 ad
984 3434 1043 3475 nos
1075 3415 1216 3475 seniores
1248 3413 1369 3492 judiees
1394 3433 1450 3494 per
1474 3433 1545 3494 pre-

286 3519 387 3582 latum
413 3519 583 3581 Nicolaum
618 3519 825 3600 appellatam,
861 3541 920 3582 nos
943 3521 1085 3582 seniores
1108 3521 1228 3602 judices
1264 3518 1491 3580 confirmamus
1515 3533 1548 3580 et

285 3628 510 3709 approbamus.

391 3752 468 3813 ltem
501 3771 628 3812 causam
662 3752 743 3812 inter
776 3752 958 3813 Emericum
993 3749 1215 3834 Sydowchych
1245 3765 1274 3810 et
1301 3751 1381 3810 inter
1417 3748 1546 3810 Gerdak

283 3871 424 3920 sutorem
451 3859 578 3919 racione
604 3859 800 3939 recepcionis
825 3859 865 3920 de
883 3859 976 3919 vinea
1000 3859 1100 3940 ipsius
1118 3857 1253 3918 Emerici
1281 3857 1404 3916 vituum
1423 3856 1546 3937 planta-

283 3979 402 4044 torum,
427 3985 483 4047 per
507 3965 628 4046 juratos
644 3965 871 4046 adjudicatam,
897 3986 955 4027 nos
979 3966 1122 4027 seniores
1146 3963 1267 4046 judices
1292 3965 1393 4045 ipsam
1419 3983 1546 4025 causam

283 4071 520 4134 confirmamus.

312 4309 407 4383 Feria
437 4320 560 4400 quarta
590 4314 743 4399 proxima
778 4319 855 4382 ante
893 4312 1015 4382 festum
1045 4311 1277 4383 conversionis
1307 4311 1395 4382 beati
1425 4271 1535 4382 Pauli·

593 4434 747 4523 apostoli,
777 4455 862 4507 anno
891 4445 953 4508 etc.
982 4439 1236 4524 septuagesimo.

788 4607 854 4686 (24.
872 4605 1042 4686 januaria).

393 4767 470 4828 ltem
496 4786 624 4828 causam
642 4767 723 4827 inter
745 4765 936 4849 Dyonisium
955 4781 1119 4846 sartorem,
1144 4767 1331 4844 Achacium,
1350 4765 1548 4848 Stephanum

285 4872 444 4955 plathnar,
470 4873 612 4934 Marcum
647 4872 852 4955 Gurakoych,
886 4872 1080 4954 Gregorium
1106 4887 1246 4934 sutorem
1280 4886 1310 4934 et
1335 4871 1465 4934 Gallum
1498 4893 1549 4933 su·

285 4993 399 5059 torem,
426 4993 459 5040 ut
483 4993 617 5060 actores,
650 4993 680 5044 et
713 4981 795 5042 inter
819 4980 954 5040 condam
993 4980 1155 5040 Andream
1191 4978 1384 5062 Symwnych
1410 4979 1547 5060 judicem
