3694 5782
616 573 702 630 Anno
724 567 818 650 1464.
844 605 884 614 -
910 567 941 631 8.
958 573 1051 648 jrrnii.
1403 588 1463 653 ²53

305 784 382 845 Item
414 784 516 864 prima
550 784 617 844 vice
643 798 689 844 est
722 783 955 866 proclamatum
988 803 1047 866 pro
1064 797 1160 865 parte
1193 784 1302 846 relicte
1326 784 1464 846 condam

204 889 419 952 Bartholomei
446 890 619 972 Paukoych
644 890 719 950 dicti
745 903 776 951 et
804 909 936 951 suorum
954 910 1174 953 successorum
1200 893 1327 952 racione
1353 891 1464 972 deper-

202 998 336 1058 dicionis
360 996 478 1076 jurium
504 1011 534 1058 et
558 997 723 1058 literarum
747 1016 843 1078 super
871 996 1064 1077 quibusdam
1084 998 1195 1074 vineis,
1221 1017 1283 1078 que
1308 997 1380 1058 date
1398 996 1450 1058 lue

202 1117 272 1164 runt
296 1104 336 1164 ad
362 1103 618 1165 conservandum
644 1103 876 1184 circumspecto
893 1103 962 1163 viro
988 1103 1125 1164 iohanni
1153 1103 1327 1186 Perowych
1345 1117 1375 1164 et
1391 1118 1465 1166 sunt

202 1210 368 1272 casualiter
399 1210 526 1286 amisse,
551 1223 582 1271 et
613 1210 637 1270 si
672 1210 744 1292 quis
776 1209 896 1271 eisdem
930 1210 1029 1271 literis
1060 1211 1275 1272 contradictor
1309 1224 1364 1289 est,
1388 1225 1464 1274 tune

201 1331 382 1398 compareat
407 1317 438 1377 in
464 1315 595 1396 judicio,
628 1317 773 1398 alioquin
806 1316 955 1378 dabimus
987 1317 1093 1377 eidem
1123 1318 1230 1378 literas
1254 1331 1463 1399 opportunas.

305 1425 382 1486 ltem
408 1424 500 1486 datus
525 1439 571 1484 est
603 1425 758 1485 terminus
790 1423 1069 1504 quintusdecimus
1101 1423 1169 1484 dies
1201 1423 1310 1486 relicte
1336 1425 1463 1508 Radlyn

199 1532 327 1591 sartoris
353 1545 464 1592 contra
478 1531 657 1600 Martinum
683 1529 834 1610 judicem,
852 1544 886 1590 ut
911 1529 977 1611 ipsa
995 1530 1172 1612 producere
1189 1545 1334 1592 teneatur
1358 1531 1464 1593 literas

200 1651 228 1697 et
252 1636 320 1717 jura
345 1657 439 1720 super
463 1637 603 1718 quadam
631 1637 730 1697 domo
757 1649 879 1697 murata
898 1636 983 1713 juxta
1008 1649 1156 1698 contenta
1181 1635 1345 1698 literarum
1370 1638 1463 1718 regis.

304 1743 380 1805 ltem
407 1744 481 1824 quia
506 1743 658 1804 dominus
684 1743 845 1804 Barnabas
874 1744 1038 1826 presbiter,
1072 1742 1213 1804 concivis
1238 1757 1355 1822 noster,
1378 1743 1461 1824 jura·

200 1864 341 1911 mentum
368 1851 456 1930 quod
482 1864 591 1912 contra
617 1847 771 1910 Mathiam
798 1849 976 1930 Spylwsich
1009 1849 1086 1910 feria
1111 1863 1196 1910 sexta
1223 1849 1367 1932 proxima
1393 1863 1464 1932 post

199 1973 325 2018 octavas
350 1957 469 2018 Pasche
487 1955 611 2018 domini
636 1955 799 2037 deponere
817 1955 964 2034 debebat,
989 1975 1053 2016 non
1079 1955 1228 2037 deposuit
1252 1970 1286 2016 ut
1315 1954 1462 2035 debebat,

201 2065 273 2125 ideo
297 2064 464 2125 convietus
480 2078 527 2124 est
544 2076 652 2124 contra
672 2062 810 2124 eundem
829 2077 860 2123 et
877 2063 1016 2124 lucratus
1032 2064 1100 2142 (sic)
1126 2081 1253 2124 eausam
1272 2081 1369 2144 quam
1387 2082 1459 2144 pro·

198 2171 403 2251 sequebatur.

304 2276 381 2338 ltem
418 2275 607 2336 Dominicus
639 2289 750 2336 eontra
784 2273 936 2336 Mathiam
973 2275 1171 2356 Tergowecz
1204 2275 1316 2337 citatus
1350 2297 1461 2338 secun-

199 2382 298 2461 dario,
324 2382 513 2464 comparuit,
539 2395 569 2442 et
597 2381 690 2442 datus
714 2381 742 2443 ei
776 2382 931 2442 terminus
956 2381 1058 2462 prima
1090 2381 1158 2443 dies
1182 2380 1292 2462 judicii
1329 2402 1459 2465 respon·

198 2489 296 2550 dendi
321 2503 430 2550 contra
456 2487 596 2550 eundem
622 2487 776 2549 Mathiam
801 2488 930 2548 racione
959 2487 1205 2550 verberacionis.

303 2596 381 2657 ltem
407 2614 533 2656 causam
559 2595 641 2655 inter
658 2607 839 2656 consortem
860 2594 1037 2655 Laczkonis
1052 2594 1162 2674 generi
1179 2593 1347 2656 Laurencii
1374 2595 1460 2655 insti-

197 2702 274 2762 toris
298 2717 329 2763 et
354 2703 436 2762 inter
460 2701 624 2762 Thomam
649 2699 783 2763 Cheden
811 2699 903 2774 jurati
923 2715 1135 2781 prorogarunt
1161 2719 1262 2782 usque
1286 2701 1460 2762 adventum

198 2808 340 2869 eiusdem
367 2808 555 2886 Laczkonis,
580 2822 610 2868 et
635 2806 723 2888 quod
749 2807 815 2889 ipsa
841 2826 972 2868 consors
990 2807 1133 2868 eiusdem
1161 2807 1338 2868 Laczkonis
1363 2807 1460 2868 nichil

197 2914 291 2975 debet
316 2915 450 2976 reddere
474 2915 513 2974 de
539 2913 795 2996 possessionibus
828 2927 858 2974 et
883 2931 980 2994 quam
1014 2913 1118 2995 primo
1144 2927 1328 2975 contentare
1353 2914 1460 2975 colen-

197 3021 308 3081 dinum
334 3020 621 3097 confraternitatis3
646 3021 684 3080 de
710 3041 775 3101 quo
800 3020 920 3100 judicio
938 3021 1006 3102 ipse
1032 3019 1177 3080 Thomas
1202 3039 1265 3080 non
1292 3034 1461 3082 contentus

197 3127 237 3189 ad
260 3129 403 3189 seniores
428 3127 603 3209 appellavit
627 3127 758 3208 judices.

303 3235 379 3295 ltem
406 3253 532 3294 causam
560 3233 640 3293 inter
665 3231 815 3292 ancillam
849 3231 956 3292 relicte
982 3231 1193 3292 Chwthkonis
1225 3247 1255 3293 et
1280 3233 1380 3314 ipsam
1413 3253 1459 3295 re·

198 3342 303 3403 lictam
329 3342 428 3422 ipsius
461 3339 674 3401 Chwthlronis
707 3340 833 3399 racione
866 3337 1102 3419 deperditionis
1135 3339 1271 3399 duorum
1298 3339 1367 3400 flor.
1392 3341 1459 3400 auri

198 3450 229 3509 in
255 3449 353 3510 domo
379 3447 522 3509 eiusdem
542 3446 684 3522 domine,
709 3445 774 3526 ipsa
801 3445 932 3505 domina
950 3445 1057 3504 relicta
1084 3443 1160 3504 feria
1179 3443 1288 3524 (sexta)
1316 3445 1459 3526 proxime

197 3571 329 3617 ventura
355 3557 387 3616 in
413 3575 465 3616 ara
490 3569 597 3615 sancte
622 3553 735 3614 Crucis
769 3553 872 3634 jurare
902 3551 1072 3629 tenebitur,
1105 3552 1193 3632 quod
1218 3572 1253 3611 ex
1280 3552 1378 3633 ipsius
1403 3553 1459 3613 do-

197 3663 282 3723 mine
307 3683 378 3724 case
405 3661 463 3742 ipsi
489 3661 554 3721 duo
578 3659 691 3720 floreni
716 3673 790 3720 sunt
816 3658 984 3741 deperditi,
1010 3677 1067 3718 nec
1093 3658 1158 3738 ipsa
1184 3677 1242 3739 pro
1268 3657 1388 3718 eisdem
1414 3659 1458 3718 nil

195 3769 247 3830 vel
272 3770 436 3830 modicum
466 3767 569 3828 sciret.

315 4004 409 4078 Feria
440 4013 536 4077 sexta
566 4003 719 4094 proxima
748 4013 825 4075 ante
854 4003 978 4075 festum
1007 4003 1158 4074 Barnabe
1188 4001 1343 4092 aposloli.

741 4155 785 4234 (8.
802 4160 909 4234 sanir).

300 4301 362 4363 Hie
387 4315 434 4362 est
457 4301 648 4362 secundario
665 4313 696 4362 et
719 4299 867 4362 terciario
885 4299 1118 4380 proclamatum
1142 4317 1237 4380 super
1261 4299 1360 4358 literis
1377 4317 1452 4358 con·

193 4407 266 4469 dam
286 4406 503 4470 Bartholomei
524 4407 703 4489 Pawlroych
722 4407 944 4467 inhabitatoris
960 4405 1108 4467 territorii
1129 4405 1211 4466 dicte
1226 4405 1362 4466 civitatis
1380 4425 1455 4486 erga

193 4515 461 4596 circumspectum
507 4514 610 4574 virum
642 4513 822 4574 iohannem
857 4512 1031 4595 Perowych
1063 4512 1222 4573 seniorem
1256 4511 1395 4590 judicem
1428 4527 1459 4574 et

193 4622 358 4682 concivem
385 4634 530 4682 nostrum
555 4620 767 4702 inpignoratis
791 4633 822 4680 et
855 4621 886 4680 in
913 4619 1091 4681 custodiam
1119 4619 1240 4696 locaris,
1266 4639 1328 4700 que
1354 4617 1458 4679 forent

193 4729 358 4809 deperdito
384 4743 415 4790 et
439 4727 553 4789 nullibi
587 4727 718 4808 reperiri
745 4741 895 4808 poterunt
927 4727 966 4787 ad
999 4727 1115 4787 trinam
1149 4724 1308 4786 forensem
1335 4725 1457 4806 procla-

193 4838 375 4897 macionem
400 4856 457 4917 per
478 4855 632 4918 precones
656 4849 781 4896 nostros
799 4853 987 4895 communes
1004 4833 1118 4894 nullibi
1132 4831 1271 4917 ¹reperiri
1297 4845 1457 4914 poterunt,

193 4942 266 5002 ideo
300 4943 409 5004 relicte
443 4955 474 5002 et
508 4942 745 5002 successoribus
778 4941 921 5001 eiusdem
955 4940 1115 5001 dabuntur
1149 4939 1237 5000 litere
1264 4959 1356 5016 nove,
1382 4939 1455 5019 quia

192 5049 313 5110 eisdem
339 5049 448 5109 nullus
473 5049 688 5110 contradictor
720 5048 877 5128 apparuit.
