3738 5786
640 565 837 642 Ann01455.
863 596 902 608 -
929 581 976 642 13.
992 568 1086 642 junii.

1445 590 1484 684 ⁹}

218 667 255 674 ’—
1202 675 1455 683 ——m

321 772 402 834 Item
435 773 545 836 Petrus
576 775 702 857 Ztoylro
727 789 836 838 contra
869 795 1001 838 uxorem
1034 778 1210 840 Ztanlronis
1238 777 1317 840 labri
1343 781 1485 843 secundo

214 879 329 940 citatus
354 899 422 941 non
447 881 637 960 comparuit.

320 985 401 1048 ltem
428 985 604 1067 Gregorius
624 988 769 1050 Percerta
794 1003 904 1051 contra
922 991 1098 1052 Matrinum
1122 1011 1233 1075 sporar
1249 993 1353 1074 primo
1371 993 1485 1056 citatus

214 1111 278 1153 non
303 1094 500 1174 comparuit.

321 1198 402 1261 Item
427 1219 554 1262 causam
580 1201 661 1262 inter
686 1201 814 1263 Petrum
842 1203 972 1284 Dragyn
997 1204 1037 1264 ab
1062 1223 1125 1264 una
1150 1217 1180 1265 et
1205 1219 1293 1286 parte
1318 1205 1358 1266 ab
1383 1205 1482 1268 altera

215 1305 296 1366 inter
322 1306 525 1369 Anthonium
559 1308 691 1370 Plezecz
725 1328 834 1370 coram
866 1308 977 1388 juratis
1002 1324 1122 1371 motam
1149 1311 1180 1373 in
1213 1309 1297 1373 lacto
1323 1313 1482 1374 bonorum

213 1413 388 1474 mobilium
414 1427 446 1475 et
470 1414 677 1476 inmobilium
695 1415 833 1478 condam
852 1415 1028 1479 Katherine
1045 1415 1108 1478 filie
1133 1418 1221 1501 olym
1240 1417 1360 1500 prefate
1378 1419 1482 1500 Drage

213 1518 360 1580 mulieris
382 1519 472 1602 olym
498 1521 654 1582 consortis
686 1521 843 1603 legittime
877 1523 1014 1584 condam
1050 1523 1136 1586 Luce
1161 1523 1264 1585 fratris
1287 1525 1385 1606 ipsius
1417 1529 1482 1586 An·

213 1625 317 1687 thonii
343 1626 476 1688 Plezecz
501 1628 637 1698 carnalis
661 1642 692 1689 et
723 1628 853 1690 tandem
886 1629 995 1691 uxoris
1017 1629 1174 1711 legittime
1208 1631 1306 1712 ipsius
1332 1632 1429 1711 Petri,
1452 1647 1482 1692 et

212 1731 356 1794 infacto
381 1735 576 1815 potenciarie
601 1735 779 1796 ablationis
800 1734 921 1816 prelato
946 1734 1009 1798 filie
1028 1737 1127 1818 ipsius
1153 1737 1258 1819 Drage
1283 1737 1428 1800 mulieris
1451 1753 1482 1802 et

211 1839 288 1901 dicti
315 1840 413 1918 Luce,
439 1841 520 1902 inter
545 1840 628 1923 ipsas
653 1855 758 1922 partes
781 1840 891 1903 habito
925 1855 956 1903 et
979 1855 1121 1904 vertente
1146 1843 1190 1904 sic
1215 1841 1482 1923 adjudicaverunt

211 1945 346 2026 predicti
373 1946 479 2027 jurati,
504 1960 538 2008 ut
561 1946 637 2028 quia
662 1947 729 2028 ipsa
755 1945 819 2008 lilia
852 1948 1012 2009 dictorum
1037 1948 1143 2029 Drage
1167 1948 1312 2010 mulieris
1337 1964 1369 2012 et
1395 1950 1480 2012 Luce

212 2053 359 2114 intestata
384 2054 467 2115 circa
492 2053 597 2135 ipsum
614 2053 816 2115 Anthonium
842 2054 974 2116 Plezecz
999 2055 1038 2116 ab
1056 2054 1114 2115 hac
1138 2055 1209 2116 luce
1234 2055 1380 2135 decessit,
1406 2057 1479 2118 ideo

210 2159 278 2240 ipsa
304 2161 390 2221 bona
415 2161 525 2222 omnia
549 2161 683 2222 mobilia
710 2176 741 2222 et
764 2161 933 2222 inmobilia
958 2161 1041 2223 dicte
1066 2159 1130 2222 filie
1156 2163 1255 2244 ipsius
1280 2162 1385 2244 Drage
1410 2183 1465 2225 mu

209 2265 297 2327 lieris
322 2280 354 2328 et
378 2266 455 2329 dicti
481 2268 566 2329 Luce
591 2287 687 2349 super
710 2265 840 2329 fratrem
865 2279 896 2328 et
924 2285 1068 2329 sororem
1093 2267 1238 2329 eiusdem
1263 2267 1327 2330 filie
1352 2287 1479 2332 eorum·

209 2371 284 2434 dem
309 2372 415 2454 Drage
441 2373 584 2434 mulieris
616 2387 647 2435 et
673 2374 758 2434 Luce
783 2374 841 2434 rite
873 2387 902 2433 et
934 2373 1090 2454 legittime
1123 2373 1357 2436 descenderunt
1381 2395 1479 2456 penes

208 2493 361 2540 contenta
393 2480 553 2562 privilegii
587 2479 685 2541 nostri
718 2479 919 2556 communis;
951 2499 1009 2562 pro
1042 2499 1080 2542 eo
1113 2493 1219 2541 autem
1252 2481 1341 2562 quod
1375 2481 1476 2563 ipsam

208 2583 308 2647 filiam
335 2586 494 2648 dictorum
521 2586 624 2668 Drage
650 2585 794 2648 mulieris
826 2599 857 2649 et
882 2587 979 2664 Luce,
1004 2585 1184 2668 privignam
1209 2599 1318 2649 autem
1343 2587 1477 2669 predicti

207 2691 304 2770 Petri,
333 2692 374 2752 de
400 2693 499 2754 domo
532 2692 676 2754 eiusdem
705 2692 788 2753 Petri
821 2692 1044 2774 potencialiter
1076 2693 1205 2774 recepit,
1229 2708 1325 2775 prout
1347 2693 1478 2754 domina

207 2817 288 2860 uxor
313 2799 444 2860 Martini
468 2799 593 2880 judicis,
619 2799 774 2880 adquam
799 2799 914 2880 seipse
932 2811 1036 2881 partes
1060 2817 1118 2880 pro
1135 2799 1321 2860 testimonio
1345 2813 1376 2862 et
1400 2813 1477 2862 atte-

207 2906 351 2968 stacione
375 2905 563 2968 dimiserant
591 2905 652 2967 luit
676 2919 821 2967 attestata
846 2925 954 2967 coram
972 2904 1082 2986 juratis
1101 2905 1215 2967 nostris
1240 2925 1295 2988 per
1320 2927 1378 2967 nos
1395 2907 1476 2968 circa

208 3013 311 3093 ipsam
345 3012 518 3094 superinde
550 3011 752 3089 transmissis,
788 3011 862 3074 ideo
895 3011 1046 3072 remansit
1081 3011 1112 3072 in
1146 3012 1284 3093 birsagio
1317 3013 1476 3094 potencie,

208 3120 300 3181 cuius
325 3119 390 3181 due
414 3131 519 3202 partes
553 3119 612 3201 ipsi
637 3118 732 3179 Petro
764 3133 794 3178 et
819 3117 914 3179 tercia
947 3137 1019 3200 pars
1043 3117 1141 3198 judici
1174 3131 1204 3180 et
1227 3118 1339 3198 juratis
1363 3139 1476 3201 prove·

206 3227 276 3288 nire
300 3226 409 3288 debet.

313 3333 393 3394 ltem
417 3330 511 3414 jurati
529 3330 794 3412 adjudicaverunt
818 3350 946 3392 causam
965 3330 1046 3391 inter
1064 3328 1227 3411 Mathyam
1253 3330 1474 3394 balneatorem

206 3455 237 3502 er
263 3441 346 3502 inter
371 3438 565 3521 Gregorium
601 3438 745 3500 Percerta
778 3457 884 3499 coram
917 3437 1028 3518 juratis
1060 3450 1192 3515 motam,
1217 3437 1272 3498 tali
1298 3438 1409 3516 modo,
1442 3453 1476 3500 ut

207 3548 274 3630 ipse
299 3545 478 3628 Gregorius
502 3545 648 3606 Percerta
680 3544 784 3625 jurare
809 3543 969 3605 tenebitur
998 3561 1168 3625 supereo,
1201 3543 1288 3625 quod
1314 3543 1381 3625 ipse
1407 3545 1474 3606 Ma·

205 3653 297 3736 thyas
321 3673 360 3714 ex
385 3671 425 3714 eo
450 3649 525 3713 lecit
547 3651 607 3712 eibi
632 3669 785 3731 magnum
811 3649 988 3732 dampnum
1022 3650 1053 3710 in
1079 3668 1129 3726 οο,
1154 3649 1243 3730 quod
1267 3669 1333 3711 non
1358 3649 1472 3712 hedifi-

206 3761 289 3822 cavit
312 3759 374 3822 sibi
400 3759 553 3820 balneum
577 3757 753 3819 secundum
776 3757 1029 3818 convencionem
1048 3757 1130 3816 inter
1155 3755 1240 3838 ipsos
1264 3755 1417 3834 habitam,
1442 3771 1472 3818 et

205 3887 299 3949 super
331 3865 590 3948 quantiscunque
621 3863 766 3947 pecuniis
800 3863 951 3944 juraverit
982 3862 1070 3945 quod
1102 3861 1163 3923 sibi
1196 3861 1372 3944 dampnum
1411 3883 1471 3944 pro

205 3975 300 4036 tantis
333 3971 469 4050 lecisset,
503 3987 624 4034 tantam
656 3971 826 4054 pecuniam
859 3971 925 4054 ipse
959 3969 1105 4054 Mathyas
1136 3971 1282 4052 predicto
1314 3969 1473 4051 Gregorio

208 4081 353 4143 Percerta
379 4079 562 4162 persolvere
588 4079 729 4141 debebit.

312 4187 392 4249 ltem
418 4184 565 4267 Mathyas
588 4198 676 4246 sutor
701 4185 733 4245 in
761 4185 861 4248 tercio
892 4183 1031 4246 termino
1056 4183 1221 4245 citacionis
1257 4184 1411 4264 quoniam
1438 4198 1472 4246 ut

205 4311 292 4356 actor
326 4307 436 4356 contra
470 4293 598 4354 Petrum
632 4291 778 4354 Kathana
811 4305 846 4354 ut
878 4293 910 4352 in
943 4310 1070 4383 causam
1102 4304 1255 4352 atractum
1280 4289 1377 4351 hodie
1407 4311 1470 4352 non

206 4403 302 4479 venit,
328 4401 404 4462 ideo
429 4400 461 4460 in
487 4399 592 4480 primo
616 4398 736 4479 judicio
762 4398 907 4479 proxime
929 4397 1109 4458 occurrenti
1133 4396 1228 4458 debet
1254 4395 1422 4478 dijudicari
1446 4397 1471 4457 si

205 4508 264 4569 erit
288 4508 320 4568 in
346 4506 487 4586 birsagio
511 4505 562 4568 vel
587 4524 665 4583 non,
688 4504 739 4565 vel
762 4505 788 4564 si
813 4504 919 4566 amisit
943 4522 1070 4565 causam
1099 4503 1147 4564 vel
1172 4522 1247 4566 non.

310 4613 390 4676 ltem
414 4611 566 4673 dominus
591 4611 715 4673 Blasius
739 4611 913 4672 canonicus
933 4610 1036 4672 dictus
1061 4611 1177 4672 Nemes
1204 4609 1300 4670 hodie
1331 4623 1365 4670 ut
1382 4623 1471 4672 actor

205 4720 238 4780 in
262 4719 403 4780 termino
426 4718 487 4779 sibi
511 4737 568 4799 per
592 4717 732 4798 judicem
757 4717 911 4799 deputato
928 4737 992 4780 non
1015 4716 1113 4793 venit,
1138 4735 1196 4777 nec
1220 4714 1344 4794 justicie
1369 4729 1470 4778 astare

204 4840 236 4888 et
259 4845 372 4908 parere
398 4824 501 4886 voluit
524 4837 635 4886 contra
659 4823 859 4885 Anthonium
886 4822 1064 4906 Termsych
1092 4823 1124 4882 in
1150 4841 1276 4882 causam
1303 4836 1469 4899 atractum,

207 4932 281 4994 ideo
306 4933 337 4993 in
364 4931 470 5014 primo
495 4930 615 5012 judicio
639 4930 735 4994 debet
767 4929 941 5010 adjudicari
973 4919 1121 4992 siluerit
1148 4929 1179 4988 in
1205 4929 1344 5010 birsagio
1369 4929 1419 4991 vel
1444 4930 1469 4990 si

205 5040 311 5100 amisit
336 5057 466 5099 causam
491 5037 541 5098 vel
566 5056 643 5098 non.
