3838 5786
395 520 460 600 436
779 519 976 594 Ann01475.
1007 551 1045 560 -
1073 531 1119 594 13.
1136 515 1290 593 januarid

396 731 523 812 plenam
550 731 770 790 auctoritatem
791 728 969 808 exequendi
990 741 1020 788 et
1044 728 1235 809 disponendi
1254 727 1339 807 juxta
1357 727 1556 806 legacionem
1576 727 1660 787 eius·

398 836 469 897 dem
498 835 706 916 Margarethe.

505 943 582 1004 Item
593 942 669 1023 quia
679 941 824 1002 Thomas
834 939 1035 1018 llorxvathin‚
1049 939 1156 1000 senior
1164 938 1260 1020 judex
1271 951 1388 1016 noster,
1401 957 1473 999 cum
1489 936 1659 1000 sufficienti

396 1049 583 1110 testImonio
616 1067 723 1109 coram
756 1047 850 1108 nobis
882 1045 1115 1128 comprobavit,
1147 1045 1235 1126 quod
1264 1044 1339 1105 dum
1374 1045 1489 1107 Milecz
1513 1043 1601 1107 faber
1625 1064 1662 1105 ac

397 1176 478 1217 uxor
502 1175 558 1216 sua
583 1155 616 1215 ln
639 1155 705 1215 suis
729 1153 878 1214 extremis
902 1153 1110 1230 laborassent,
1134 1165 1209 1212 tunc
1227 1151 1286 1232 ipsi
1312 1149 1471 1232 prelatum
1496 1150 1659 1212 Thomam

398 1261 590 1324 Horwathin
615 1280 709 1322 suum
740 1279 850 1321 verum
884 1273 915 1321 et
939 1259 1134 1340 legittimum
1167 1271 1370 1320 executorem
1403 1255 1562 1336 iecissent,
1586 1257 1662 1318 ideo

397 1370 500 1430 eidem
526 1368 656 1429 Thome
682 1366 872 1428 Horwathin
903 1365 1051 1427 omniurn
1084 1384 1202 1443 rerum,
1227 1364 1476 1446 possessionum,
1501 1366 1660 1425 bonorum

397 1475 586 1536 eorumdem
614 1474 738 1556 Mylecz
763 1471 843 1533 fabri
869 1486 900 1534 et
924 1492 979 1532 sue
1008 1471 1115 1532 uxoris
1148 1471 1262 1531 damus
1285 1471 1414 1553 plenam
1439 1471 1660 1532 auctoritatem

398 1580 577 1662 exequendi
604 1593 634 1641 et
657 1578 851 1661 disponendi
877 1577 963 1659 juxta
987 1577 1188 1658 legacionem
1214 1577 1414 1638 eorumdem.

504 1687 582 1748 Item
600 1705 727 1747 causam
747 1686 827 1746 Inter
845 1686 988 1745 Marcum
1007 1682 1199 1761 carnificem,
1217 1696 1431 1760 executorem,
1449 1697 1479 1744 et
1497 1682 1662 1744 Thomam

397 1807 538 1855 sutorem
564 1793 691 1854 racione
716 1792 792 1852 certi
825 1791 924 1852 debiti
957 1789 1094 1851 condam
1123 1788 1301 1850 Clementis
1333 1788 1512 1871 Ireniparis‚
1537 1789 1664 1869 adjudi-

398 1913 503 1961 catum
523 1913 579 1977 est,
604 1899 692 1980 quod
710 1896 850 1980 prefatus
868 1896 1013 1958 Thomas
1033 1916 1128 1977 super
1145 1909 1443 1977 quantumcumque
1467 1896 1664 1978 adprestabit

402 2005 628 2086 juramentum,
653 2018 775 2066 tantum
801 1999 941 2084 prefatus
963 2003 1088 2063 Marcus
1112 2015 1263 2062 executor
1280 2002 1405 2063 solvere
1429 2003 1608 2079 tenebitur;
1633 2015 1664 2062 et

399 2112 552 2194 prestabit
576 2109 791 2192 juramentum
817 2108 894 2170 ferlo
918 2123 1004 2170 sexta
1030 2108 1176 2191 proxime
1200 2120 1343 2170 ventura.

505 2219 581 2279 Item
609 2217 790 2299 Stephanus
808 2216 938 2298 sellipar
961 2229 1087 2276 tenetur
1104 2215 1267 2276 extradere
1288 2215 1397 2275 omnia
1423 2215 1506 2274 bona
1524 2214 1661 2275 condam

400 2325 518 2406 Filippi
543 2323 696 2385 aurifabri
721 2323 760 2384 ad
786 2343 900 2384 manus
923 2321 1046 2402 judicis.

505 2431 582 2492 Item
616 2429 761 2491 Thomas
797 2429 1017 2490 Ztrozlrovvicz
1048 2427 1201 2510 prestabit
1231 2425 1446 2507 juramentum
1480 2427 1664 2488 mettercius

399 2535 475 2600 seria
500 2551 586 2599 sexta
611 2537 756 2618 proxime
780 2549 912 2597 ventura
941 2555 1036 2617 super
1067 2553 1118 2612 e0,
1153 2533 1242 2614 quod
1275 2553 1339 2594 non
1364 2547 1410 2594 est
1434 2533 1604 2615 culpabilis
1629 2533 1661 2592 in

400 2657 502 2706 morte
526 2664 582 2705 sue
607 2643 731 2718 uxoris;
757 2643 834 2704 item
858 2641 951 2724 jurati
968 2653 1223 2724 prorogaverunt
1240 2639 1278 2700 ad
1301 2639 1503 2701 resciendum
1528 2639 1663 2701 ulterius

400 2752 425 2812 si
450 2749 509 2812 luit
533 2750 703 2832 culpabilis
730 2751 782 2812 vel
806 2769 881 2810 non.

402 2915 495 2989 Feria
526 2925 623 2989 sexta
659 2917 809 3006 proxima
848 2924 923 3006 post
952 2916 1074 2987 testum
1112 2913 1201 2986 beati
1231 2915 1326 2986 Pauli
1355 2915 1455 3002 primi
1484 2910 1662 2984 Heremite.

798 3067 863 3149 (13.
880 3071 1032 3146 J'cznuarii,
1055 3088 1125 3130 ann,
1151 3066 1259 3146 1475).

511 3195 587 3255 Item
598 3213 726 3255 causam
737 3194 818 3254 inter
829 3191 1028 3254 Demetrium
1049 3203 1189 3251 sutorem
1202 3203 1232 3250 et
1242 3190 1384 3250 Marcum
1400 3187 1578 3249 carnificem
1592 3208 1666 3270 pro-

404 3301 589 3382 rogavimus
607 3300 760 3381 usquead
777 3313 903 3381 tempus
921 3299 998 3358 dum
1016 3297 1183 3357 sanitatem
1198 3309 1412 3376 consequetur
1428 3294 1513 3354 idem
1530 3295 1665 3357 Marcus.

509 3406 586 3467 Item
611 3406 736 3467 BIasius
762 3405 928 3466 Ztenichlri
953 3403 1059 3464 seni0r
1077 3401 1172 3482 judex
1196 3402 1302 3482 prImo
1329 3401 1442 3462 citatus
1466 3414 1575 3462 contra
1600 3405 1667 3460 An-

403 3513 552 3574 thonium
578 3513 756 3574 Institorem
782 3532 846 3573 non
871 3510 1060 3592 comparuit.

509 3619 586 3680 Item
612 3638 719 3680 coram
743 3618 844 3678 Paulo
869 3617 972 3698 jurato
997 3615 1056 3678 luit
1081 3616 1118 3676 lis
1143 3616 1225 3676 inter
1249 3613 1429 3677 Iohannem
1456 3614 1618 3675 Perowicz
1636 3629 1669 3676 et

403 3724 574 3785 Nicolaum
599 3725 765 3802 scolarem,
791 3737 822 3785 et
845 3722 905 3784 suit
926 3723 1143 3804 adjudIcatum
1162 3735 1301 3804 prestare
1326 3721 1541 3802 juramentum
1561 3721 1667 3782 eidem

404 3831 542 3893 Iohanni
568 3831 729 3891 Perowicz
754 3829 832 3891 feria
856 3843 942 3890 sexta
967 3829 1111 3911 proxIma
1144 3842 1217 3910 post
1240 3841 1370 3890 octavas
1394 3828 1491 3889 Pasce
1517 3827 1668 3903 DominI;

406 3952 436 3999 et
460 3939 526 4020 ipse
552 3937 713 3998 Iohannes
738 3936 952 4016 juramentum
979 3935 1114 4017 prestitit
1138 3935 1292 4016 plenarie.

511 4044 589 4104 Item
614 4063 741 4105 causam
768 4043 850 4104 inter
874 4042 1045 4102 Nicolaum
1071 4040 1195 4102 labrum
1222 4055 1252 4102 et
1282 4041 1481 4121 Konthigaar
1505 4040 1669 4121 adjudica-

406 4163 518 4212 verunt
542 4150 646 4230 jurati,
671 4151 760 4230 quod
792 4149 877 4210 idem
904 4149 1060 4228 Kontigar
1092 4161 1138 4208 est
1162 4147 1327 4208 convictus
1360 4147 1529 4208 indecem
1561 4147 1670 4228 pensis

405 4257 612 4318 denarIorum
637 4256 742 4316 eidem
767 4255 902 4316 NIcolao
935 4253 1037 4332 fabro,
1066 4237 1189 4334 juratis
1207 4273 1282 4314 vero
1308 4255 1338 4314 in
1365 4267 1493 4314 centum
1519 4253 1669 4314 denariis.

511 4363 588 4426 Item
613 4382 706 4423 causa
731 4381 793 4443 que
826 4362 1008 4421 vertebatur
1038 4361 1171 4421 sabbato
1204 4373 1277 4420 ante
1308 4358 1425 4421 festum
1451 4357 1550 4419 Lucie
1587 4359 1671 4419 Inter

406 4469 548 4530 relictam
581 4468 718 4530 condam
751 4467 898 4544 Martini,
935 4465 1098 4527 Dorothee
1131 4479 1289 4544 vocatam,
1321 4478 1352 4527 et
1384 4465 1465 4526 inter
1495 4463 1670 4546 quemdam

408 4576 515 4658 Sydan
542 4575 661 4636 dictum
698 4574 737 4634 de
763 4571 921 4651 KIolroch,
946 4573 1073 4633 caelone
1103 4571 1202 4633 debiti
1226 4572 1357 4652 triginta
1382 4570 1462 4649 flor„
1488 4570 1593 4632 eidem
1613 4571 1672 4631 do-

406 4683 493 4743 mine
518 4681 680 4743 Dorothee
705 4700 761 4762 per
785 4679 904 4760 juratos
927 4679 987 4740 fuit
1015 4677 1233 4759 adjudicatum
1266 4679 1428 4760 deponere
1453 4678 1671 4758 juramentum
1746 4743 1751 4753 ,

407 4788 546 4850 secunda
572 4788 623 4848 die
648 4801 720 4868 post
751 4787 924 4848 adventum
958 4805 1051 4845 suum
1084 4785 1234 4845 videlicet
1266 4785 1409 4845 eiusdem
1436 4784 1556 4866 Sydan,
1581 4785 1672 4864 quod

409 4894 481 4976 (res)
507 4915 571 4955 non
596 4894 726 4955 haberet
750 4895 874 4975 aliquas
899 4890 1011 4973 prelati
1036 4891 1172 4952 condam
1199 4891 1326 4951 Martini
1352 4904 1555 4972 preterquam
1580 4891 1672 4970 quod

408 5005 601 5088 presentavit
625 5021 731 5064 coram
757 5000 867 5083 probis
891 4999 966 5059 vicia
990 5012 1021 5059 et
1045 5017 1151 5059 coram
1178 4997 1293 5058 eodem
1318 4998 1436 5082 Sydan.

932 5125 1144 5144 ——noooou—
