3694 5782
532 449 618 506 Anno
645 446 737 526 1467.
761 483 805 492 -
827 446 880 509 28.
904 450 1072 509 novembris.

171 551 266 558 -—.——
274 553 405 560 -—-—.—
447 555 534 560 --—-
583 555 622 560 —
1170 559 1198 562 —

1320 470 1436 564 .--³2⁵

170 655 245 715 dam
270 655 398 719 vineam
424 659 523 740 ipsius
548 657 680 739 Georgii
709 659 913 742 Jelowchych
940 661 970 721 in
1003 662 1163 722 territorio
1188 662 1271 725 dicte
1296 663 1433 725 civitatis

171 760 313 824 habitam
349 765 542 843 statuissent,
568 785 663 846 quam
690 766 816 827 vineam
851 769 917 847 ipse
952 767 1065 828 Palecz
1099 767 1183 848 juxta
1208 769 1434 832 condicionem

171 869 255 929 dicte
281 869 417 932 civitatis
440 871 655 947 vendidisset;
680 887 710 933 et
735 874 810 953 quia
835 874 900 955 ipse
920 873 1080 954 Georgius
1104 875 1308 958 Jelowchych
1326 877 1434 938 literas

171 974 209 1034 ad
235 976 338 1057 ipsam
363 977 490 1038 vineam
516 991 703 1059 spectantes,
729 995 823 1060 prout
847 981 914 1060 ipse
940 980 1051 1042 Palecz
1082 981 1202 1059 asserit,
1227 995 1299 1062 post
1323 982 1435 1042 vendi-

170 1080 298 1142 cionem
329 1082 429 1163 ipsius
459 1084 552 1144 vinee
584 1083 708 1166 prefato
735 1085 852 1146 Mathie
883 1088 996 1148 sartori
1028 1107 1147 1168 genero
1181 1087 1280 1169 ipsius
1304 1088 1432 1150 Andtee

171 1188 368 1271 Symwnych
401 1189 658 1272 impignorasset,
691 1205 721 1252 et
753 1191 827 1254 ideo
859 1192 952 1273 jurati
978 1190 1061 1256 facto
1088 1194 1118 1254 in
1152 1193 1306 1275 premisso
1329 1193 1435 1256 taliter

170 1294 419 1376 adjudicassent,
444 1296 532 1377 quod
559 1297 624 1378 ipse
658 1297 794 1358 Mathias
826 1313 927 1360 sartor
950 1296 1028 1360 feria
1060 1301 1156 1361 tercia
1181 1300 1326 1382 proxime
1359 1319 1434 1361 ven-

169 1414 239 1462 tura
274 1401 307 1462 in
333 1422 391 1463 ara
424 1417 530 1464 sancte
564 1404 677 1466 Crucis
709 1404 949 1486 (juramentum)
982 1406 1136 1467 solusmet
1166 1419 1305 1488 prestare
1338 1407 1370 1467 in
1396 1426 1434 1468 eo

168 1508 341 1586 tenebitur,
372 1509 461 1589 quod
493 1510 561 1591 ipse
594 1511 725 1571 nescivit
758 1511 862 1592 ipsum
895 1511 1040 1572 debitum
1077 1531 1142 1593 quo
1175 1513 1241 1594 ipse
1275 1511 1435 1594 Georgius

169 1613 277 1674 eidem
312 1614 424 1677 Palecz
458 1615 678 1696 obligabatur;
711 1631 742 1678 et
772 1617 797 1677 si
831 1617 896 1698 ipse
930 1617 1066 1679 Mathias
1097 1617 1224 1698 jurabit,
1255 1633 1333 1680 tunc
1366 1619 1433 1700 ipse

169 1719 285 1781 Palecz
311 1723 472 1804 requirere
498 1723 628 1784 debebit
651 1743 744 1784 suum
770 1723 914 1785 debitum
940 1745 1035 1806 super
1060 1725 1164 1806 ipsum
1190 1723 1377 1806 Georgium,
1404 1739 1435 1786 et

168 1826 194 1886 si
218 1827 285 1908 ipse
311 1827 448 1888 Mathias
472 1827 687 1908 juramentum
712 1849 777 1891 non
795 1830 958 1912 prestabit,
982 1845 1058 1892 tunc
1083 1831 1149 1913 ipse
1175 1831 1286 1892 Palecz
1310 1831 1433 1892 solvere

168 1933 333 1994 tenebitur
357 1934 416 2016 ipsi
442 1934 562 1996 Mathie
579 1949 642 1996 tres
658 1935 727 1998 flor.
753 1950 783 1998 et
807 1938 937 1998 terciam
955 1951 1077 2019 partem
1096 1939 1190 1998 unius
1214 1937 1327 1998 floreni
1345 1937 1432 2018 juxta

167 2041 436 2102 consvetudinem
461 2041 545 2103 dicte
569 2042 717 2122 civitatis,
742 2043 809 2124 ipse
831 2057 938 2105 autem
964 2043 1099 2104 Mathias
1123 2044 1231 2105 literas
1254 2063 1349 2126 super
1365 2043 1432 2125 ipsa

164 2146 261 2208 vinea
286 2147 371 2228 apud
404 2148 508 2230 ipsum
541 2148 664 2210 habitas
695 2149 800 2210 eidem
832 2151 945 2212 Palecz
974 2150 1050 2212 dare
1082 2151 1261 2226 tenebitur;
1298 2150 1337 2210 de
1364 2169 1429 2230 quo

165 2254 290 2333 judicio
315 2255 456 2336 ipsorum
475 2255 652 2336 juratorum
678 2257 744 2338 ipse
766 2257 901 2318 Mathias
920 2277 983 2318 non
1009 2271 1178 2318 contentus
1202 2258 1241 2318 ad
1267 2257 1430 2318 seniorum

163 2361 313 2440 judicum
337 2363 511 2444 appellavit
535 2363 672 2424 eandem
697 2383 825 2424 causam
850 2363 1059 2444 presenciam.

273 2468 352 2529 Item
378 2470 452 2550 quia
479 2467 654 2548 Gregorius
679 2471 756 2530 civis
780 2469 819 2530 de
837 2471 909 2530 vico
931 2469 1131 2548 Latinorum,
1157 2469 1247 2530 Hans
1271 2467 1429 2530 famulum

165 2573 299 2635 Thome
331 2575 447 2636 sutoris
479 2576 588 2655 generi
622 2577 759 2637 condam
797 2575 975 2638 Clementis
1013 2575 1181 2658 ireniparis
1213 2576 1244 2636 in
1276 2575 1431 2656 judicium

164 2701 275 2742 coram
304 2683 397 2742 nobis
421 2683 453 2742 in
478 2683 586 2743 sedem
612 2683 811 2764 judiciariam
845 2697 985 2744 nostram
1017 2683 1172 2762 citaverit,
1196 2695 1231 2744 ut
1254 2697 1351 2760 actor,
1375 2681 1431 2744 sed

163 2788 234 2869 ipse
262 2787 438 2868 Gregorius
463 2803 549 2849 actor
574 2789 673 2850 nostri
699 2789 730 2849 in
748 2790 946 2871 presenciam
965 2810 1029 2850 non
1054 2790 1142 2852 venit
1158 2809 1215 2850 nec
1240 2789 1430 2871 comparuit,

163 2897 234 2976 ipse
259 2915 337 2956 vero
361 2895 452 2956 Hans
476 2894 616 2956 famulus
641 2895 739 2976 ipsius
763 2895 891 2957 Thome
913 2911 1008 2978 prout
1032 2896 1077 2956 eis
1101 2897 1211 2958 datum
1237 2894 1298 2957 fuit
1322 2895 1353 2956 in
1383 2893 1430 2976 ju-

162 3002 253 3063 dicio
278 3002 459 3083 comparuit
483 3021 589 3063 coram
615 3003 720 3063 nobis.

276 3108 353 3169 Item
386 3108 448 3169 alia
476 3108 556 3169 facta
589 3127 651 3189 que
684 3128 790 3170 coram
824 3109 917 3170 nobis
948 3109 1055 3170 oblata
1089 3107 1226 3186 t'uerunt,
1259 3122 1430 3190 prorogata

160 3228 240 3275 sunt
266 3233 366 3294 usque
390 3214 530 3296 primum
553 3213 720 3294 judicium.

247 3439 393 3509 Sabbato
423 3437 574 3526 proximo
604 3447 680 3526 post
709 3436 831 3506 festum
861 3436 958 3506 beate
988 3435 1167 3506 Kotheriue
1195 3439 1348 3524 virginis,

606 3564 758 3650 proxime
787 3562 997 3648 preteritum.

657 3712 721 3787 (28.
754 3713 937 3787 rtooembrls).

274 3857 351 3917 item
377 3877 505 3917 causam
532 3857 613 3918 inter
630 3857 819 3917 Thomasko
843 3869 1009 3934 sartorem,
1034 3857 1192 3916 seniorem
1217 3855 1368 3936 juratum,
1394 3868 1428 3916 ut

154 3979 307 4025 actorem
322 3964 362 4024 ab
377 3983 439 4024 una
457 3977 487 4023 et
505 3963 586 4024 inter
604 3963 806 4038 Michaclem,
824 3962 1016 4023 modernum
1035 3961 1184 4040 juratum,
1202 3959 1373 4042 pellificem
1398 3976 1429 4022 et

155 4071 346 4132 institorem
372 4089 407 4129 ac
433 4069 624 4150 Gregorium
644 4067 848 4150 Wrabchych
877 4083 908 4128 et
933 4067 1075 4128 Blasium
1092 4082 1257 4146 sartorem,
1281 4067 1429 4128 concives

155 4190 305 4253 nostros,
330 4190 364 4236 ut
390 4176 421 4234 in
446 4195 573 4236 causam
599 4189 748 4235 attractos
772 4175 899 4235 racione
928 4174 1184 4235 conservacionis
1208 4174 1239 4234 in
1257 4173 1355 4233 domo
1371 4192 1427 4233 sua

153 4281 298 4347 Grande
323 4281 476 4360 mulieris,
502 4302 564 4362 que
590 4297 731 4342 evaserat
756 4301 813 4362 pro
831 4278 917 4342 furtu
934 4300 1007 4342 cum
1033 4281 1101 4342 viro
1119 4300 1177 4341 suo
1202 4279 1242 4340 de
1267 4279 1333 4360 ipsa
1351 4279 1426 4339 civi-

149 4405 225 4453 tate
251 4403 283 4449 et
307 4401 438 4470 propter
463 4389 524 4448 alia
549 4403 631 4448 certa
657 4407 768 4450 eorum
794 4388 878 4448 mala
907 4387 988 4448 sacta
1012 4407 1068 4469 per
1092 4407 1147 4448 eos
1171 4399 1304 4468 patrata,
1329 4403 1425 4464 quam

149 4495 366 4560 conservavit
390 4515 468 4556 uxor
494 4494 638 4556 eiusdem
663 4495 851 4555 Thomasko
870 4495 901 4554 in
927 4495 1036 4573 domo,
1061 4508 1170 4556 contra
1195 4511 1291 4574 quam
1310 4491 1426 4553 multo-

149 4606 251 4668 ciens
269 4601 376 4664 eidem
395 4600 543 4662 Michaeli
561 4601 664 4682 jurato
682 4615 893 4682 conquestum
918 4599 976 4662 fuit
994 4621 1050 4683 per
1065 4601 1198 4678 vicinos,
1216 4619 1277 4680 que
1296 4597 1426 4661 Granda

146 4724 255 4794 capta
281 4705 342 4769 fuit
366 4727 437 4769 cum
465 4707 602 4769 Martino
628 4707 803 4789 presbitero
828 4707 867 4768 de
890 4707 1037 4788 livanych
1062 4707 1093 4767 in
1119 4706 1309 4782 meretricio,
1327 4724 1423 4786 quam

149 4814 332 4882 Grandam
358 4813 426 4896 ipsa
451 4833 581 4875 consors
606 4813 748 4874 eiusdem
774 4813 963 4874 Thomasko
996 4813 1194 4874 conservavit
1220 4827 1329 4874 contra
1352 4831 1425 4892 pro-

144 4921 361 4988 hibicionem
386 4920 625 4981 communitatis
650 4920 732 4980 dicte
757 4919 901 4997 civitatis,
927 4935 957 4982 et
981 4921 1121 5002 predicta
1147 4917 1304 4980 maleficia
1322 4917 1424 4980 iacere
