3644 5788
516 603 603 662 Anno
627 598 718 680 1463.
744 635 785 646 -
808 613 857 679 27.
881 601 961 664 maii.
1313 615 1372 678 241

130 813 213 876 nichil
244 814 320 876 boni
344 811 419 876 fecit
450 815 502 876 vel
525 815 607 898 juvit
638 815 754 893 eidem,
786 828 818 876 et
849 814 926 876 dum
952 814 1018 897 ipse
1050 813 1178 894 jurabit,
1202 827 1278 874 tunc
1310 811 1375 893 ipsc

129 921 264 982 Nicolaus
276 921 374 983 debet
390 933 472 983 stare
496 935 527 984 et
544 941 673 984 manere
691 922 722 982 in
742 921 799 982 illo
823 920 911 1002 quod
929 933 1006 982 tunc
1028 919 1183 1002 temporis
1199 917 1288 980 dedit
1305 917 1375 980 sibi.

218 1026 293 1089 ltem
319 1046 447 1090 causam
473 1027 557 1090 inter
580 1027 724 1090 relictam
749 1025 888 1088 condam
908 1025 1051 1087 Simonis
1068 1025 1135 1086 coci
1161 1037 1191 1086 et
1216 1024 1377 1085 debitores

127 1132 247 1194 condam
271 1133 421 1216 Dyonisii
453 1131 542 1211 suris,
573 1134 662 1215 quod
695 1133 763 1214 ipsa
795 1133 890 1194 debet
914 1132 1019 1213 jurare
1051 1131 1156 1213 primo
1188 1129 1228 1190 ad
1263 1147 1377 1190 manus

127 1239 208 1300 unius
231 1239 334 1318 jurati,
359 1239 448 1320 quod
466 1239 547 1301 illud
571 1259 681 1301 semen
704 1238 792 1321 quod
818 1252 865 1300 est
881 1237 1075 1299 seminatum
1092 1256 1188 1319 super
1211 1235 1264 1297 illa
1283 1250 1377 1312 terta,

125 1340 176 1406 fuit
196 1364 250 1427 pro
284 1346 450 1428 peccuniis
473 1346 539 1407 suia
569 1359 715 1429 emptum
740 1360 771 1407 et
803 1365 867 1406 non
900 1341 1014 1427 prefati
1041 1343 1201 1426 Dyonisii‚
1226 1357 1257 1404 et
1281 1343 1306 1403 ai
1330 1341 1376 1421 ju-

127 1452 198 1512 rabit
218 1467 292 1514 tunc
317 1452 397 1514 illud
423 1472 533 1515 semen
558 1453 711 1515 reddetur
735 1453 851 1514 eidem.

220 1559 296 1621 ltem
322 1559 435 1621 eadem
461 1560 569 1620 relicta
595 1559 754 1620 tenebitur
775 1559 878 1641 jurare
901 1557 1066 1620 terciamet
1091 1576 1163 1620 cum
1189 1555 1377 1618 mulieribus

128 1677 153 1725 et
175 1665 289 1727 civissia
313 1666 373 1727 sibi
406 1667 566 1727 similibus
597 1666 628 1727 in
655 1685 706 1726 ara
740 1679 846 1727 sancte
872 1663 986 1726 Crucis
1017 1661 1095 1725 feria
1119 1677 1206 1724 sexta
1229 1661 1375 1744 proxime

128 1785 257 1850 ventura,
293 1772 383 1854 quod
421 1773 488 1855 ipsa
517 1786 633 1835 cotunc
672 1791 774 1853 usque
803 1771 883 1833 illud
910 1784 1037 1852 tempus
1067 1787 1237 1852 quousque
1266 1781 1377 1850 captus

126 1875 187 1957 luit,
209 1879 340 1941 nescivit
363 1880 452 1961 quod
476 1880 544 1962 ipse
569 1878 679 1942 luisset
702 1877 752 1940 lur
776 1891 807 1940 et
835 1878 924 1959 quod
949 1878 1003 1939 illa
1029 1878 1094 1938 duo
1120 1897 1193 1938 vasa
1218 1875 1283 1936 vini
1309 1893 1376 1936 non

124 1982 243 2048 luissent
267 1985 306 2046 de
331 1987 425 2047 bonis
449 1986 549 2068 ipsius
571 1985 718 2068 Dyonisii
744 1983 823 2047 luris
850 1997 957 2067 empta
982 1983 1037 2045 sed
1062 1984 1101 2046 de
1127 1983 1256 2065 propria
1282 1980 1376 2042 vinea

124 2091 211 2171 ipsius
234 2092 265 2152 in
289 2092 452 2153 territorio
476 2092 537 2154 vici
556 2092 745 2154 Latinorum
770 2091 896 2166 habita;
921 2105 952 2151 et
972 2091 997 2152 si
1015 2089 1143 2170 jurabit,
1167 2101 1244 2150 tunc
1261 2088 1375 2149 eadem

123 2197 186 2258 vina
202 2200 415 2260 remanebunt
438 2198 524 2280 apud
542 2199 678 2261 eandem
697 2197 878 2276 mulierem,
895 2197 951 2257 ubi
968 2209 1075 2258 autem
1093 2215 1170 2273 non,
1195 2209 1270 2256 tunc
1287 2193 1376 2255 debi-

123 2316 198 2366 tores
220 2305 331 2367 eadem
358 2306 431 2367 vina
456 2306 592 2366 liberam
624 2305 785 2366 vendendi
819 2304 984 2366 habebunt
1016 2302 1221 2378 facultatem
1246 2301 1285 2362 de
1310 2319 1376 2382 quo

124 2409 232 2489 iudicio
264 2412 324 2494 ipsi
357 2412 518 2474 debitores
550 2431 616 2473 non
648 2411 789 2474 contenti
822 2411 958 2472 eandem
999 2429 1126 2472 causam
1159 2408 1199 2470 ad
1234 2407 1377 2468 seniores

123 2518 326 2599 appellassent
354 2517 485 2600 judices.

217 2624 295 2686 ltem
320 2623 463 2707 prefatus
487 2625 590 2686 Lucas
621 2639 722 2686 sartor
746 2623 881 2686 claudus
905 2623 1048 2686 secundo
1082 2635 1191 2684 contre
1216 2621 1375 2706 prelatum

121 2729 310 2793 Anthonium
335 2731 509 2812 agricolam
533 2731 648 2793 citatus
671 2750 736 2792 non
761 2730 951 2812 comparuit.

343 2966 438 3039 Fetia
466 2976 563 3039 sexta
592 2975 672 3038 ante
700 2967 823 3038 lectum
851 2966 996 3057 Spiritus
1025 2969 1145 3040 sancti.

653 3119 718 3201 (27.
742 3121 840 3204 mais).

218 3263 295 3324 ltem
317 3281 446 3324 causam
472 3263 553 3324 inter
577 3263 785 3325 Valentinum
819 3263 957 3344 iudicem
989 3284 1025 3325 sc
1050 3284 1181 3327 uxorem
1208 3266 1374 3330 Benedicti

120 3369 227 3430 sutoris
249 3369 385 3431 senioris
415 3368 508 3449 jurati
542 3383 573 3432 et
595 3370 766 3431 Francisco
797 3383 951 3450 sutorem,
976 3385 1010 3434 ut
1033 3386 1156 3434 actores
1180 3375 1219 3434 ab
1245 3393 1318 3452 una,
1336 3394 1373 3435 ac

122 3472 196 3536 inter
218 3475 338 3538 Lucam
364 3490 394 3538 et
411 3474 610 3558 Stephanum
635 3493 769 3556 sutores,
793 3477 941 3538 concives
958 3491 1094 3556 nostros,
1112 3479 1239 3540 racione
1265 3481 1374 3540 verbe·

121 3581 252 3643 racionis
275 3583 420 3644 mulieris
444 3583 542 3664 ipsius
567 3583 730 3644 Benedicti
764 3583 891 3662 sutoris,
916 3597 947 3645 et
970 3585 1106 3646 eandem
1139 3605 1267 3648 causam
1299 3607 1372 3668 pro·

11 3675 12 3693 ¹
120 3685 180 3748 vidi
204 3689 262 3749 viri
280 3687 418 3750 Michael
445 3687 589 3771 pellifex,
607 3689 752 3750 Andreas
774 3703 872 3768 sutor,
888 3689 994 3771 jurati,
1011 3704 1042 3753 et
1059 3692 1170 3753 Petrus
1193 3706 1291 3770 sutor,
1310 3711 1374 3774 que

119 3807 391 3875 causaprorogata
408 3795 510 3858 estad
528 3795 667 3877 primum
681 3795 837 3876 judicium
854 3811 984 3878 propter
1002 3797 1123 3858 bonum
1140 3798 1226 3880 pacis
1253 3799 1278 3858 si
1297 3816 1372 3860 con-

120 3898 246 3961 cordare
263 3915 425 3982 poterunt,
449 3901 504 3962 ubi
536 3916 643 3964 autem
668 3917 878 3981 nomentum
902 3901 956 3964 liet
980 3901 1134 3984 judicium
1160 3904 1241 3965 inter
1256 3919 1372 3986 partes.

219 4005 296 4068 ltem
322 4007 399 4087 quia
430 4007 538 4068 relicta
570 4009 708 4070 condam
742 4007 884 4070 Simonis
915 4010 984 4070 coci
1009 4022 1039 4070 et
1070 4009 1200 4072 tandem
1226 4009 1373 4092 Dyonisii

11 4143 13 4186 t
117 4109 203 4172 aliter
227 4113 321 4174 Janse
345 4113 433 4190 dicti,
457 4112 546 4194 luris,
570 4129 666 4196 prout
697 4115 875 4196 juramenta
901 4115 1005 4177 eidem
1038 4117 1219 4198 adjudicata
1244 4117 1374 4180 fuerunt

118 4214 306 4280 intermino
330 4239 440 4281 coram
473 4219 648 4282 Benedicto
682 4221 797 4302 jurato,
825 4222 1021 4303 quequidem
1054 4224 1169 4286 mulier
1193 4225 1260 4306 ipsa
1292 4225 1374 4307 jura-

117 4338 218 4385 menta
241 4339 381 4408 prestare
405 4345 471 4388 non
496 4328 613 4409 potuit,
637 4327 711 4390 ideo
736 4328 796 4410 ipsi
819 4329 982 4390 debitores
1005 4329 1098 4391 liberi
1122 4343 1196 4392 sunt
1221 4332 1276 4393 illa
1300 4333 1374 4393 vina

12 4459 13 4463 ,
116 4431 249 4494 vendere
272 4448 369 4516 prout
393 4432 611 4515 adjudicatum
638 4449 685 4497 est
709 4435 840 4496 eisdem.

216 4538 292 4601 Item
318 4559 447 4601 causam
473 4541 594 4622 Myclas
619 4557 652 4603 ut
677 4557 828 4620 actorem,
854 4558 885 4605 et
909 4545 991 4606 inter
1011 4543 1226 4607 Cristoforum
1246 4545 1373 4626 Pugnar

116 4657 146 4702 ut
176 4645 208 4704 in
240 4665 369 4708 causam
402 4661 570 4711 attractum
604 4649 732 4709 racione
764 4649 908 4711 ciusdem
941 4651 1081 4713 diffamie
1118 4667 1148 4714 et
1180 4666 1375 4733 conquestus

115 4747 178 4829 ipse
203 4750 337 4814 Cristoff
356 4751 461 4834 jurare
485 4755 646 4817 tenebitur
663 4752 741 4816 feria
763 4769 849 4816 sexta
874 4757 906 4817 in
931 4777 984 4818 ara
1001 4773 1107 4819 sancte
1137 4759 1260 4836 Crucis,
1285 4760 1374 4840 quod

116 4853 178 4935 ipse
202 4858 282 4920 nulli
306 4874 501 4940 conquestus
525 4873 572 4922 est
595 4874 705 4922 contra
730 4861 835 4943 ipsum
861 4862 993 4944 Myclas.

216 4963 293 5027 ltem
319 4985 447 5027 causam
465 4967 546 5028 inter
571 4966 771 5028 Anthonium
790 4969 964 5049 agricolam
990 4985 1024 5031 ut
1046 4985 1187 5032 actorem
1204 4985 1235 5032 et
1252 4971 1371 5032 Lucam

115 5085 263 5133 sartorem
288 5073 442 5136 claudum
459 5075 587 5136 racione
611 5073 778 5156 sanguinis
794 5073 969 5156 effusionis,
986 5075 1080 5158 jurati
1097 5075 1374 5158 adjudicaverunt,

1272 5185 1309 5246 16
