3738 5786
549 513 747 588 Anr01453.
775 547 811 555 -
839 527 888 589 23.
913 512 1083 572 novembres.
1405 531 1445 594 59

186 724 373 786 subtraxisse
398 725 535 804 dicebat,
559 745 624 787 non
649 725 864 804 subtraxisset,
889 725 994 786 sedin
1018 724 1110 786 totali
1134 725 1264 786 accione
1290 724 1390 807 ipsius
1406 725 1446 786 sit

188 832 348 895 innocens.

287 939 366 1000 Item
391 939 507 1020 jurabit
524 953 638 1002 octavo
656 939 708 1002 die
732 959 812 1001 uxor
833 939 971 1001 condam
990 937 1144 1021 Stephani
1168 938 1295 1018 sutoria,
1321 938 1447 1016 decani,

187 1045 279 1107 tercia
304 1066 338 1110 se
361 1047 507 1129 personis
538 1046 598 1108 sibi
630 1045 791 1107 similibus
819 1059 928 1107 contra
962 1064 1094 1107 uxorem
1120 1045 1273 1126 Stephani
1299 1044 1448 1126 Bosnyak

188 1165 297 1215 octavo
322 1152 375 1216 die
399 1174 494 1236 super
518 1172 569 1231 eo,
593 1165 628 1214 ut
652 1153 719 1234 ipsa
743 1152 830 1234 ligna
864 1151 972 1214 uxoris
997 1151 1097 1234 ipsius
1122 1150 1273 1234 Stephani
1300 1151 1448 1236 Bosnyak

189 1279 248 1321 non
273 1261 490 1324 subtraxisset.

288 1367 367 1428 ltem
393 1368 591 1431 Laurencius
614 1386 724 1449 sporar
750 1367 781 1428 iu
806 1387 862 1428 sua
884 1385 1022 1449 persona
1046 1365 1113 1428 sola
1138 1379 1252 1426 octavo
1278 1364 1329 1425 dic
1353 1383 1449 1447 super

187 1494 270 1536 aram
295 1487 405 1536 contra
431 1495 561 1537 uxorem
588 1475 724 1538 condam
760 1473 894 1535 Fabiani
924 1471 1028 1534 fratris
1053 1472 1180 1534 Martini
1212 1471 1327 1554 judicis
1352 1491 1449 1554 penes

188 1583 309 1644 literam
333 1603 424 1645 suam
443 1583 677 1666 expeditoriam
693 1603 789 1665 super
809 1602 859 1660 eo,
885 1596 918 1643 ut
943 1581 1011 1664 ipse
1028 1593 1128 1643 totam
1153 1581 1333 1662 pecuniam,
1351 1598 1448 1661 quam

191 1690 254 1772 ipse
277 1691 420 1772 predicte
445 1693 536 1753 uxori
561 1691 660 1774 ipsius
690 1690 825 1752 Fabiani
858 1691 1027 1752 tenebatur
1058 1689 1201 1771 plenarie
1229 1687 1383 1770 persolvit
1415 1699 1446 1748 et

191 1797 285 1859 nichil
308 1797 369 1859 sibi
393 1811 530 1862 tenetur.

229 1945 1405 2039 mmmmfflmwmmmfflwfflmm

712 2071 925 2144 mmmm

683 2221 746 2302 (16.
770 2225 949 2300 novembres).

290 2347 370 2410 ltem
388 2346 565 2429 Gregorius
581 2346 721 2429 frenipsr
738 2366 900 2408 successor
918 2345 1091 2429 Bduchych
1109 2359 1219 2408 contra
1243 2345 1448 2409 Franciscutn

189 2452 380 2536 freniparem
403 2453 547 2516 secundo
572 2454 685 2516 citatus
708 2473 775 2515 non
799 2453 989 2537 comparuit.

291 2561 369 2623 Item
396 2561 574 2642 Gregorius
602 2563 711 2645 Zayko
745 2560 924 2642 lutifigulus
948 2573 1057 2624 contra
1089 2560 1270 2622 Barnabnm
1293 2577 1448 2640 generum

188 2667 276 2729 Turk
300 2669 444 2730 secundo
469 2669 582 2730 citatus
606 2688 671 2730 non
696 2667 887 2750 comparuit.

291 2774 508 2837 ltemMarcus
519 2773 658 2837 carnifex
669 2789 779 2838 contra
790 2773 1050 2838 Bedelxsecundo
1061 2775 1248 2836 citatusnon
1259 2771 1447 2854 comparuit.

290 2880 369 2943 Item
395 2881 584 2944 Franciscus
607 2895 696 2944 sutor
720 2895 829 2944 contra
860 2880 1059 2964 Stephanum
1084 2879 1222 2962 juratum
1247 2877 1388 2940 secundo
1406 2878 1449 2940 ci-

188 3000 268 3050 tatus
291 3008 358 3050 non
383 2989 573 3070 comparuit.

290 3094 370 3157 ltem
396 3094 556 3176 Georgius
580 3095 784 3178 Banlxowych
809 3095 927 3176 jurabit
949 3095 1017 3156 sola
1040 3114 1096 3157 sua
1121 3094 1152 3156 in
1179 3111 1314 3176 persona
1339 3103 1448 3154 contra

189 3200 395 3263 Valentinum
427 3201 616 3286 Fermelych
651 3215 766 3264 octavo
799 3201 851 3264 die
883 3221 1089 3283 superatam
1121 3221 1218 3283 super
1249 3219 1299 3276 eo,
1324 3211 1357 3262 ut
1382 3197 1449 3279 ipse

189 3308 366 3389 predictum
391 3308 597 3371 Valentinum
614 3309 805 3392 Fermelych
830 3329 894 3371 non
920 3309 1084 3392 percussit,
1110 3327 1169 3372 nec
1186 3308 1335 3390 ciponem
1353 3323 1448 3387 supra

190 3415 344 3478 trahendo
369 3435 434 3477 non
459 3417 675 3479 tormentavit.

290 3522 369 3584 Item
395 3521 557 3584 lohannes
580 3521 665 3584 filius
689 3523 855 3585 Benedicti
882 3522 996 3585 Hwala
1028 3535 1142 3584 octavo
1167 3521 1219 3582 die
1243 3537 1449 3602 superarem

189 3627 301 3708 jurabit
334 3643 444 3691 contra
476 3628 618 3691 Blasium
651 3629 689 3690 de
723 3629 887 3692 Kralewcz
921 3649 1017 3712 super
1049 3648 1105 3708 eo,
1138 3641 1172 3690 ut
1204 3627 1271 3709 ipae
1302 3625 1448 3708 predicto

191 3735 294 3797 Blasio
320 3755 386 3798 non
410 3735 582 3818 assumpsit
606 3755 725 3818 equum
761 3756 854 3798 suum
879 3735 1013 3797 reddere
1046 3755 1103 3798 seu
1126 3733 1289 3811 seducere,
1313 3731 1369 3794 sed
1394 3749 1450 3813 per

191 3841 375 3904 mandatum
389 3841 514 3903 domini
537 3843 597 3922 sui,
614 3845 713 3904 verbo
738 3843 880 3904 eiusdem
906 3841 1031 3904 domini
1055 3842 1103 3902 sui
1121 3841 1181 3902 sibi
1206 3838 1369 3917 conduxit,
1393 3837 1448 3899 sed

190 3949 217 4008 in
243 3947 335 4010 totali
360 3947 492 4010 accione
524 3961 555 4011 et
588 3949 804 4031 acquisicione
837 3949 937 4031 ipsius
962 3947 1058 4010 Blasii
1092 3947 1207 4009 actoris
1232 3947 1386 4008 innocens
1410 3945 1449 4005 sit

190 4056 314 4137 penitus
336 4067 369 4117 et
395 4055 554 4118 innoxius.

291 4162 372 4224 ltem
397 4161 509 4224 Petrus
533 4162 662 4246 Drsgyn
694 4163 811 4244 jurabit
843 4162 911 4225 sola
936 4182 992 4224 sua
1024 4162 1057 4223 in
1090 4180 1225 4244 persona
1250 4174 1364 4224 octavo
1397 4161 1449 4222 die

191 4288 280 4350 super
304 4288 391 4331 aram
417 4282 527 4330 contra
553 4268 747 4352 Gregorium
766 4269 948 4354 Jagychych
973 4289 1135 4351 supereo,
1159 4282 1194 4331 ut
1218 4269 1285 4351 ipse
1309 4270 1341 4330 in
1366 4269 1449 4332 bove

192 4375 286 4457 ipsius
311 4375 461 4458 Gregorii
490 4376 550 4438 sibi
575 4376 701 4438 nullum
733 4375 910 4458 dampnum
943 4377 1112 4454 intulisset,
1144 4375 1200 4436 sed
1226 4375 1257 4436 in
1281 4376 1372 4438 totali
1397 4395 1447 4436 ac·

192 4483 278 4544 cione
303 4484 403 4566 ipsius
428 4482 577 4565 Gregorii
601 4483 641 4546 sit
662 4483 817 4546 innocens
841 4484 968 4566 penitus
991 4497 1022 4544 et
1045 4483 1196 4544 inmunis.

319 4635 1325 4726 mmmmmhmwmwmwmmbme

685 4776 751 4849 (25.
775 4771 962 4851 novenbris).

293 4894 370 4956 ltem
395 4893 472 4976 quia
496 4893 693 4956 Laurencius
724 4915 834 4978 sporar
865 4914 1026 4956 successor
1059 4895 1195 4956 condam
1222 4894 1352 4978 Mathye
1384 4909 1448 4957 tex-

195 5002 267 5064 toris
291 5002 401 5082 veluti,
426 5002 641 5086 juramentum
666 5003 725 5064 sibi
757 5003 789 5065 in
824 5001 907 5066 iacto
932 5002 1140 5086 pecuniarum
1166 5003 1340 5084 inquibus
1372 5023 1450 5064 uxor
