3694 5782
408 575 468 636 292
796 557 884 614 Anno
907 551 1001 631 1466.
1028 589 1068 597 —
1095 551 1144 614 18.
1168 556 1280 628 aprilis.

473 775 566 849 Feria
597 785 694 848 sexta
721 774 871 863 proxima
902 783 977 862 post
1005 775 1127 844 festum
1157 779 1330 844 beatorum
1361 773 1545 862 Thyburcii
1573 783 1606 844 et

844 900 1012 970 Valeriani
1044 903 1233 969 martirum.

933 1049 997 1128 (18.
1022 1051 1149 1128 aprilis).

512 1195 626 1256 Testes
643 1213 724 1276 quos
739 1193 873 1255 adduxit
886 1207 917 1254 et
934 1193 1080 1274 promisit
1098 1193 1256 1254 adducere
1271 1193 1389 1254 nobilis
1406 1193 1536 1254 domina
1549 1189 1667 1272 Agatha

406 1315 529 1378 vocata,
554 1301 663 1362 relicta
687 1300 823 1361 condam
851 1299 970 1360 Mathis
989 1299 1213 1381 Kunoberych
1239 1298 1279 1359 de
1303 1297 1514 1376 Adamowch,
1539 1298 1663 1359 racione

405 1408 621 1490 quorumdam
647 1407 785 1467 duorum
811 1425 969 1487 equorum
995 1403 1192 1466 frenatorum
1216 1420 1247 1465 et
1271 1405 1469 1482 sellatorum,
1494 1424 1576 1485 quos
1599 1423 1665 1485 pre-

405 1514 488 1577 fatus
512 1514 649 1576 condam
676 1513 812 1575 Mathias
837 1525 1035 1573 concesserat
1061 1512 1196 1573 Nicolao
1220 1511 1393 1590 aurifabro,
1418 1512 1474 1593 qui
1499 1512 1572 1592 equi
1597 1511 1665 1572 esti-

408 1621 485 1682 mati
511 1619 641 1682 fuerunt
665 1639 723 1702 pro
747 1619 860 1699 viginti
885 1633 958 1680 octo
976 1617 1056 1696 flor,
1081 1638 1163 1699 quos
1188 1638 1289 1699 equos
1314 1619 1380 1699 ipsa
1406 1618 1537 1679 domina
1562 1618 1665 1678 relicta

408 1729 506 1810 ipsius
531 1727 667 1788 condam
694 1726 814 1788 Mathie
832 1725 1057 1807 Kwnoberycb
1082 1725 1218 1804 dicebat,
1244 1745 1301 1786 nec
1319 1725 1377 1806 ipsi
1395 1725 1534 1786 condam
1551 1722 1665 1784 Mathie

407 1835 462 1897 sed
488 1855 546 1897 nec
571 1833 629 1916 ipsi
664 1832 795 1895 domine
827 1832 952 1912 Agathe
977 1832 1086 1893 relicte
1118 1852 1182 1893 non
1209 1831 1306 1893 fuisse
1338 1832 1471 1908 solutos,
1494 1845 1525 1892 et
1548 1831 1665 1912 primus

406 1941 493 2005 testis
512 1955 558 2002 est
575 1939 712 2001 Mathias
729 1939 832 2000 dictus
857 1939 948 1999 Balsa
967 1939 1006 1999 de
1024 1940 1223 2016 Jazenoucz,
1241 1939 1295 2019 qui
1321 1936 1421 2000 fassus
1439 1951 1483 1998 est
1502 1936 1664 2014 eomodo,

405 2047 493 2129 quod
519 2047 562 2107 ibi
595 2045 655 2107 fuit
687 2045 897 2128 personaliter
929 2045 961 2106 in
994 2045 1093 2106 domo
1126 2045 1224 2126 ipsius
1249 2045 1380 2106 domine
1413 2045 1466 2104 ubi
1504 2044 1664 2104 invenerat

408 2155 514 2236 ipsum
538 2153 710 2214 Nicolaum
734 2150 943 2229 aurifabrum,
976 2152 1029 2232 qui
1063 2151 1217 2212 Nicolaus
1241 2151 1362 2212 ibidem
1394 2151 1520 2212 dicebat
1543 2169 1576 2212 se
1600 2169 1663 2210 esse

408 2259 587 2320 debitorem
619 2258 748 2320 racione
780 2259 923 2339 ipsorum
955 2257 1094 2318 duorum
1127 2277 1284 2338 equorum
1317 2271 1348 2318 et
1379 2257 1467 2339 quod
1500 2276 1564 2318 non
1597 2257 1666 2338 plus

408 2366 496 2427 dedit
520 2365 624 2428 eidem
650 2365 781 2426 domine
813 2365 878 2445 ipse
904 2364 1056 2424 Nicolaus
1089 2362 1248 2424 aurifaber
1280 2364 1340 2424 nisi
1366 2383 1466 2424 unum
1492 2363 1560 2424 flor.
1586 2363 1666 2439 auri,

407 2485 438 2533 et
461 2471 522 2532 hoc
540 2491 604 2532 non
623 2470 662 2531 ad
679 2469 879 2531 solucionem
906 2470 1048 2550 ipsorum
1067 2469 1204 2530 duorum
1231 2489 1401 2550 equorum,
1418 2470 1474 2530 sed
1492 2470 1564 2530 ideo
1582 2467 1665 2550 quod

407 2579 474 2660 ipsa
498 2597 611 2638 sanum
629 2577 710 2638 redit
735 2576 873 2637 eundem
891 2576 1074 2652 Nicolaum,
1099 2575 1153 2636 ubi
1172 2577 1272 2636 eciam
1291 2576 1417 2637 dicebat
1434 2577 1500 2657 ipse
1516 2575 1664 2636 Nicolaus

407 2682 567 2744 aurifaber
598 2683 683 2764 quod
717 2683 757 2742 ad
790 2701 919 2763 presens
952 2701 1016 2742 non
1049 2682 1180 2743 baberet
1213 2681 1298 2763 apud
1332 2702 1364 2742 se
1398 2682 1577 2764 peccunias,
1612 2681 1663 2741 sed

405 2810 477 2851 ecce
502 2789 589 2850 vadit
614 2787 738 2850 Budam
763 2788 817 2848 ubi
842 2787 938 2848 babet
963 2789 1142 2869 peccunias,
1166 2802 1197 2848 et
1221 2808 1293 2850 curn
1313 2788 1351 2848 ad
1376 2789 1505 2869 propria
1529 2787 1663 2864 redierit,

407 2895 521 2956 libenti
538 2895 647 2955 animo
664 2895 761 2956 vellet
778 2894 883 2954 eidem
909 2893 1089 2955 satisfacere
1107 2895 1181 2974 quia
1204 2895 1271 2975 ipse
1289 2893 1426 2955 Mathias
1443 2893 1663 2975 Kwnoberycb

408 3001 514 3064 eidem
539 3000 675 3061 Nicolao
700 3000 919 3062 benefecisset.

513 3108 590 3168 ltem
615 3107 775 3168 secundus
798 3107 887 3168 testis
912 3119 958 3167 est
982 3106 1081 3166 Antol
1103 3105 1292 3188 Lahoreych
1317 3107 1357 3168 de
1381 3106 1589 3184 Adamowcz,
1612 3106 1663 3186 qui

406 3217 438 3276 in
465 3214 548 3276 facto
581 3214 738 3276 dictorum
765 3214 902 3275 duorum
937 3232 1094 3293 equorum
1129 3211 1230 3274 fassus
1254 3227 1300 3274 est
1331 3213 1478 3274 similiter
1498 3213 1579 3274 sicut
1602 3213 1663 3294 ipse

407 3323 529 3403 primus
552 3321 649 3384 testis.

510 3427 587 3487 ltem
612 3427 730 3488 tercius
753 3426 841 3488 testis
873 3439 919 3487 est
948 3424 1124 3507 Gregorius
1155 3425 1195 3486 de
1220 3425 1337 3507 llyncz,
1362 3425 1417 3506 qui
1442 3422 1543 3486 fassus
1567 3436 1662 3486 estet

406 3532 476 3614 fuit,
509 3534 598 3615 quod
624 3534 667 3594 ibi
699 3533 910 3615 personaliter
941 3531 1001 3594 fuit
1032 3533 1064 3594 iu
1094 3532 1193 3595 domo
1226 3533 1369 3592 eiusdem
1404 3530 1536 3592 domine
1559 3531 1661 3591 relicte

406 3641 545 3702 condam
570 3641 691 3702 Mathia
710 3640 948 3721 Kwnoberych,
972 3640 1027 3701 ubi
1053 3640 1118 3721 ipse
1136 3639 1289 3700 Nicolaus
1305 3635 1464 3700 aurifaber
1481 3638 1663 3698 reddidisset

405 3767 438 3809 se
463 3747 643 3810 debitorem
668 3767 726 3829 pro
752 3747 828 3829 ipsis
853 3747 979 3808 duobus
1005 3747 1106 3827 equis,
1124 3759 1220 3827 prout
1244 3743 1318 3806 fassi
1344 3744 1473 3806 fuerunt
1497 3745 1556 3826 ipsi
1574 3742 1661 3826 primi

406 3853 472 3916 duo
495 3868 609 3930 testes;
635 3869 666 3915 et
689 3853 765 3935 quia
790 3853 889 3914 modo
914 3867 1045 3934 propter
1077 3852 1237 3912 nundinas
1262 3870 1319 3912 seu
1344 3849 1449 3912 forum
1474 3850 1610 3912 annuale
1633 3849 1659 3908 in

407 3959 488 4022 festo
512 3960 597 4022 beati
623 3960 722 4021 Marci
740 3959 947 4040 ewangeliste
965 3978 1030 4020 non
1055 3959 1161 4040 potuit
1184 3956 1252 4018 fieri
1277 3957 1431 4039 judicium
1458 3937 1532 4018 ideo
1549 3956 1660 4018 eisdem

406 4069 561 4129 ambabus
577 4067 721 4150 partibus
738 4067 830 4128 datus
855 4080 901 4128 est
924 4065 1080 4127 terminus
1103 4062 1182 4126 feria
1199 4077 1285 4124 sexta
1302 4063 1448 4146 proxima
1465 4077 1536 4146 post
1552 4061 1658 4124 festum

406 4172 631 4235 Penthecostes
655 4173 863 4254 comparendi
888 4184 919 4232 et
943 4170 1160 4253 respondendi
1185 4189 1296 4232 coram
1321 4171 1425 4232 nobis.

513 4281 590 4342 ltem
615 4299 743 4340 causam
768 4279 850 4340 inter
867 4277 1070 4340 Clementem
1092 4277 1283 4358 Hungarum
1308 4277 1500 4338 modernum
1528 4275 1655 4356 juratum

407 4400 437 4448 et
462 4387 628 4448 concivem
654 4399 810 4464 nostrum,
835 4399 866 4446 et
897 4385 979 4446 inter
1003 4383 1168 4466 Myhowyl
1200 4384 1360 4465 Japranyn
1386 4383 1518 4462 dictum,
1541 4382 1656 4444 racione

407 4493 574 4555 cuiusdam
596 4491 681 4570 facti,
706 4492 794 4573 quod
812 4491 879 4573 ipse
899 4490 1064 4573 Myhowyl
1083 4503 1192 4552 contra
1209 4489 1533 4572 ipsumClementem
1551 4505 1656 4570 propo·

407 4600 513 4679 nebat,
539 4613 569 4661 et
594 4599 685 4660 datus
710 4596 770 4659 suit
788 4597 864 4678 ipsis
880 4598 1036 4658 ambabus
1059 4597 1203 4678 partibus
1220 4597 1376 4658 terminus
1393 4611 1427 4658 ut
1451 4596 1511 4679 ipsi
1536 4593 1656 4657 infacto

406 4707 489 4767 inter
513 4706 599 4788 ipsos
623 4704 745 4782 habito,
768 4717 823 4764 aut
847 4717 941 4765 testes
958 4717 1012 4764 aut
1035 4703 1142 4764 literas
1159 4703 1392 4765 testimoniales
1415 4703 1543 4766 racione
1567 4700 1656 4783 ipsius

405 4811 491 4892 facti,
522 4812 610 4893 quod
643 4813 709 4894 ipse
742 4811 921 4894 Myhowyl,
953 4810 1103 4872 videlicet
1135 4810 1223 4892 quod
1261 4812 1327 4892 ipse
1361 4811 1471 4873 omnia
1495 4811 1577 4871 bona
1606 4825 1655 4868 sua

406 4919 562 4981 amisisset
586 4919 754 4980 occasione
779 4931 809 4978 et
833 4930 979 4998 pretextu
1005 4917 1103 4998 ipsius
1128 4917 1324 4994 Clementis;
1348 4931 1379 4980 et
1404 4918 1478 4999 quia
1503 4917 1567 4998 ipse
1590 4912 1654 4975 Cle·

406 5045 497 5088 mens
521 5026 700 5110 apportavit
723 5039 786 5088 tres
811 5025 918 5087 literas
942 5025 1181 5108 expurgatorias
1209 5025 1297 5108 quod
1323 5026 1390 5108 ipse
1416 5025 1475 5108 ipsi
1502 5017 1653 5107 Myhowyl
