3738 5786
217 717 357 766 sutorem
385 703 525 785 prestitit
549 723 645 786 super
669 723 719 782 eo,
744 717 778 766 ut
804 704 868 786 ipse
887 705 1007 768 Paulus
1026 717 1115 766 sutor
1139 723 1203 765 non
1229 703 1404 766 combussit
1428 723 1486 765 nec

217 813 409 872 comburere
435 809 511 872 fecit
543 811 718 892 quamdam
752 811 910 874 koucham
945 811 1044 894 ipsius
1069 809 1207 892 Philippi
1240 811 1355 872 sutoris
1388 809 1486 890 vulgo

218 918 425 1000 nalewnycza
452 917 582 995 dictam,
606 917 715 978 sedin
741 917 831 980 totali
857 918 988 982 accione
1013 931 1044 980 et
1060 915 1279 998 acquisicione
1299 916 1397 998 ipsius
1414 915 1486 978 Phi-

217 1025 297 1107 lippi
315 1025 474 1086 innocens
497 1037 579 1085 esset
596 1023 724 1106 penitus
737 1037 767 1086 et
785 1023 945 1102 innoxius,
970 1039 1001 1086 et
1017 1024 1059 1086 ob
1073 1023 1133 1086 hoc
1151 1041 1209 1084 nos
1227 1021 1331 1104 ipsum
1350 1022 1485 1085 Paulum

218 1147 359 1193 sutorem
394 1129 524 1192 racione
555 1130 654 1212 ipsius
685 1131 907 1212 juramentalis
939 1129 1155 1214 deposicionis
1187 1127 1387 1190 reddidimus
1420 1126 1487 1192 fore

220 1237 407 1320 expeditum
433 1251 464 1299 et
488 1237 644 1319 quietum.

325 1343 405 1405 item
429 1344 507 1425 quia
530 1343 660 1428 Endrey
684 1341 769 1406 filius
794 1342 944 1424 Gregorii
969 1342 1109 1404 devilia
1135 1341 1340 1425 Radkowczy
1365 1342 1403 1404 de
1428 1342 1487 1404 sub

220 1451 358 1513 Oztercz
375 1452 408 1512 in
427 1449 596 1513 manifesto
614 1449 778 1513 furticinio
795 1449 1028 1512 kariofolorurn
1054 1463 1085 1512 et
1101 1449 1282 1511 tunicarum
1299 1468 1335 1510 ac
1351 1449 1487 1510 aliarum

219 1577 326 1620 rerum
351 1571 512 1620 certorum
538 1557 721 1620 concivium
747 1570 930 1620 nostrorum
947 1569 1115 1639 reppertus
1139 1569 1184 1618 est
1209 1568 1342 1634 acerto,
1367 1568 1398 1615 et
1414 1554 1489 1616 licet

219 1684 278 1747 pro
302 1664 490 1727 huiusmodi
508 1665 572 1726 suis
589 1663 756 1726 maleficiis
772 1664 925 1747 suspendi
943 1663 1115 1742 debuisset,
1139 1677 1247 1725 tamen
1270 1661 1488 1724 misericordis

219 1771 271 1832 dci
296 1772 377 1833 moti
402 1791 439 1833 sc
464 1791 520 1854 pet
543 1771 739 1854 peticionem
764 1783 924 1834 certorum
955 1771 1131 1853 proborum
1155 1783 1186 1831 et
1211 1769 1419 1831 honestorum
1444 1767 1489 1829 vi·

220 1898 330 1940 rorum
356 1879 462 1941 eidem
481 1877 610 1961 Endrey
635 1878 732 1940 talem
756 1879 897 1960 graciam
915 1877 1060 1956 fecimus,
1086 1889 1122 1939 ut
1145 1876 1251 1940 eidem
1278 1875 1407 1958 Endrey
1424 1873 1486 1936 due

221 1987 316 2047 ambe
342 2005 435 2047 aures
467 1985 587 2047 abscidi
621 1985 760 2048 debeant
784 2003 842 2068 pro
875 1985 977 2067 prima
1005 1985 1054 2046 sui
1086 1984 1289 2046 correctione
1314 1995 1344 2045 et
1368 1981 1490 2044 baculis

219 2091 356 2173 turpiter
374 2103 460 2154 extra
477 2091 639 2153 civitatem
658 2091 770 2154 eteius
786 2091 981 2154 territorium
1000 2089 1115 2172 expelli
1134 2091 1266 2166 debeat;
1293 2089 1367 2150 ideo
1384 2087 1489 2150 eidem

220 2197 354 2280 Endrey
379 2197 490 2260 ambas
514 2217 606 2260 aures
630 2196 751 2260 abscidi
776 2212 807 2258 et
824 2197 930 2280 ipsum
954 2196 1088 2278 turpiter
1112 2215 1185 2258 cum
1210 2195 1332 2258 baculis
1356 2195 1396 2256 de
1414 2193 1489 2256 civi·

218 2318 284 2367 tate
309 2318 340 2366 et
366 2304 435 2366 eius
457 2304 619 2368 territorio
643 2304 778 2386 turpiter
816 2303 976 2386 expellere
1009 2301 1143 2364 fecimus
1166 2301 1405 2364 committentes
1431 2299 1490 2381 ipsi

220 2411 365 2494 Endrey,
390 2424 425 2472 ut
449 2410 488 2472 de
513 2425 619 2472 cetero
644 2426 675 2473 et
707 2431 763 2494 per
793 2411 931 2493 amplius
955 2410 995 2472 ad
1022 2410 1183 2472 civitatem
1218 2423 1248 2472 et
1272 2409 1341 2470 eius
1364 2407 1490 2470 territo·

219 2517 304 2580 rium
329 2536 498 2600 nunquam
524 2517 640 2580 intrare
665 2516 791 2598 debeat,
824 2517 879 2598 qui
912 2517 937 2578 si
963 2515 1148 2578 incivitate
1180 2529 1210 2578 et
1234 2515 1303 2576 eius
1327 2513 1490 2576 territorio

218 2625 258 2686 de
283 2637 391 2687 cetero
416 2638 582 2706 reppertus
607 2621 702 2686 fuerit
725 2623 812 2704 juxta
835 2643 892 2686 sua
917 2623 1071 2686 demerita
1100 2641 1216 2705 penam
1259 2640 1356 2704 quarn
1381 2619 1490 2682 derne·

219 2731 319 2794 ruerit
344 2743 571 2812 consequetur.

327 2837 407 2899 Item
432 2836 506 2917 quia
541 2837 659 2898 Paulus
683 2836 767 2900 filius
799 2836 917 2898 Cosme
951 2835 990 2898 de
1023 2835 1262 2899 Chernomercz
1288 2836 1319 2898 in
1344 2833 1492 2917 pluribus

219 2943 392 3008 furticiniis
418 2956 583 3026 reppertus
608 2957 653 3006 est
678 2943 728 3005 hic
753 2944 784 3006 in
810 2944 950 3023 civitate,
973 2945 1029 3026 qui
1053 2943 1128 3006 licet
1151 2957 1281 3026 propter
1306 2943 1373 3024 ipsa
1399 2939 1491 3003 furti-

220 3052 305 3114 cinie
329 3071 388 3112 sua
419 3049 605 3112 huiusmodi
636 3050 788 3132 suspendi
821 3050 993 3129 debuisset,
1021 3063 1128 3112 temen
1161 3049 1235 3131 quia
1269 3046 1487 3110 misericordia

222 3158 302 3219 moti
335 3170 367 3219 et
399 3176 456 3240 per
487 3157 681 3238 peticionem
715 3157 856 3239 plurium
889 3159 1066 3240 proborum
1099 3171 1130 3217 et
1160 3155 1370 3218 honestorum
1408 3154 1492 3214 viro-

222 3283 305 3341 rutn,
338 3277 374 3326 ut
398 3263 465 3346 ipss
490 3261 570 3326 facta
604 3283 660 3326 sua
685 3264 769 3326 mala
800 3262 916 3328 defleat
949 3277 981 3326 et
1004 3263 1206 3344 derelinquat
1238 3275 1268 3324 et
1290 3281 1322 3322 se
1355 3260 1490 3322 ulterius

222 3373 263 3432 ub
287 3371 333 3432 eis
357 3385 527 3452 precaveat
551 3383 581 3432 et
605 3385 797 3452 compescat,
821 3370 927 3432 eidem
960 3369 1061 3432 Paulo
1086 3389 1144 3452 pro
1169 3368 1271 3450 prima
1295 3367 1343 3429 sui
1368 3385 1491 3428 correc-

222 3477 316 3540 cione
342 3495 441 3538 unam
466 3495 576 3539 aurem
594 3475 758 3538 abscidere
784 3489 815 3540 et
838 3475 944 3559 ipsum
962 3475 1002 3538 de
1026 3475 1154 3538 civitate
1179 3489 1210 3538 et
1234 3475 1303 3536 eius
1327 3473 1490 3536 territorio

221 3583 382 3665 expellere
407 3582 541 3664 turpiter
565 3581 700 3644 fecimus
724 3581 960 3644 committentes
993 3581 1099 3644 eidem
1123 3581 1235 3660 Paulo,
1260 3595 1294 3642 ut
1318 3579 1359 3642 de
1383 3593 1489 3642 cetero

222 3705 255 3752 et
279 3709 335 3772 per
359 3689 500 3772 amplius
524 3689 563 3750 ad
589 3689 749 3752 civitatem
776 3703 806 3752 et
826 3690 894 3751 eius
910 3688 1105 3752 territorium
1131 3687 1223 3750 nullo
1247 3686 1347 3750 rnodo
1372 3687 1490 3749 intrare

221 3797 351 3875 debent,
377 3796 434 3877 qui
456 3795 483 3856 si
507 3795 547 3858 de
571 3807 678 3858 cetero
703 3809 734 3856 et
758 3815 814 3877 per
838 3796 976 3878 amplius
1000 3795 1040 3858 ad
1069 3795 1230 3856 civitatem
1255 3807 1286 3856 et
1309 3793 1378 3855 eius
1401 3793 1491 3855 terri·

222 3902 344 3966 torium
362 3901 485 3963 intrans
501 3915 668 3984 reppertus
685 3899 780 3964 fuerit
803 3921 878 3964 mox
903 3901 989 3983 juxte
1006 3921 1062 3964 sua
1087 3899 1241 3980 derperita
1260 3919 1376 3982 penam
1394 3918 1493 3981 quarn

223 4007 422 4072 demeruerit
446 4021 670 4088 consequetur.

224 4209 324 4284 Ferit
351 4217 451 4283 sexta
479 4213 633 4299 proxima
661 4217 737 4299 post
765 4210 886 4282 festum
914 4218 1109 4282 sanctorum
1138 4209 1284 4298 Philippi
1313 4215 1346 4280 et
1374 4209 1493 4298 jacobi

737 4334 979 4423 apostolorum.

778 4495 821 4563 (2.
844 4486 942 4564 moti‘).

335 4609 414 4672 Item
440 4609 543 4671 Lucas
577 4623 676 4688 sutor,
708 4608 839 4690 juratus,
872 4609 903 4671 in
927 4609 1032 4692 primo
1057 4609 1176 4691 judicio
1208 4607 1353 4691 proxime
1385 4627 1494 4670 occur·

222 4716 310 4779 renti
336 4717 375 4778 ad
409 4715 534 4796 objecta
567 4731 597 4776 et
629 4717 871 4798 propositiones
904 4715 1032 4778 Thome
1064 4716 1156 4797 jurati
1182 4715 1258 4777 dicti
1284 4714 1428 4796 Chcdcn,
1461 4729 1495 4777 ut

223 4825 356 4901 actoris,
380 4823 542 4885 tenebitur
564 4823 768 4905 respondete.

336 4929 413 4991 Item
439 4948 566 4990 causam
592 4925 734 4991 Mathesa
759 4929 798 4991 de
823 4931 881 4992 sub
907 4929 1050 4992 Zomzed
1079 4942 1181 4991 castro
1206 4930 1237 4990 in
1264 4928 1346 4992 facto
1371 4932 1409 4994 X.
1435 4931 1493 4993 flo-

221 5055 380 5100 renorum
406 5037 485 5113 auri,
510 5055 605 5118 quam
633 5036 700 5118 ipse
724 5051 832 5098 contre
857 5037 1006 5099 Vrsulam
1032 5037 1173 5099 relictam
1200 5035 1339 5100 Ladislai
1365 5036 1492 5117 sutoris,
