3838 5786
719 582 806 642 Anno
836 593 926 658 1473.
951 614 995 624 -
1017 579 1069 641 26.
1093 581 1262 640 novembre.

362 817 457 890 Feria
487 828 583 890 sexte
621 817 773 906 proxime
811 826 888 908 post
924 818 1047 889 festum
1084 819 1180 890 beate
1208 819 1392 890 uetuerine
1419 820 1564 908 virginis
1592 828 1626 888 et
1665 905 1669 911 Ι

915 941 1080 1014 martiris.

858 1097 923 1174 (26.
948 1096 1127 1172 novembris).

468 1237 545 1299 Item
571 1258 664 1300 causa
686 1256 750 1319 que
774 1239 957 1299 vertebatur
981 1238 1062 1298 inter
1080 1236 1265 1299 Emericum
1283 1235 1469 1318 agricolam,
1493 1236 1533 1296 ab
1552 1253 1627 1312 una,

361 1357 391 1406 et
416 1344 616 1406 Anthonium
643 1342 863 1420 Scrobothicz‚
887 1357 922 1404 ut
946 1343 978 1404 in
1002 1363 1130 1404 causam
1163 1357 1331 1406 attractum
1357 1343 1484 1404 racione
1509 1355 1540 1402 et
1556 1360 1626 1423 pre·

361 1465 448 1514 textu
473 1450 688 1532 quorumdam
715 1450 852 1532 sepium,
875 1463 921 1512 est
938 1449 1131 1530 adjudicata,
1155 1450 1243 1532 quod
1271 1449 1388 1510 Paulus
1406 1449 1519 1530 Hazug
1543 1447 1625 1528 jura·

361 1572 505 1620 mentum
531 1558 569 1618 ad
595 1571 743 1618 octavum
762 1556 847 1617 diem
865 1556 1026 1638 deponere
1044 1556 1183 1638 (debeat)
1200 1576 1362 1639 supereo,
1386 1567 1543 1637 quantum
1561 1553 1627 1635 ipse

363 1665 483 1744 virgate
517 1663 641 1746 sepium
667 1662 827 1740 valebant,
852 1676 968 1724 extunc
1000 1662 1070 1744 ipso
1098 1660 1182 1724 iacto
1208 1662 1311 1724 dictus
1336 1661 1501 1723 Emericus
1524 1659 1626 1721 exsol-

360 1791 433 1831 vere
458 1771 561 1853 ipsum
589 1769 724 1832 Paulum
750 1769 855 1830 debet.

467 1876 544 1938 Item
570 1895 663 1936 causa
682 1895 744 1956 que
763 1876 952 1936 movebatur
969 1873 1051 1936 inter
1069 1875 1279 1936 Benedictum
1297 1873 1488 1936 familiarem
1507 1873 1626 1956 egregii

361 1981 516 2044 Johannis
544 1982 706 2061 Lobogos,
729 1995 763 2042 ut
795 1996 934 2042 actorem
969 1982 1009 2042 ab
1043 2001 1117 2060 una,
1149 1997 1180 2042 et
1205 1983 1326 2043 Lucam
1351 1981 1511 2058 Ribaricz‚
1536 1995 1570 2042 ut
1594 1981 1626 2041 in

361 2107 488 2149 causam
515 2101 695 2164 attractum,
720 2089 886 2148 concivem
921 2101 1065 2148 nostrum
1091 2088 1219 2149 racione
1252 2087 1476 2168 percussionis,
1500 2107 1556 2166 per
1580 2087 1626 2166 ju·

361 2195 449 2256 dices
473 2209 519 2255 est
543 2193 737 2274 adjudicata,
770 2207 804 2255 ut
835 2192 976 2276 prefatus
1006 2194 1200 2256 Benedictus
1230 2191 1370 2256 famulus
1394 2194 1524 2254 deberet
1548 2206 1626 2253 met·

359 2303 447 2364 solus
471 2302 633 2384 deponere
659 2301 900 2382 (iuramentum)
925 2302 955 2362 in
982 2321 1031 2379 eo,
1056 2301 1144 2382 quod
1167 2302 1233 2382 ipse
1257 2299 1398 2362 eundem
1424 2301 1544 2361 Lucam
1570 2299 1625 2360 Ri-

361 2407 466 2468 baricz
491 2426 555 2468 non
581 2407 810 2488 vituperasset;
841 2407 972 2468 tandem
1004 2421 1036 2468 et
1067 2407 1134 2488 ipse
1161 2407 1263 2467 Lucas
1296 2407 1454 2488 Ribarycz
1479 2405 1548 2486 ipso
1573 2405 1626 2466 die

359 2513 507 2575 similiter
539 2513 693 2575 metsolus
725 2513 941 2592 juramentum
973 2513 1136 2594 deponere
1161 2513 1300 2574 deberet
1332 2531 1427 2594 super
1461 2531 1511 2590 eo,
1535 2511 1624 2592 quod

360 2621 426 2702 ipse
463 2619 602 2681 eundem
640 2619 849 2681 Benedictum
886 2618 1077 2681 familiarem
1110 2637 1174 2679 nou
1212 2619 1417 2700 percussisset
1448 2637 1506 2679 nec
1531 2616 1626 2680 crini-

360 2740 479 2800 zesset;
504 2725 558 2786 sed
585 2727 659 2807 quia
689 2724 802 2806 prefati
836 2726 1030 2788 Benedictus
1062 2723 1228 2786 familiaris
1252 2739 1283 2786 et
1315 2723 1419 2785 dictus
1444 2725 1546 2785 Lucas
1571 2723 1626 2784 Ri-

361 2834 476 2916 barycz
500 2852 567 2894 sese
600 2847 714 2894 mutuo
746 2845 1008 2914 composuerunt,
1041 2832 1083 2893 ita
1115 2844 1234 2910 tamen,
1267 2831 1356 2912 quod
1380 2830 1489 2892 nullus
1513 2849 1626 2892 eorum

361 2941 430 3023 ipso
455 2940 507 3000 die
525 2940 645 3002 dictum
664 2939 880 3020 juramentum
900 2939 1062 3021 deponere
1088 2957 1152 2998 non
1178 2938 1333 2999 deberent
1350 2936 1493 2998 unanimi
1512 2955 1625 2997 eorum

360 3060 391 3110 et
414 3047 514 3108 libera
538 3066 574 3108 ac
598 3059 775 3128 spontanea
800 3046 999 3128 volunptate.
