3738 5786
748 537 946 615 Anno1457.
972 571 1013 580 -
1036 547 1085 612 25.
1109 537 1277 596 novembris.

386 751 519 813 fratrum
544 749 761 812 claustralium
788 749 916 810 claustri
940 747 1039 810 sancti
1065 747 1190 808 Nicolai
1225 747 1367 829 episcopi
1392 759 1424 808 et
1448 745 1652 822 confessoris,

387 859 516 920 racione
540 857 706 918 cuiusdam
725 855 842 918 domus
866 855 899 916 in
922 869 1005 916 terra
1024 855 1099 916 dicti
1118 855 1245 916 claustri
1270 855 1302 915 in
1327 855 1488 916 territorio
1513 855 1652 916 civitatis

386 963 528 1048 predicte
546 962 664 1042 habite,
677 962 718 1024 ad
733 963 993 1023 commissionem
1012 960 1212 1044 judiciariam
1238 973 1378 1023 nostram
1394 975 1424 1024 et
1440 961 1525 1023 sedis
1542 975 1649 1022 nostre

386 1070 553 1154 judiciarie
578 1089 634 1151 per
657 1088 717 1130 nos
740 1068 887 1130 terciario
911 1066 1027 1130 factam
1044 1087 1110 1129 non
1127 1068 1216 1129 venit
1239 1086 1345 1149 neque
1369 1067 1511 1150 aliquem
1536 1087 1652 1150 procu·

385 1190 523 1240 ratorem
548 1195 642 1237 suum
667 1195 725 1258 pro
750 1195 782 1236 se
807 1175 902 1254 misit,
925 1174 980 1236 sed
1005 1195 1037 1236 se
1063 1195 1080 1236 a
1105 1172 1184 1235 facie
1209 1173 1286 1254 juris
1309 1174 1438 1256 penitus
1462 1175 1649 1237 absentavit.

492 1283 571 1344 Item
596 1283 672 1364 quia
691 1283 829 1343 lacobus
844 1281 988 1342 literatus
1014 1279 1098 1342 filius
1115 1280 1252 1342 condam
1278 1280 1362 1341 Petri
1386 1279 1504 1342 literati
1530 1279 1562 1342 id
1580 1299 1652 1341 curn

385 1388 556 1452 sufficienti
582 1403 613 1450 et
636 1387 800 1469 fidedigno
824 1388 1009 1450 testimonio
1028 1387 1124 1448 Blasii
1142 1386 1256 1469 judicis
1277 1386 1483 1468 provincialis
1507 1384 1649 1468 Capituli

387 1497 521 1560 ecclesie
544 1495 760 1577 zagrabiensis
784 1507 815 1556 et
839 1495 977 1556 aliorum
1002 1494 1215 1576 plurimorum
1246 1491 1485 1575 fidedignorum
1510 1495 1651 1555 virorum

303 1679 308 1692 ι
385 1603 484 1665 hodie
510 1621 617 1664 coram
643 1602 736 1662 uobis
761 1602 793 1662 in
810 1600 932 1682 judicio
954 1600 1038 1662 clare
1055 1601 1288 1682 comprobavit,
1312 1613 1348 1662 ut
1365 1600 1526 1662 Seboldus
1543 1600 1654 1681 Mayar

385 1731 403 1772 a
428 1708 552 1792 prelato
577 1709 672 1770 Petro
690 1708 816 1768 literato
840 1721 929 1789 patre
945 1707 1045 1789 ipsius
1063 1707 1172 1768 Jacobi
1191 1706 1318 1785 literati,
1343 1727 1400 1789 per
1424 1706 1650 1767 detencionem

386 1815 531 1878 eiusdem
556 1815 641 1876 Petri
666 1813 781 1875 literati
806 1833 901 1896 super
929 1813 1044 1874 eodem
1079 1813 1173 1873 Petro
1198 1812 1324 1874 literato
1349 1832 1405 1894 per
1429 1812 1568 1874 eundern
1594 1812 1649 1874 Se·

386 1921 522 1984 boldum
547 1919 673 1998 factam,
706 1920 813 1981 literas
846 1919 982 1981 civitatis
1013 1917 1231 2000 privilegiales
1261 1938 1357 2001 super
1381 1917 1484 1980 fundo
1508 1918 1652 1980 eiusdem

385 2029 470 2090 Petri
494 2027 609 2090 literati
636 2027 668 2088 in
693 2027 849 2088 suburbio
883 2026 1020 2088 civitatis
1044 2025 1187 2108 predicte
1209 2019 1318 2110 'penes
1342 2025 1477 2088 fluvium
1503 2027 1653 2088 metalem

385 2135 485 2216 vulgo
503 2134 755 2216 Medwednycza
773 2133 906 2210 dictum,
931 2133 961 2194 in
985 2133 1149 2194 vicinitate
1167 2131 1260 2194 fundi
1285 2133 1414 2196 Thome
1439 2132 1499 2195 filii
1516 2133 1652 2195 condam

386 2241 551 2303 Benedicti
577 2241 712 2322 Kopryn
737 2239 859 2318 habito,
883 2239 1024 2300 mediam
1050 2239 1170 2300 curiam
1190 2239 1229 2300 ad
1255 2259 1348 2300 usum
1373 2239 1509 2301 civitatis
1533 2238 1654 2321 prefate

386 2348 473 2408 inse
498 2348 693 2424 continente,
719 2345 942 2428 potencialiter
967 2346 1087 2426 absque
1112 2345 1201 2407 omni
1218 2346 1404 2428 pecuniaria
1420 2345 1586 2408 solucione
1605 2365 1654 2406 te·

385 2453 482 2536 cepit,
506 2472 602 2534 quem
629 2451 766 2513 fundum
791 2451 932 2534 prelatus
953 2452 1064 2513 Petrus
1081 2452 1224 2513 literatus
1248 2472 1306 2534 pro
1331 2465 1416 2515 certa
1440 2453 1650 2535 pecuniarum

385 2560 562 2642 quantitate
581 2573 839 2641 comparaverat;
858 2559 997 2640 ideoque
1015 2578 1074 2620 nos
1091 2559 1279 2622 auctoritate
1304 2559 1468 2622 literarum
1492 2560 1649 2642 regalium

386 2667 479 2728 uobis
503 2667 536 2727 in
560 2666 619 2728 bac
643 2680 731 2748 parte
756 2666 907 2726 attributa
925 2665 1097 2744 mediante,
1119 2667 1259 2728 eundem
1284 2665 1421 2728 fundum
1440 2667 1546 2728 medie
1562 2666 1651 2728 curie

385 2792 458 2835 cum
483 2773 635 2835 omnibus
650 2773 716 2834 suis
741 2771 932 2833 utilitatibus
949 2785 980 2833 et
1002 2772 1209 2854 pertinenciis
1234 2773 1390 2834 universis
1407 2773 1511 2834 eidem
1531 2773 1653 2834 Jacobo

385 2880 511 2942 literato
536 2878 603 2941 filio
627 2878 704 2941 dicti
729 2878 813 2940 Petri
831 2878 947 2940 literati
971 2892 1137 2960 tamquam
1157 2879 1253 2940 unico
1271 2879 1381 2941 heredi
1403 2899 1462 2941 suo
1487 2879 1561 2942 vivo
1578 2894 1652 2962 post

386 3005 460 3048 eum
485 2986 674 3064 remanenti,
698 2985 766 3066 jure
796 2985 990 3046 hereditario
1021 2985 1082 3046 sibi
1107 2986 1305 3047 incumbenti
1339 2984 1596 3068 adjudicavimus
1620 2991 1673 3048 et'

385 3093 555 3154 statuimus
578 3091 647 3174 jure
663 3106 820 3173 perpetuo
838 3104 868 3152 et
892 3091 1142 3154 irrevocabiliter
1159 3092 1390 3174 possidendum
1415 3106 1446 3154 et
1469 3092 1654 3174 quomodo-

388 3305 524 3366 civitatis
547 3317 724 3387 prenotate.

493 3410 571 3472 ltem
597 3411 672 3492 quia
697 3411 850 3473 Clemens
883 3409 983 3487 faber,
1016 3411 1123 3472 senior
1154 3410 1275 3492 juratus
1299 3424 1331 3472 et
1363 3411 1504 3473 concivis
1535 3424 1654 3491 noster,

387 3517 481 3579 nobis
505 3519 564 3579 sub
588 3517 769 3599 juramento
795 3519 826 3579 in
851 3538 904 3579 ara
929 3531 1036 3579 sancte
1061 3517 1174 3580 Crucis
1199 3537 1255 3600 per
1280 3517 1385 3599 ipsum
1408 3538 1464 3600 per
1488 3517 1653 3599 adjudica·

388 3624 514 3685 cionem
539 3622 717 3705 juratorum
740 3623 837 3686 hodie
869 3624 1001 3706 prestito
1033 3637 1064 3685 et
1088 3623 1247 3706 deposim,
1280 3625 1518 3686 conscienciose
1543 3625 1655 3686 retulit

386 3751 424 3792 ex
448 3751 465 3791 a
489 3744 587 3809 certo,
612 3743 646 3790 ut
670 3731 738 3813 ipse
762 3730 870 3792 literas
894 3730 1030 3792 civitatis
1047 3729 1265 3812 privilegiales
1288 3749 1384 3812 super
1408 3729 1509 3792 fundo
1534 3751 1593 3792 suo
1618 3731 1651 3792 in

386 3835 529 3918 predicto
554 3836 708 3897 suburbio
734 3836 833 3918 ipsius
857 3836 995 3897 civitatis
1019 3856 1117 3918 penes
1134 3834 1255 3897 dictum
1279 3835 1414 3898 fluvium
1439 3837 1590 3899 metalem
1615 3836 1650 3898 in

386 3942 546 4004 vicinitate
563 3942 697 4024 predicti
714 3940 805 4004 lundi
823 3943 922 4025 ipsius
946 3943 1056 4004 Jacobi
1073 3942 1190 4004 literati
1204 3942 1325 4022 habitu,
1343 3943 1483 4005 mediam
1501 3943 1651 4004 similiter

387 4049 507 4109 curiam
526 4048 566 4109 ad
585 4068 677 4110 usum
702 4049 838 4110 civitatis
855 4047 975 4132 prefate
1000 4049 1032 4110 in
1050 4069 1083 4110 se
1108 4049 1292 4111 continente
1317 4068 1375 4131 pro
1392 4063 1482 4132 parte
1498 4050 1545 4111 sui
1571 4069 1649 4112 con·

386 4153 494 4232 lectas,
518 4152 643 4236 prelato
669 4155 811 4217 Seboldo
837 4176 873 4216 ex
898 4175 936 4217 eo
962 4155 1037 4216 dare
1062 4155 1183 4233 debuit,
1212 4155 1288 4236 quia
1313 4156 1418 4238 ipsum
1444 4155 1649 4219 Clementem

387 4259 514 4321 labrum
532 4260 616 4322 idem
636 4261 796 4323 Seboldus
814 4263 1009 4326 incarcerare
1035 4261 1147 4340 voluit,
1172 4275 1204 4324 et
1220 4282 1279 4344 pro
1304 4263 1419 4324 eodem
1444 4262 1545 4326 fundo
1563 4263 1653 4328 idem

386 4364 541 4428 Clemens
564 4365 653 4428 faber
684 4382 814 4450 propter
846 4383 968 4430 metum
1001 4368 1265 4430 incarceracionis
1294 4369 1333 4430 ab
1366 4370 1481 4432 eodem
1509 4370 1656 4433 Seboldo

386 4485 515 4535 centum
540 4473 689 4534 denarios
714 4474 855 4556 recipere
880 4475 1002 4554 debuit,
1031 4495 1104 4536 cum
1129 4488 1237 4536 tamen
1271 4476 1376 4558 ipsum
1402 4475 1539 4539 fundum
1565 4477 1655 4540 idem

386 4579 538 4641 Clemens
562 4577 650 4641 faber
674 4599 733 4662 pro
758 4594 831 4642 octo
856 4580 924 4644 flor.
950 4582 1018 4642 auri
1044 4595 1303 4663 comparaverat;
1328 4582 1469 4665 ideoque
1494 4603 1553 4645 nos
1577 4603 1657 4646 auc·

386 4685 513 4746 toritate
537 4684 702 4747 literarum
728 4687 883 4767 regalium
915 4688 1008 4749 nobis
1039 4689 1071 4749 in
1096 4688 1154 4750 hac
1186 4701 1275 4770 parte
1300 4690 1450 4752 attributa
1475 4689 1654 4772 mediante,

387 4791 525 4852 eundem
550 4790 687 4854 fundum
721 4793 826 4854 medie
851 4795 936 4856 curie
968 4814 1041 4856 cum
1073 4795 1139 4856 suis
1171 4795 1363 4859 utilitatibus
1388 4811 1418 4859 et
1442 4798 1652 4879 pertinenciis

387 4897 544 4959 universis
576 4899 681 4960 eidem
718 4899 878 4962 Clementi
904 4900 995 4963 fabro
1029 4921 1067 4962 eo
1101 4901 1169 4983 jure
1201 4903 1380 4985 emptionis
1411 4923 1477 4985 quo
1511 4903 1655 4968 eundem

387 5001 524 5066 fundum
549 5003 634 5067 idem
661 5005 814 5070 Clemens
845 5009 932 5089 prius
964 5009 1106 5089 possedit
1137 5007 1394 5090 adjudicavimus
1425 5025 1456 5073 et
1479 5011 1654 5076 statuimus
