3838 5786
616 538 701 595 Anno
724 535 818 615 1460.
845 571 884 581 —
906 557 941 618 9.
957 539 1050 613 junii.
1402 557 1461 618 355

198 767 255 808 sua
282 749 364 810 inter
388 749 521 811 domum
548 749 752 831 Stephanych
778 749 871 830 jurati
897 763 927 810 et
951 750 1033 810 inter
1065 749 1198 812 domum
1224 750 1390 812 Benedicti
1416 751 1464 831 ju-

198 855 280 916 dicis
304 857 404 917 nostri
422 857 572 918 moderni
590 857 731 918 habitam
757 871 787 918 et
804 859 1002 934 existentem,
1027 877 1090 937 que
1107 857 1275 918 casualiter
1292 859 1331 918 ab
1349 856 1464 918 eodem

199 962 306 1022 existit
330 963 496 1043 deperdita
521 976 551 1024 et
575 963 692 1024 nullibi
718 964 853 1024 inveniri
879 975 909 1024 et
933 963 1065 1044 reperiri
1091 964 1196 1044 potuit
1219 963 1258 1024 ad
1283 963 1399 1024 trinam
1417 959 1464 1025 fo-

199 1087 326 1128 rensem
351 1069 642 1151 proclamacionem
669 1089 725 1150 per
750 1089 904 1150 precones
933 1083 1058 1130 nostros
1082 1067 1149 1129 lieri
1175 1071 1390 1148 commissam,
1414 1070 1464 1130 cui

199 1174 240 1234 de
266 1193 352 1235 novo
384 1175 475 1236 litera
508 1189 614 1236 nostra
646 1189 676 1236 et
707 1175 791 1237 dicte
823 1175 959 1236 civitatis
991 1175 1057 1236 dari
1090 1188 1137 1236 est
1168 1176 1338 1237 commissa
1370 1197 1465 1258 super

199 1279 315 1342 eadem
341 1281 449 1343 domo.
1415 1355 1420 1368 .

307 1387 384 1448 Item
418 1388 493 1468 quia
526 1387 672 1448 Thomas
704 1386 843 1469 frenipar
869 1387 1044 1469 Selesnyak
1076 1387 1188 1464 dictus,
1222 1389 1326 1468 primo
1351 1388 1465 1449 citatus

199 1509 309 1554 contra
337 1494 526 1554 Michaelem
552 1494 724 1576 pellificem
750 1493 961 1576 Naspychych
979 1494 1110 1568 dictum,
1129 1494 1288 1554 seniorem
1314 1493 1464 1572 juratum,

199 1601 328 1661 racione
353 1599 503 1662 fossionis
522 1601 642 1662 canalis
662 1620 761 1682 penes
778 1600 912 1661 domum
938 1599 1081 1660 eiusdem
1100 1598 1276 1678 Michaelis,
1295 1619 1358 1660 non
1377 1619 1463 1662 com·

198 1708 305 1788 paruit
329 1708 360 1768 in
386 1707 507 1788 judicio
532 1727 640 1768 coram
665 1707 768 1768 nobis.

307 1814 384 1875 Item
411 1815 512 1875 Lucas
536 1828 635 1892 sutor,
661 1813 835 1874 modernus
852 1812 983 1892 juratus,
1008 1827 1117 1874 contra
1143 1813 1260 1873 Rosam
1288 1813 1462 1895 Herwoye-

199 1920 335 2002 wychna
357 1921 548 1981 secundario
586 1921 699 1980 citatus
724 1939 787 1979 non
822 1921 1002 2002 comparuit
1026 1920 1058 1980 in
1082 1919 1333 2000 judiciocoram
1360 1920 1463 1981 nobis.

307 2026 384 2088 ltem
408 2027 501 2106 jurati
528 2027 557 2087 in
585 2025 668 2087 lacto
693 2026 868 2087 solucionis
889 2025 1041 2087 tredecim
1060 2025 1128 2087 flor.
1154 2025 1222 2086 auri
1247 2045 1303 2106 per
1328 2025 1463 2086 Paulum

197 2131 397 2194 aurifabrum
432 2132 597 2214 Stephano
629 2132 768 2193 carnifici
801 2133 910 2214 Zayko
947 2132 1044 2210 dicto,
1076 2133 1205 2192 racione
1238 2131 1344 2192 fertilis
1375 2133 1463 2213 quod

199 2253 405 2318 convenerat,
422 2239 658 2319 adjudicarunt,
683 2239 771 2320 quod
791 2239 856 2320 ipse
875 2239 993 2300 Paulus
1010 2238 1113 2318 jurare
1130 2238 1290 2298 tenebitur
1308 2239 1465 2300 solusmet

199 2345 276 2407 feria
303 2347 400 2408 tercia
425 2347 571 2428 proxima
593 2359 664 2427 post
688 2343 804 2408 festum
838 2345 991 2426 Corporis
1020 2345 1151 2422 Christi,
1175 2346 1263 2426 quod
1288 2347 1353 2428 ipse
1379 2347 1465 2428 ipsos

198 2453 353 2513 tredecim
379 2452 447 2514 flor.
473 2453 541 2513 auri
560 2453 656 2513 solvit
681 2451 807 2513 realiter
832 2451 890 2532 ipsi
909 2452 1063 2533 Zaykoni,
1089 2465 1119 2512 et
1143 2451 1218 2512 dum
1245 2451 1371 2532 jurabit,
1388 2466 1464 2513 tunc

198 2559 295 2638 judex
319 2559 479 2620 tenebitur
504 2559 609 2619 eidem
635 2559 736 2618 Paulo
770 2557 904 2619 reddere
938 2558 1011 2618 illos
1035 2560 1178 2639 quinque
1212 2557 1279 2620 flor.
1305 2578 1386 2638 quos
1411 2560 1463 2619 Jo-

198 2665 321 2726 hannes
346 2665 477 2744 Bolsak,
501 2665 675 2746 Dyonisius
700 2663 870 2746 Sypchych
896 2679 925 2724 et
943 2665 996 2724 alii
1022 2665 1163 2746 ipsorum
1183 2650 1324 2726 consocii
1348 2677 1462 2726 aresta·

197 2787 319 2849 verant,
345 2789 375 2832 et
401 2772 466 2854 ipse
493 2771 654 2832 lohannes
688 2771 803 2832 Bolsalc
837 2791 908 2831 cutn
942 2772 1036 2832 sociis
1060 2773 1125 2833 suis
1156 2771 1295 2854 dampna
1320 2772 1462 2852 ipsorum

197 2899 294 2960 super
318 2879 422 2959 ipsum
448 2879 633 2961 Zaykonem
660 2878 810 2960 prosequi
835 2879 1040 2939 tenebuntur.

306 2985 383 3046 ltem
416 3004 543 3046 causam
576 2985 657 3045 inter
690 2985 802 3045 Betlelc
834 2983 990 3066 Chaylryn
1025 2999 1055 3046 et
1092 2986 1172 3045 inter
1209 2986 1327 3045 Lucam
1360 2984 1461 3046 filium

198 3091 347 3172 Dyonisii
374 3092 457 3151 ribar
490 3091 616 3151 racione
650 3090 847 3172 recepcionis
879 3090 981 3150 noctis
1007 3091 1037 3150 in
1070 3091 1202 3151 silencio
1227 3092 1461 3152 subtractorum

198 3199 338 3260 duorum
366 3218 526 3276 vasorum,
551 3198 656 3258 taliter
673 3197 763 3278 jurati
791 3197 1024 3278 adjudicarunt,
1046 3197 1133 3278 quod
1159 3198 1225 3278 ipse
1251 3197 1363 3258 Berlelt
1389 3218 1462 3259 cum

197 3307 279 3366 scitu
304 3305 402 3386 ipsius
429 3306 513 3365 Luce
538 3318 682 3386 receptos
707 3305 845 3382 dicebat,
872 3305 936 3384 ipse
968 3305 1069 3364 Lucas
1093 3305 1171 3366 seria
1196 3305 1292 3364 tercia
1318 3305 1462 3386 proxime

198 3426 331 3473 ventura
356 3411 459 3492 jurare
484 3411 644 3472 tenebitur
670 3412 701 3470 in
733 3431 786 3471 ara
811 3423 917 3471 sancte
943 3410 1067 3489 Crucis,
1099 3411 1188 3492 quod
1213 3431 1278 3471 non
1305 3431 1377 3471 cum
1403 3431 1462 3472 suo

197 3519 277 3578 scitu
303 3531 334 3578 et
357 3517 550 3578 induccione
574 3537 630 3577 sua
656 3515 785 3578 fuerunt
809 3530 934 3597 recepta
960 3517 1026 3597 ipsa
1051 3517 1116 3578 duo
1141 3537 1225 3579 vasa.

198 3843 205 3858 ι
253 3754 347 3826 Fetia
378 3762 474 3826 sexta
502 3754 652 3843 proxima
682 3763 759 3825 ante
787 3754 909 3825 festum
939 3753 1027 3825 beati
1057 3751 1209 3823 barnabe
1237 3753 1392 3840 apostoli.

744 3905 791 3986 (9.
807 3908 916 3982 junii).

307 4048 383 4110 ltem
409 4049 490 4110 trina
515 4051 582 4109 vice
609 4063 654 4110 est
686 4049 917 4130 proclamatum
950 4067 1006 4128 per
1039 4067 1192 4128 precones
1225 4059 1349 4106 nostros
1374 4067 1461 4108 com-

197 4175 324 4233 munes,
350 4156 477 4216 racione
502 4155 667 4216 cuiusdam
693 4169 773 4216 terre
798 4155 927 4214 arabilis
950 4154 980 4214 in
991 4154 1158 4214 'territorio
1184 4167 1214 4213 et
1238 4172 1352 4234 campo
1378 4153 1461 4214 dicte

195 4262 335 4324 civitatis
359 4263 494 4322 condam
522 4263 617 4322 Blasii
644 4262 780 4343 Frawyn
811 4261 898 4338 dicti,
920 4261 1055 4320 condam
1082 4259 1240 4340 Gregorio
1267 4259 1461 4342 Hudosthyh

196 4369 447 4450 inpignoratam,
474 4381 504 4428 et
528 4369 656 4428 tandem
684 4389 739 4450 per
764 4369 867 4448 ipsum
890 4366 1082 4446 Gregorium
1110 4365 1311 4448 deosthyh
1338 4366 1461 4428 Briccio

194 4475 295 4556 judici
322 4474 407 4535 fratri
433 4495 492 4536 sno
517 4475 781 4535 testamentalitcr
806 4474 954 4552 legatam,
980 4487 1009 4532 et
1033 4473 1147 4533 iterum
1173 4492 1228 4554 per
1254 4473 1358 4553 ipsum
1377 4473 1461 4533 Bric-

196 4583 282 4644 cium
315 4581 453 4662 judicem
487 4581 622 4641 condam
656 4581 786 4640 domine
822 4579 1022 4659 Margarethe
1055 4579 1147 4638 matri
1181 4578 1239 4638 viri
1272 4578 1398 4660 providi
1431 4592 1462 4640 et

198 4688 420 4770 circumspecti
436 4687 591 4749 lobannis
608 4686 783 4768 Perowych
802 4686 1063 4746 testamentaliter
1081 4685 1243 4745 dimissam
1259 4697 1289 4745 et
1306 4686 1337 4744 in
1355 4685 1460 4766 ipsum

198 4794 374 4876 Perowych
408 4807 480 4875 post
512 4807 649 4854 mortem
684 4794 782 4875 ipsius
811 4793 941 4853 domine
976 4791 1174 4872 Margarethe
1208 4791 1405 4870 devolutam,
1430 4805 1461 4852 et

198 4901 272 4980 quia
291 4899 315 4959 si
330 4901 447 4981 aliquis
460 4914 540 4960 esset
551 4921 586 4962 err
606 4898 753 4961 fratribus
771 4913 800 4960 et
814 4898 1061 4979 consanguineis
1080 4898 1177 4978 ipsius
1195 4898 1291 4957 Blasii
1312 4897 1459 4979 Frawyn,

197 5026 281 5086 quos
306 5007 373 5088 ipsa
397 5021 478 5068 terra
503 5008 541 5067 ad
569 5007 790 5095 redimendum
824 5017 1031 5086 competeret,
1064 5024 1121 5084 pro
1147 5004 1200 5064 illa
1226 5003 1379 5085 peccunia
1403 5023 1460 5086 pro

1337 5106 1355 5146 s
