3838 5786
408 583 471 644 442
800 567 885 623 Anno
910 577 996 641 1475.
1023 600 1063 608 -
1088 580 1137 624 2r.
1161 564 1278 639 aprilis.

515 779 591 838 ltem
618 779 648 837 in
686 797 778 837 causa
815 778 896 837 inter
930 777 1056 858 Dwdyn
1089 790 1120 838 et
1156 775 1333 857 Georgium
1369 789 1509 837 sutorem
1544 778 1672 837 racione

410 885 576 945 cuiusdam
602 885 693 944 vinee
712 883 833 961 judices
856 883 1121 962 adjudicaverunt
1155 883 1242 964 quod
1261 895 1355 964 prout
1379 883 1495 944 habeat
1512 897 1542 944 et
1559 885 1672 945 solvat.

514 990 590 1051 Item
616 1010 742 1050 causam
778 991 858 1050 inter
892 990 1019 1050 Petrum
1048 991 1157 1049 Koncz
1190 1003 1220 1049 et
1251 990 1378 1050 Petrum
1412 1007 1672 1071 campanatorem

409 1097 492 1158 idem
520 1099 630 1158 Petrus
657 1099 766 1157 Koncz
792 1096 967 1178 appellavit
992 1097 1024 1156 in
1049 1096 1244 1177 presenciam
1271 1097 1444 1156 seniorum.

514 1203 590 1264 Item
616 1223 743 1264 causam
770 1204 851 1263 inter
885 1203 987 1264 Eliam
1019 1215 1277 1284 campanatorem
1311 1215 1342 1262 et
1374 1202 1574 1263 Anthonium
1600 1202 1673 1263 luti-

411 1309 544 1390 figulum
576 1310 698 1387 judices
729 1323 984 1391 prorogaverunt
1019 1309 1057 1369 ad
1093 1307 1234 1370 futurum
1267 1309 1407 1390 primum
1440 1308 1607 1388 judicium,
1640 1323 1674 1369 ut

411 1417 497 1476 Elias
530 1418 643 1497 probet
683 1417 898 1498 captivitatem
931 1416 1085 1476 Anthonii
1122 1416 1147 1476 si
1179 1417 1361 1477 merebatur
1393 1415 1562 1497 captivari;
1596 1416 1672 1476 item

409 1523 495 1582 Elias
518 1523 654 1583 eandem
679 1542 806 1583 causam
832 1523 1005 1604 appellavit
1029 1523 1062 1582 in
1090 1524 1285 1602 presenciam
1312 1522 1485 1583 seniorum.

514 1629 590 1690 ltem
615 1649 742 1690 causam
770 1629 851 1688 inter
876 1628 992 1689 Dwdin
1019 1643 1050 1689 et
1075 1628 1251 1709 Georgium
1281 1642 1434 1706 sutorem,
1459 1629 1544 1689 idem
1572 1628 1672 1690 Geor·

407 1736 479 1814 gius
503 1736 677 1817 appellavit
703 1736 732 1796 in
759 1737 958 1817 presenciam
983 1735 1159 1796 seniorum.

512 1843 590 1903 Item
616 1844 646 1903 in
672 1863 765 1903 causa
798 1843 879 1902 inter
912 1843 1017 1902 Eliam
1049 1856 1189 1902 sutorem
1224 1855 1254 1902 et
1280 1843 1452 1902 Martinum
1486 1841 1671 1904 Cornacum

407 1949 535 2009 racione
561 1949 739 2009 testamenti
765 1948 931 2009 cuiusdam
958 1948 1047 2009 Pauli
1066 1949 1243 2030 presbiteri,
1269 1949 1323 2029 qui
1350 1948 1429 2008 obiit
1447 1949 1478 2008 in
1497 1946 1673 2024 Wrabcha,

407 2055 556 2116 videlicet
580 2075 632 2116 sex
657 2054 738 2133 flor,
762 2055 867 2115 eidem
891 2055 960 2116 Elie
986 2069 1032 2116 est
1049 2075 1104 2136 per
1128 2054 1249 2135 judices
1267 2054 1484 2134 adjudicatum
1510 2054 1672 2134 juramen-

405 2173 473 2220 tum
499 2160 549 2221 die
575 2160 733 2222 hodierno
760 2159 922 2241 deponere
951 2161 982 2221 in
1017 2161 1149 2222 ecclesia
1176 2181 1270 2242 super
1295 2180 1344 2239 e0,
1377 2161 1464 2242 quod
1491 2161 1558 2241 ipse
1585 2160 1672 2220 Elias

406 2287 469 2327 non
496 2267 591 2327 habet
615 2268 756 2348 aliquam
781 2267 950 2348 pecuniam
977 2267 1120 2328 eiusdem
1153 2268 1290 2328 condam
1317 2267 1440 2328 domini
1468 2267 1568 2344 Pauli,
1595 2269 1670 2347 quia

406 2373 490 2434 idem
518 2373 668 2434 dominus
692 2375 810 2435 Paulus
834 2374 995 2454 legaverat
1018 2373 1142 2456 prelato
1170 2373 1307 2434 Macrino
1331 2372 1416 2436 fratri
1442 2393 1510 2435 su0.

514 2479 589 2540 ltem
617 2480 647 2540 in
673 2499 766 2540 causa
792 2480 872 2542 inter
890 2480 1053 2561 Filippum
1081 2480 1198 2540 Dwdin
1224 2495 1254 2540 et
1272 2480 1413 2541 relictam
1440 2477 1603 2557 aurifabri,
1623 2479 1671 2539 bis

405 2587 499 2647 citata
525 2605 589 2647 non
615 2586 803 2668 comparuit.

557 2820 651 2893 Feria
681 2833 777 2894 sexta
807 2832 885 2894 ante
913 2825 1034 2894 festum
1064 2825 1153 2895 beati
1183 2824 1314 2914 Georgii
1343 2827 1507 2896 martiris.

932 2975 995 3056 (21.
1020 2977 1150 3052 apriles).

512 3117 587 3178 ltem
621 3118 696 3198 quia
723 3117 846 3178 Blasius
878 3118 962 3179 filius
994 3119 1086 3179 Kiriu
1110 3119 1150 3180 de
1181 3118 1341 3180 territorio
1366 3118 1501 3179 civitatis
1534 3117 1666 3178 Montis·

403 3224 564 3302 grecensis
590 3224 621 3284 in
647 3221 816 3285 manifesto
841 3223 926 3286 furtu
943 3238 1100 3286 certarum
1122 3245 1239 3304 rerum,
1263 3225 1473 3306 pecuniarum
1498 3225 1665 3285 cuiusdam

404 3329 493 3390 Vane
520 3329 551 3390 in
577 3329 798 3391 Jaztrebarzka
824 3345 854 3392 et
878 3351 983 3391 rerum
1016 3331 1139 3392 domini
1171 3332 1241 3393 Elie
1266 3331 1470 3412 prebendarii
1496 3331 1584 3392 chori
1616 3351 1666 3392 ec-

403 3435 497 3496 clesie
523 3437 737 3515 zagrabiensis
761 3451 971 3519 receptarum,
1002 3437 1032 3497 in
1065 3437 1164 3499 domo
1192 3459 1247 3500 sua
1281 3439 1365 3500 civili
1391 3453 1602 3520 receptarum,
1627 3457 1663 3498 ac

403 3542 538 3602 aliarum
563 3563 669 3603 rerum
694 3543 877 3603 concivium
902 3557 1084 3604 nostrorum
1111 3545 1231 3605 scilicet
1256 3545 1427 3626 Tulouycz
1452 3558 1482 3605 et
1507 3543 1667 3604 Banscha-

402 3649 502 3729 koycz
535 3662 565 3709 et
598 3648 751 3730 Selchycz
783 3663 927 3730 repertus
951 3665 998 3710 est
1034 3671 1050 3710 a
1083 3666 1181 3730 certo,
1213 3665 1308 3732 prout
1332 3650 1393 3711 hoc
1426 3650 1512 3710 idem
1545 3649 1665 3710 furtum

403 3755 537 3835 ipsemet
563 3755 685 3814 Biasius
710 3754 760 3814 fur
784 3756 911 3836 publice
938 3756 1155 3817 hodiecoram
1181 3756 1297 3837 judice,
1320 3757 1431 3838 juratis
1455 3771 1485 3817 et
1511 3757 1667 3816 universis

403 3861 526 3921 civibus
551 3881 585 3921 ac
611 3875 675 3922 tota
702 3863 932 3923 communitate
958 3864 1093 3924 civitatis
1118 3877 1283 3944 prenotate
1308 3865 1339 3924 in
1357 3863 1499 3944 generali
1524 3877 1555 3923 et
1579 3881 1666 3923 com-

402 3968 492 4027 muni
518 3968 772 4047 congregacione
797 3987 907 4028 eorum
934 3969 965 4028 in
991 3968 1111 4048 judicio
1141 3983 1188 4031 est
1212 3967 1384 4047 confessus,
1410 3970 1548 4050 ideoque
1573 3968 1665 4049 jurati

403 4073 539 4134 civitatis
563 4089 728 4155 prenotate
754 4076 857 4155 ipsum
884 4076 1026 4136 Blasium
1053 4075 1155 4137 furem
1180 4077 1339 4158 supplicio
1362 4092 1392 4136 et
1423 4096 1505 4158 pene
1530 4076 1666 4157 patibuli

402 4183 611 4244 decreverunt
643 4182 710 4244 fore
743 4184 1028 4265 condempnatum,
1065 4185 1120 4264 qui
1152 4185 1191 4245 ad
1225 4184 1335 4246 leriam
1368 4197 1489 4244 sextam
1520 4183 1666 4265 proxime

401 4289 570 4350 affuturam
596 4290 681 4370 juxta
706 4311 763 4351 sua
780 4291 934 4351 demerita
950 4291 1091 4372 predicta
1117 4292 1146 4351 in
1173 4291 1318 4373 patibulo
1336 4290 1575 4352 communitatis
1596 4309 1665 4371 pre-

401 4397 483 4456 dicte
509 4397 605 4458 debet
629 4398 791 4478 suspendi.

508 4503 583 4562 ltem
610 4503 734 4582 Agatha
752 4503 947 4564 conthoralis
971 4503 1114 4564 eiusdem
1134 4517 1179 4564 est
1199 4503 1366 4564 licenciata
1391 4515 1478 4565 extra
1503 4503 1665 4565 civitatem

400 4623 539 4669 nostram
573 4609 706 4670 ulterius
738 4610 768 4668 in
803 4611 869 4689 ipsa
902 4611 1028 4670 civitate
1065 4630 1128 4670 non
1161 4609 1369 4691 permanendi
1403 4629 1461 4692 pro
1494 4630 1543 4688 e0,
1576 4608 1664 4690 quod

400 4715 485 4776 idem
511 4715 635 4796 Agatha
661 4716 787 4776 conscia
811 4713 922 4778 fuisset
948 4715 978 4776 in
998 4715 1160 4776 lurticinio
1185 4717 1340 4777 dictarum
1361 4735 1465 4777 rerum
1484 4735 1540 4797 per
1558 4717 1664 4797 ipsum

403 4823 543 4882 Blasium
571 4823 720 4882 maritum
746 4842 837 4883 suum
864 4821 978 4882 furtive
1000 4839 1209 4903 receptarum,
1236 4823 1276 4882 ita
1295 4823 1361 4902 ipsa
1380 4821 1505 4901 Agatha
1531 4823 1665 4882 ulterius

400 4930 431 4988 in
459 4929 620 4988 civitatem
648 4942 786 4988 nostram
806 4948 863 5008 pro
889 4948 977 4989 mora
1003 4948 1066 4989 non
1086 4929 1225 5007 intraret,
1250 4949 1312 5010 que
1333 4929 1358 4989 si
1383 4929 1548 4989 intraverit
1564 4927 1662 4988 simili

397 5054 480 5116 pena
505 5035 667 5116 punietur.
