3694 5782
626 562 713 619 Anno
733 557 826 640 1464.
853 595 895 604 -
916 575 950 637 9.
966 561 1060 638 junii.

213 772 285 855 quia
310 772 399 854 juxta
426 774 688 836 commissionem
714 787 746 835 et
769 773 999 836 admissionem
1024 775 1264 836 communitatis
1288 775 1354 859 ipse
1382 776 1482 838 Bene·

213 881 317 942 dictus
344 883 413 964 ipsa
438 885 553 944 robora
577 901 635 943 sua
658 882 758 944 libere
775 882 880 944 levare
899 881 1047 959 debebat,
1064 881 1120 943 sed
1146 881 1221 963 quia
1240 882 1307 964 ipse
1324 883 1481 944 Martinus

214 987 306 1067 judex
333 989 449 1051 eadem
473 991 589 1051 robora
614 987 721 1051 eidem
746 987 853 1050 levare
879 1007 944 1050 non
972 987 1102 1049 admisit
1125 987 1180 1049 sed
1208 1001 1317 1050 contra
1342 989 1482 1050 eundem

213 1096 399 1176 potenciam
424 1095 585 1177 allegabat
608 1107 639 1158 et
664 1095 800 1174 dicebat,
825 1093 900 1156 ideo
925 1094 991 1176 ipse
1016 1093 1171 1156 solusmet
1197 1095 1354 1162 Martinus
1377 1093 1481 1156 inilia

215 1202 364 1284 potencia
389 1217 499 1264 contra
525 1203 629 1285 ipsum
655 1202 866 1265 Benedictum
896 1201 1058 1264 remansit.

318 1326 399 1388 Item
423 1346 553 1389 causam
572 1329 654 1389 inter
671 1326 841 1388 Nicolaum
868 1325 1016 1409 Poyeych
1042 1341 1072 1388 et
1091 1325 1220 1388 Gerdak
1237 1339 1390 1405 sutorem,
1407 1327 1482 1408 quia

215 1433 362 1495 Andreas
404 1434 524 1515 juratus
564 1435 668 1496 eidem
702 1432 831 1495 Gerdak
867 1435 949 1495 bene
980 1433 1195 1514 juramentum
1235 1431 1483 1515 adjudicaverat,

216 1539 289 1600 ideo
315 1538 410 1620 jurati
436 1539 666 1603 confirmarunt
689 1539 807 1602 dictam
838 1539 1127 1621 adjudicationem,
1160 1539 1235 1622 quia
1260 1541 1326 1622 ipse
1351 1540 1481 1602 Gerdak

213 1665 276 1707 non
302 1646 444 1729 prestitit
466 1645 702 1729 jurameutum;
727 1646 767 1710 de
800 1665 866 1728 quo
890 1645 1012 1730 judicio
1044 1647 1187 1730 ipsorum
1212 1645 1389 1728 juratorum
1414 1647 1481 1730 ipse

212 1751 344 1816 Gerdak
368 1773 435 1816 non
460 1767 629 1816 contentus
653 1753 693 1816 ad
717 1754 860 1817 seniores
883 1753 1058 1837 appellavit
1081 1753 1218 1834 judices.

219 1941 226 1952 ,
319 1876 559 1940 Item-causam
592 1877 674 1940 inter
706 1878 860 1940 Mathiam
893 1877 1113 1961 Scrobothycb
1138 1891 1169 1940 et
1201 1878 1282 1940 inter
1316 1877 1480 1940 Thomam

212 1983 416 2070 Ztrozkoych
442 1984 571 2046 racione
595 1984 793 2047 deseccionis
813 1985 892 2046 silve
917 1985 1060 2046 eiusdem
1086 1983 1216 2063 Mathis,
1242 1985 1308 2067 ipse
1333 1983 1482 2046 Thomas

210 2088 370 2151 solusmet
393 2089 499 2172 jurare
524 2091 556 2152 in
581 2110 634 2153 ara
659 2105 767 2152 sancte
792 2089 906 2152 Crucis
925 2091 1087 2152 tenebitur
1111 2089 1188 2152 feria
1213 2091 1310 2152 tercia
1335 2090 1481 2173 proxime

210 2211 359 2275 ventura,
384 2196 472 2278 quod
497 2197 564 2279 ipse
597 2217 655 2260 nec
678 2197 780 2258 secuit
812 2197 843 2258 in
876 2197 955 2258 silva
987 2196 1130 2259 eiusdem
1157 2197 1201 2258 nil
1226 2195 1278 2259 vel
1304 2196 1480 2261 modicum.

319 2321 397 2384 Item
414 2341 541 2383 causam
561 2323 642 2384 inter
659 2321 829 2384 dominum
846 2323 1027 2384 Barnabam
1044 2321 1256 2404 presbiterum
1271 2333 1302 2384 et
1319 2319 1477 2384 famulum

211 2425 372 2489 Lodouici
399 2427 527 2489 racione
561 2426 798 2490 interfeccionis
830 2427 997 2490 cuiusdam
1026 2428 1126 2510 porci,
1158 2427 1251 2506 jurati
1277 2425 1480 2509 adjudicave-

210 2548 295 2612 runt,
320 2534 411 2615 quod
437 2535 504 2617 ipse
529 2534 682 2596 dominus
699 2534 862 2596 Barnabas
886 2531 965 2596 feria
981 2533 1077 2595 tercia
1102 2533 1248 2617 proxima
1274 2546 1346 2615 post
1363 2532 1480 2596 festum

209 2640 294 2701 beati
321 2641 468 2702 Barnabe
503 2639 641 2724 apostoli
675 2640 714 2702 ad
746 2641 980 2703 conscienciam
1009 2659 1098 2702 suam
1131 2639 1259 2722 (jurare)
1284 2639 1415 2702 debebit
1447 2640 1478 2702 in

209 2765 259 2824 eo,
285 2746 375 2828 quod
401 2747 469 2829 ipse
494 2747 646 2808 dominus
672 2747 833 2809 Barnabas
865 2747 990 2808 nullum
1016 2745 1194 2829 profectum
1220 2745 1364 2807 eiusdem
1389 2746 1478 2828 porci

208 2851 323 2914 habuit
356 2866 387 2915 et
418 2866 573 2934 quantum
601 2855 668 2935 ipse
700 2873 816 2935 porcus
848 2854 942 2932 valet,
977 2867 1116 2935 prestare
1148 2853 1320 2930 tenebitur,
1345 2865 1376 2914 et
1401 2851 1477 2914 dum

211 2960 378 3042 prestabit,
402 2973 477 3022 tunc
501 2961 569 3042 ipse
594 2957 735 3021 famulus
759 2960 858 3041 ipsius
877 2959 1034 3022 Lodouici
1061 2959 1198 3021 eundem
1225 2979 1359 3041 porcum
1377 2979 1478 3040 quan·

207 3081 277 3128 tum
304 3066 390 3128 valet
412 3065 518 3128 eidem
542 3065 677 3128 domino
702 3067 847 3128 Barnabe
871 3066 995 3128 solvere
1020 3065 1190 3128 tenebitur.

317 3191 394 3254 Item
420 3211 548 3253 causam
573 3193 654 3253 inter
689 3190 853 3252 Thomam
878 3190 1013 3254 Cheden
1045 3203 1075 3252 et
1099 3191 1180 3251 inter
1214 3189 1399 3251 Ladislaum
1422 3207 1477 3269 ge·

208 3317 323 3359 nerum
350 3298 516 3359 Laurencit
551 3297 704 3360 institoris
725 3297 818 3378 jurati
849 3311 1063 3380 prorogarunt
1095 3316 1196 3377 usque
1230 3295 1370 3378 primum
1395 3293 1477 3376 judi-

208 3405 307 3482 cium,
331 3405 420 3486 quod
444 3405 511 3486 ipse
538 3404 706 3466 Ladislaus
729 3407 865 3486 probare
889 3403 1050 3466 tenebitur
1072 3417 1103 3464 et
1132 3403 1363 3480 demonstrare,
1387 3401 1476 3482 quod

209 3511 276 3592 ipse
300 3507 362 3574 fuit
385 3511 541 3593 spoliatus
565 3511 629 3572 illis
652 3525 726 3572 octo
743 3510 823 3588 flor,
848 3529 930 3592 quos
954 3510 1021 3592 ipse
1039 3508 1185 3570 Thomas
1210 3507 1344 3570 Cheden
1369 3507 1474 3568 eidem

206 3617 248 3678 ad
273 3617 449 3679 emendum
474 3631 595 3679 certurn
620 3617 747 3678 milium
772 3617 811 3678 ad
837 3617 1022 3679 societatem
1047 3615 1188 3678 dederat.

301 3873 449 3944 Sabbata
479 3875 631 3962 proximu
661 3881 739 3945 ante
768 3874 891 3946 festum
919 3873 1009 3944 beati
1038 3873 1191 3943 Barnabe
1220 3873 1376 3961 apostoli.

752 4041 924 4124 (st-sunia)-

315 4185 456 4248 Causam
481 4187 563 4248 inter
581 4186 745 4249 Thomam
763 4184 967 4268 ireniparem,
992 4183 1151 4246 seniorem
1179 4183 1319 4265 juratum
1344 4197 1375 4245 et
1398 4203 1474 4244 con-

207 4291 310 4354 civem
333 4305 490 4370 nostrum,
516 4307 547 4355 et
572 4293 783 4355 Benedictum
807 4291 999 4354 modernum
1025 4289 1175 4372 juratum,
1200 4288 1409 4368 aurifabrum,
1427 4309 1474 4351 ra·

207 4397 299 4459 ciune
326 4399 492 4460 cuiusdam
525 4398 725 4461 fideiussorie
759 4399 870 4460 decem
903 4411 934 4458 et
957 4411 1030 4459 octo
1062 4415 1284 4457 mensurarum
1310 4396 1391 4458 milii
1416 4415 1474 4478 pro

207 4502 357 4566 Emerico
382 4503 508 4566 Croaco
534 4505 729 4566 intermino
754 4504 835 4565 inter
860 4503 946 4585 ipsos
963 4498 1154 4565 'solutionis
1178 4502 1299 4582 habito,
1324 4521 1383 4585 pro
1408 4521 1473 4584 quo

207 4607 317 4671 debito
341 4630 375 4672 se
407 4608 627 4672 fideiussorem
660 4611 765 4673 eidem
798 4609 928 4672 Thome
960 4609 1067 4691 posuit
1096 4621 1127 4670 et
1159 4608 1243 4686 iecit,
1267 4629 1324 4690 per
1355 4609 1474 4691 juratos

208 4715 423 4798 adjudicatam
448 4731 479 4779 et
503 4717 543 4778 ad
568 4737 626 4779 nos
650 4718 793 4780 seniores
812 4716 934 4797 judices
957 4735 1014 4798 per
1031 4715 1169 4777 eundem
1195 4715 1360 4777 Thomam
1378 4714 1472 4775 freni·

208 4841 316 4903 parem
348 4823 556 4906 appellatam,
586 4823 692 4886 taliter
725 4823 926 4901 invenerunt,
958 4822 1047 4903 quod
1081 4823 1146 4905 ipse
1172 4821 1365 4884 Benedictus
1389 4819 1472 4881 auri·

208 4926 295 4992 faber
319 4929 488 4992 fideiussor
512 4943 638 4992 tenetur
662 4929 767 4992 eidem
793 4928 923 4990 Thome
947 4927 1071 4990 solvere
1089 4929 1170 4990 sicut
1194 4949 1226 4990 se
1251 4927 1471 4990 fideiussorem

208 5039 325 5118 posuit,
351 5037 540 5100 intermino
565 5057 706 5100 seucum
732 5037 903 5098 novalibus
920 5037 1003 5118 ipsas
1019 5037 1130 5098 decem
1150 5049 1180 5096 et
1204 5049 1277 5097 octo
1295 5054 1471 5096 mensuras.
