3838 5786
439 597 502 662 370
844 582 1044 656 Anno1470.
1074 610 1115 620 -
1139 587 1188 654 27.
1204 578 1289 652 julii.

545 789 624 853 [tem
649 809 743 851 causa
768 789 850 851 inter
875 788 1069 869 Gregorium
1097 801 1240 850 sutorem
1264 803 1295 850 et
1318 788 1401 850 inter
1425 786 1555 849 fratrem
1573 787 1702 848 Martini

439 897 569 981 Banych
594 911 640 958 est
664 910 833 979 prorogata
859 915 960 976 usque
984 896 1124 978 primum
1153 893 1309 976 judicium
1344 895 1369 956 si
1393 907 1545 976 poterunt
1569 913 1702 956 concor·

437 1003 524 1081 dare,
549 1003 694 1084 alioquin
720 1015 936 1084 compareant.

491 1238 587 1312 Faria
616 1246 713 1312 sexta
743 1237 895 1329 proxima
924 1241 956 1310 in
985 1246 1108 1312 octava
1136 1241 1232 1312 beate
1261 1239 1472 1327 Margaretlre
1498 1241 1652 1328 virginis.

983 1394 1048 1470 (20.
1065 1390 1161 1470 julia).

546 1534 623 1596 ltem
650 1534 725 1616 quia
749 1533 906 1611 Andreas,
930 1533 1061 1616 Endrey
1077 1533 1191 1612 dictus,
1215 1550 1355 1596 unacum
1379 1533 1522 1614 quodam
1547 1532 1701 1595 familiare

441 1642 613 1724 Augustini
628 1641 761 1724 Spanar,
775 1640 845 1702 cive
862 1639 1214 1721 Quinqueecclesiensi,
1232 1639 1363 1702 nomine
1377 1653 1407 1702 et
1421 1640 1452 1701 in
1466 1659 1602 1722 persona
1620 1639 1701 1700 elus·

440 1748 514 1810 dem
547 1747 717 1829 Augustini
752 1746 875 1829 Spanar
906 1745 1034 1807 racione
1066 1745 1282 1828 quorumdam
1316 1746 1478 1826 octoginta
1511 1745 1581 1808 flor.
1622 1744 1701 1824 auri,

440 1873 523 1936 quos
547 1856 615 1936 ipse
640 1853 770 1935 Endrey
794 1871 932 1914 unacum
958 1852 1072 1914 eodem
1106 1871 1165 1914 suo
1190 1852 1343 1914 consocio
1375 1852 1460 1934 juxta
1485 1851 1593 1913 literas
1617 1851 1701 1933 regie

441 1960 616 2022 Maiestatis
639 1959 768 2022 racione
797 1958 962 2039 vectigalis
984 1957 1089 2020 eidem
1109 1958 1232 2040 Spanar
1255 1959 1405 2020 dicebant
1428 1978 1495 2019 esse
1525 1958 1705 2039 obligatum

443 2087 499 2149 per
534 2066 706 2149 providum
739 2065 843 2126 virum
868 2065 1011 2126 Blasium
1043 2065 1183 2146 judicem
1212 2065 1396 2149 Stenychky
1427 2066 1561 2145 dictum,
1587 2065 1705 2148 quibua

440 2175 596 2235 ambabus
619 2172 762 2254 partibus
794 2172 833 2232 de
858 2171 1023 2233 voluntate
1057 2171 1244 2234 earumdem
1275 2174 1444 2235 ambarum
1477 2173 1620 2254 parcium
1658 2191 1708 2232 ra-

440 2280 533 2341 cione
558 2280 700 2362 ipsorum
726 2279 889 2358 octoginta
915 2280 984 2342 flor.
1009 2278 1077 2340 auri
1102 2291 1133 2340 et
1157 2281 1327 2360 probatum
1357 2299 1465 2342 coram
1489 2281 1584 2341 nobis
1601 2277 1706 2340 fienda

440 2397 553 2468 quarta
586 2384 664 2446 feria
695 2397 781 2446 sexta
828 2397 901 2466 post
931 2383 1046 2447 festum
1080 2384 1306 2447 penthecostes
1336 2386 1481 2470 proxime
1520 2387 1710 2468 preteritum

441 2511 549 2554 coram
575 2491 668 2552 nobis
692 2490 900 2572 comparendi
926 2503 1134 2572 prorogatum
1160 2488 1221 2552 luit
1244 2489 1337 2570 lacta,
1361 2511 1427 2572 quo
1450 2491 1590 2552 termino
1608 2492 1710 2573 ipsius

441 2611 553 2679 quarte
570 2596 648 2659 ferie
665 2611 751 2658 sexte
769 2597 972 2676 adveniente,
989 2596 1131 2679 prelatus
1149 2597 1273 2658 Blasius
1290 2597 1385 2679 judex
1403 2599 1585 2680 comparuit
1598 2617 1708 2659 coram

441 2704 546 2783 nobis,
571 2704 638 2785 ipae
663 2723 739 2764 vero
765 2703 904 2784 Endrey,
930 2702 1028 2764 homo
1046 2703 1146 2785 ipsius
1169 2704 1342 2784 Augustini
1361 2704 1483 2786 Spanar
1507 2723 1565 2765 nec
1591 2704 1712 2784 aliquis

443 2810 523 2871 alter
547 2810 691 2871 eiusdem
724 2809 857 2870 nomine
890 2809 1063 2870 terminum
1088 2809 1128 2870 ad
1160 2809 1299 2871 eundem
1331 2811 1407 2892 ipsis
1431 2811 1575 2892 partibus
1599 2829 1709 2871 coram

442 2917 536 2978 nobis
559 2914 767 2996 comparendi
794 2913 961 2996 prefixum,
985 2935 1050 2976 non
1084 2915 1171 2977 venit
1195 2935 1301 2996 neque
1325 2916 1422 2994 misit,
1446 2917 1502 2978 sed
1526 2937 1560 2976 se
1585 2936 1601 2976 a
1628 2914 1712 2977 lacie

443 3022 520 3104 juris
544 3035 575 3084 et
597 3021 720 3103 justicie
745 3021 932 3083 absentavit.
1039 3030 1042 3036 '

551 3128 628 3189 ltem
661 3147 720 3189 nos
751 3141 818 3188 tota
849 3127 1064 3189 communitas
1095 3129 1231 3190 civitatis
1263 3128 1545 3210 Montisgrecensis
1573 3127 1713 3190 fecimus

441 3235 582 3316 graciam
607 3232 750 3314 Georgio
774 3234 873 3294 sutori
897 3253 1017 3314 genero
1035 3235 1173 3296 condam
1199 3234 1327 3317 Mycule
1351 3233 1408 3296 filii
1439 3233 1581 3297 Mathese
1606 3235 1712 3296 tribu·

444 3341 514 3402 tarii
541 3340 581 3400 de
604 3341 663 3400 sub
688 3339 908 3418 Zomzedwar,
933 3353 968 3400 ut
992 3340 1059 3422 ipse
1084 3341 1143 3402 erit
1163 3341 1246 3402 liber
1269 3342 1308 3401 ab
1326 3341 1478 3402 omnibus
1501 3341 1582 3402 taxis
1599 3355 1712 3402 nostre

443 3445 695 3523 communitatis,
711 3465 770 3506 nec
794 3465 859 3506 non
877 3446 1028 3524 serviciis,
1045 3447 1146 3526 tlacis,
1171 3445 1325 3508 custodiis
1337 3448 1454 3509 nostris
1478 3448 1713 3509 communibus

443 3571 499 3634 per
523 3552 605 3612 duos
629 3569 743 3629 annos,
759 3570 929 3632 quousque
947 3552 1012 3634 ipse
1037 3551 1179 3635 Gywrko
1196 3553 1229 3614 in
1253 3553 1326 3614 loco
1344 3551 1461 3614 domus
1477 3573 1534 3614 seu
1558 3553 1715 3615 sessionis

443 3678 499 3740 per
531 3658 696 3719 dominam
730 3657 927 3719 Dorotheam
959 3659 1101 3720 relictam
1134 3658 1271 3720 condam
1310 3659 1497 3742 Hennyngh
1529 3661 1562 3721 in
1595 3660 1714 3722 eadem

445 3764 573 3825 civitate
597 3764 657 3825 sibi
681 3763 799 3825 donata
824 3764 978 3826 locaverit
1001 3779 1032 3826 et
1048 3767 1275 3847 preparaverit,
1300 3765 1440 3848 demptis
1464 3766 1565 3827 daciis
1581 3766 1714 3828 domini

444 3869 551 3952 (regis)
576 3883 607 3931 et
630 3868 701 3930 aliis
723 3870 875 3931 serviciis.

709 4103 806 4178 laria
835 4114 934 4179 sexta
962 4111 1116 4197 proxima
1135 4115 1213 4198 post
1240 4109 1443 4199 Maglalene.

984 4262 1046 4338 (27·
1063 4263 1161 4338 sula).

551 4397 629 4460 Item
647 4399 721 4480 quia
739 4398 849 4462 relicta
866 4400 1003 4462 condam
1018 4401 1171 4483 Stephani
1189 4402 1305 4464 sutoris
1321 4403 1422 4484 longi,
1439 4404 1583 4466 concivis
1601 4408 1723 4486 nostri,

445 4517 555 4566 contra
581 4504 716 4566 Suskam
743 4506 947 4568 candelarum
973 4507 1161 4588 paratricem
1187 4509 1292 4590 primo
1309 4509 1403 4571 citata
1428 4529 1493 4571 non
1519 4515 1723 4594 comparuit,

446 4611 497 4672 cui
522 4609 614 4672 datus
639 4625 686 4672 est
715 4614 871 4674 terminus
901 4613 1110 4695 comparendi
1142 4613 1247 4675 adhuc
1278 4615 1344 4676 duo
1380 4615 1498 4694 judicia
1524 4629 1556 4678 et
1580 4636 1724 4700 respon-

446 4715 544 4778 dendi
568 4729 678 4778 contra
704 4718 841 4780 eandem
873 4719 962 4800 quod
991 4720 1170 4782 verberavit
1201 4721 1352 4782 ancillam
1384 4721 1542 4802 eiusdem,
1568 4742 1633 4804 que
1671 4747 1724 4789 re·

444 4822 531 4905 cepit
554 4842 587 4884 se
611 4822 651 4883 ad
676 4823 724 4906 jus
748 4824 894 4887 civitatis.

554 4928 631 4991 ltem
656 4931 732 5012 quia
757 4931 876 4993 Paulus
905 4932 1044 5013 agricola
1069 4931 1205 5014 Hazugh
1238 4933 1353 5014 dictus,
1388 4949 1499 4997 contra
1525 4953 1724 5003 consortem

448 5035 617 5096 Laurencii
644 5037 780 5098 barberii
806 5037 854 5098 bis
871 5038 985 5099 citatus
1009 5057 1072 5099 non
1091 5041 1271 5122 comparuit
1295 5061 1402 5104 coram
1417 5043 1512 5105 nobis
1530 5043 1563 5104 in
1582 5043 1725 5122 judicio.
