3694 5782
576 567 662 623 Anno
685 561 779 642 1469.
804 599 847 608 —
874 579 923 642 13.
947 566 1096 642 januarii.
1402 583 1462 645 345

309 777 386 838 Item
411 777 485 858 quia
519 776 657 837 Iacobus
690 789 788 852 sutor,
821 775 952 858 juratus,
977 776 1160 837 Anthonius
1192 789 1280 837 sutor
1305 776 1401 856 Segin
1436 789 1467 838 et

199 883 339 946 Mathias
363 884 466 945 lowaz
499 883 602 944 dictus
634 897 819 945 executores
851 883 1032 945 testamenti
1067 883 1203 945 condam
1237 882 1333 945 Blasii
1367 881 1463 944 Chw-

200 989 388 1072 dawchych,
412 989 627 1070 juramentum
653 990 742 1071 quod
766 1002 833 1052 erat
854 990 898 1050 eis
923 1004 1066 1072 exparte
1092 990 1172 1073 Elye
1197 989 1313 1052 fusoris
1337 1008 1466 1071 campa·

201 1117 315 1160 narum
340 1097 571 1178 adjudicatum,
597 1097 815 1178 deposuerunt
839 1110 874 1158 ut
898 1097 1070 1160 debebant.

307 1205 385 1266 Item
420 1204 544 1266 Blasius
575 1203 752 1286 Wytesych
785 1217 895 1266 contra
924 1203 1086 1266 Andream
1118 1217 1272 1265 sartorem
1304 1205 1336 1265 in
1361 1203 1466 1286 primo

201 1311 324 1391 judicio
348 1311 542 1390 respondere
567 1311 729 1372 tenebitur
754 1310 870 1373 eidem.

309 1417 386 1479 Item
405 1417 498 1497 jurati
525 1417 555 1478 in
575 1415 659 1478 lacto
682 1418 912 1480 subtractionis
930 1417 1156 1499 peccuniarum
1174 1437 1230 1498 per
1256 1417 1385 1495 Doram,
1403 1437 1466 1498 que

199 1524 332 1605 expulsa
358 1539 403 1586 est
436 1524 475 1584 de
501 1523 628 1585 civitate
661 1525 784 1585 eteius
816 1523 985 1602 territorio,
1019 1543 1081 1605 que
1115 1525 1268 1606 peccunie
1296 1538 1369 1585 sunt
1393 1525 1465 1585 sub·

199 1643 299 1692 tracte
325 1631 445 1692 Iacobo
469 1631 594 1692 doctori
613 1632 744 1713 Tywer,
767 1632 871 1692 taliter
889 1631 1091 1710 invenerunt,
1116 1632 1203 1712 quod
1221 1631 1260 1692 de
1286 1631 1348 1692 illis
1365 1652 1465 1714 quan·

200 1750 268 1797 tum
296 1738 425 1819 reperiri
451 1751 603 1819 poterunt
627 1737 723 1817 judex
749 1751 778 1798 et
802 1737 895 1818 jurati
929 1739 999 1798 illas
1028 1738 1101 1799 dare
1135 1738 1299 1800 debebunt
1323 1753 1353 1799 et
1378 1739 1465 1800 resti-

200 1857 290 1906 tuere
316 1845 373 1926 ipsi
399 1845 533 1906 domino
560 1845 690 1908 Jac0b0.

308 1950 384 2011 Item
411 1951 442 2011 in
467 1949 551 2010 Iacto
575 1951 756 2012 testamenti
779 1949 915 2010 condam
934 1950 1042 2010 Iacobi
1068 1949 1207 2028 sartoris,
1233 1951 1324 2030 jurati
1351 1949 1461 2012 confir·

202 2072 329 2117 marunt
348 2057 450 2136 ipsum
469 2070 695 2118 testamentum
721 2071 751 2117 et
767 2056 792 2116 si
811 2056 888 2137 quid
908 2057 1062 2117 MartInus
1087 2070 1117 2118 et
1141 2057 1325 2117 anthonius
1342 2057 1463 2136 judices
1559 2102 1560 2105 ,

200 2177 385 2223 executores
422 2163 502 2222 ultra
528 2163 631 2242 ipsum
657 2177 883 2223 testamentum
916 2163 1095 2224 voluntarie
1120 2163 1195 2224 dare
1220 2162 1381 2224 voluerint
1406 2185 1460 2246 pa·

201 2270 344 2330 rentibus
367 2271 432 2330 suis
456 2270 506 2330 vel
532 2270 612 2348 aliis,
638 2269 718 2330 illud
744 2270 835 2330 liberi
860 2269 935 2330 dare
961 2283 1062 2332 erunt.

307 2376 385 2437 Item
410 2396 537 2437 causam
564 2377 644 2437 inter
669 2377 797 2437 Petrum
823 2375 1004 2438 carnilicem
1022 2391 1051 2437 et
1075 2391 1253 2438 consortem
1285 2376 1465 2438 Clementis

200 2481 330 2564 Babych
356 2495 386 2542 et
410 2483 553 2543 relictam
579 2481 736 2564 Fwdrycb
760 2482 888 2543 racione
913 2483 1089 2544 oblacionis
1116 2498 1274 2544 certarum
1301 2503 1406 2544 rerum
1432 2495 1464 2543 et

200 2589 391 2671 suspicionis
414 2609 509 2670 super
526 2589 659 2666 eisdem,
684 2588 776 2670 iurati
794 2589 1027 2670 adjudicarunt,
1045 2591 1132 2671 quod
1151 2591 1295 2671 quelibet
1319 2591 1461 2672 ipsarum

198 2695 403 2757 dominarum
429 2695 601 2756 mulierum
626 2695 789 2756 terciamet
807 2695 909 2776 jurare
935 2697 1093 2758 tenebitur
1111 2696 1187 2758 leria
1212 2713 1297 2758 sexta
1316 2698 1462 2780 proItIme

199 2817 344 2880 ventura,
369 2803 455 2882 quod
490 2802 557 2882 ipse
589 2801 634 2862 nil
667 2821 724 2862 nec
757 2802 922 2864 modicum
947 2818 1131 2885 receperant
1165 2805 1203 2864 de
1238 2805 1331 2866 bonis
1365 2805 1464 2887 ipsius

198 2908 282 2970 Petri
308 2908 348 2968 de
373 2907 472 2968 domo
497 2927 563 2968 sua.

294 3014 381 3075 ¹Item
408 3034 535 3076 causam
569 3015 650 3076 inter
683 3034 814 3076 uxorem
847 3015 990 3077 eiusdem
1024 3017 1107 3078 Petri
1140 3017 1295 3079 carnificis
1320 3030 1351 3080 et
1382 3018 1464 3079 inter

198 3141 329 3182 uxorem
365 3122 480 3182 Makelt
513 3123 640 3182 racione
673 3123 832 3182 minarum
866 3135 896 3182 et
937 3123 1096 3184 mInarum
1132 3125 1340 3206 reposicionis
1372 3123 1462 3184 uxori

198 3227 299 3308 ipsius
325 3228 419 3307 Petri,
444 3227 537 3306 jurati
563 3228 764 3306 invenerunt,
790 3227 877 3309 quod
903 3229 970 3310 ipsa
1004 3249 1083 3290 uxor
1109 3231 1223 3290 Makek
1248 3229 1352 3310 jurare
1377 3243 1462 3289 tene-

201 3335 286 3395 bitur
310 3335 419 3396 eadem
440 3334 517 3396 Ieria
542 3348 628 3396 sexta
646 3335 820 3412 terciamet‚
847 3335 935 3416 quod
962 3336 1028 3417 ipsa
1046 3356 1110 3397 non
1129 3337 1231 3397 voluit
1254 3335 1313 3395 sibi
1339 3335 1462 3416 aliquid

200 3441 275 3502 mali
301 3439 417 3520 facere,
441 3443 496 3503 scd
520 3442 609 3523 quod
635 3442 694 3502 nisi
721 3455 806 3503 extra
832 3443 886 3503 illa
909 3445 1005 3504 verba
1030 3443 1137 3504 locuta
1161 3439 1231 3504 fuit.

305 3548 381 3610 Item
407 3569 535 3610 causam
561 3549 643 3610 inter
668 3548 855 3610 Thomasko
874 3565 1039 3629 sartorem,
1063 3550 1213 3632 juratum,
1238 3563 1269 3611 et
1294 3550 1374 3610 inter
1398 3553 1462 3610 An-

198 3654 307 3715 dream
334 3655 527 3738 Symwnych
545 3655 684 3736 judicem
718 3655 911 3716 modernum
937 3656 1063 3718 racione
1082 3656 1285 3738 impulsionis
1309 3675 1462 3736 quorum-

198 3763 271 3823 dam
298 3762 486 3824 animalium
511 3763 550 3823 ad
577 3764 710 3824 domum
730 3783 832 3840 suam,
856 3763 949 3844 jurati
969 3762 1242 3844 adjudicaverunt,
1268 3763 1356 3845 quod
1382 3783 1462 3823 uxor

200 3868 344 3930 eiusdem
369 3868 559 3930 Thomaslto
584 3869 699 3932 eodem
725 3869 776 3931 die
802 3884 832 3931 et
863 3883 949 3932 serta
974 3869 1052 3932 feria
1084 3871 1219 3932 solamet
1243 3870 1345 3951 jurare
1372 3882 1459 3931 tene·

200 3975 295 4052 bitur,
320 3975 408 4055 quod
434 3975 501 4057 ipsa
525 3995 590 4036 non
616 3976 759 4056 permisit
783 3977 948 4058 impellere
972 3977 1012 4039 ad
1034 3977 1168 4038 domurn
1193 3997 1282 4038 suam
1308 3977 1373 4059 ipsa
1393 3977 1459 4037 ani·

200 4081 307 4159 malla,
340 4094 370 4142 et
394 4082 418 4142 si
441 4083 602 4163 prestabit,
628 4097 742 4144 extunc
767 4082 862 4162 judex
886 4085 1064 4147 remanebit
1087 4099 1195 4146 contra
1221 4085 1322 4166 ipsam
1347 4087 1378 4146 in
1403 4105 1460 4167 po·

197 4189 320 4264 tencis;
347 4188 388 4250 de
405 4209 470 4270 quo
495 4189 615 4271 judicio
632 4189 808 4270 juratorum
827 4191 893 4271 ipse
911 4191 1056 4252 Andreas
1072 4193 1168 4274 judex
1186 4193 1262 4272 (non
1281 4193 1461 4273 contentus)

199 4295 334 4356 eandem
360 4315 487 4356 causam
513 4296 687 4378 appellavit
711 4296 751 4358 ad
775 4297 917 4358 seniores
941 4297 1071 4377 judices.

304 4401 381 4463 Item
407 4421 533 4463 cansam
560 4403 641 4464 inter
666 4402 854 4464 Thomaslto
876 4422 911 4463 ac
931 4404 1013 4464 inter
1031 4404 1222 4486 Dyonisium
1248 4419 1401 4468 sartorem
1426 4427 1462 4468 ac

198 4508 297 4568 eciam
325 4508 487 4570 Andream
512 4509 663 4590 judicem,
688 4509 780 4588 jurati
806 4509 1035 4572 confirmarunt
1065 4512 1169 4592 ipsum
1195 4511 1363 4593 judicium,
1386 4513 1461 4595 quia

199 4613 264 4694 ipse
289 4614 421 4674 eosdem
447 4616 567 4696 quittos
585 4616 707 4677 remisit
732 4635 790 4698 pro
815 4615 963 4698 dampnis
981 4631 1010 4678 et
1027 4618 1099 4678 aliis
1122 4619 1182 4680 sibi
1208 4619 1337 4680 Thome
1355 4620 1459 4682 illatis.

304 4719 381 4781 Item
407 4741 534 4783 causam
561 4723 641 4783 inter
672 4722 840 4783 dommum
874 4723 1046 4784 Martinam
1080 4727 1290 4805 presbiterum
1319 4739 1350 4788 et
1374 4726 1460 4788 Con·

197 4826 311 4888 tadum
335 4828 477 4907 Rawsar‚
502 4827 595 4907 jurati
613 4829 814 4904 invenerunt,
840 4829 928 4910 quod
954 4829 1020 4910 ipse
1040 4829 1171 4892 Rawsar
1187 4829 1345 4893 famulum
1363 4833 1461 4914 ipsius

198 4932 321 4994 domini
336 4934 476 5012 Martini,
494 4935 607 5016 etipse
626 4935 777 4995 dominus
795 4935 951 4996 Martinus
969 4933 1126 4997 famulum
1153 4957 1244 4998 suurn
1263 4939 1301 4999 ad
1320 4939 1459 5019 primum

199 5039 357 5120 judicium
383 5041 541 5104 adducere
565 5043 768 5104 tenebuntur.
