3694 5782
425 581 488 664 278
813 580 1014 659 Ann01465.
1040 616 1079 626 -
1103 597 1134 660 4.
1158 583 1286 644 octobre.

425 795 530 877 platee
553 809 697 856 sutorum
716 814 771 877 per
795 795 929 856 comites
946 793 1031 857 Cilie
1047 795 1173 856 literam
1194 807 1300 856 nostre
1317 795 1558 856 communitatis
1582 807 1614 856 et
1636 813 1688 856 eo·

424 918 501 965 tunc
518 902 634 984 judicis
657 921 722 962 nou
748 902 941 980 extraxisset,
966 901 1040 963 ideo
1062 921 1121 963 nos
1148 901 1287 962 eundem
1304 900 1441 964 fundum
1465 901 1569 964 eidem
1597 902 1688 964 Eme·

429 1011 495 1070 rico
520 1022 550 1070 et
574 1009 639 1070 suis
663 1008 835 1070 heredibus
859 1028 895 1069 ex
920 1007 1083 1091 premissis
1106 1008 1285 1070 statuimus.

533 1135 610 1198 item
634 1154 763 1196 causam
788 1135 870 1195 inter
896 1133 1088 1215 Dyonisium
1116 1132 1313 1195 aurifabrum
1347 1147 1377 1195 et
1402 1134 1484 1195 inter
1509 1131 1684 1193 Johannem

428 1241 614 1325 Perowycb,
638 1241 798 1302 seniorem
823 1238 963 1322 judicem
989 1255 1019 1302 et
1051 1240 1217 1302 concivem
1243 1255 1399 1320 nostrum,
1425 1240 1491 1321 ipse
1517 1238 1688 1322 Dyonisius

427 1349 538 1412 fuisset
561 1368 618 1431 per
642 1347 885 1409 ordinacionem
911 1345 1056 1409 eiusdem
1088 1361 1210 1429 captus,
1238 1366 1296 1408 nec
1321 1347 1388 1428 ipse
1424 1346 1484 1428 ipsi
1508 1345 1630 1426 aliquid
1655 1343 1692 1405 de

429 1458 524 1518 rebus
547 1456 613 1518 suis
637 1455 810 1533 habuisset,
841 1454 996 1516 solusmet
1029 1452 1107 1515 feria
1138 1466 1224 1515 sexta
1256 1453 1401 1535 proxime
1426 1467 1560 1515 ventura
1585 1452 1616 1512 in
1640 1471 1690 1512 ara

427 1577 534 1626 sancte
559 1562 672 1625 Crucis
695 1561 800 1642 jurare
823 1561 995 1639 tenebitur,
1021 1574 1159 1643 prestare
1183 1560 1356 1622 tenebitur.

535 1687 613 1748 Item
638 1686 731 1768 jurati
757 1685 842 1767 juxta
870 1685 1132 1747 commissionem
1164 1684 1374 1747 literatoriam
1406 1684 1492 1764 regie
1518 1683 1689 1744 Maiestatis

430 1793 623 1877 Dyonisium
647 1789 844 1854 aurifabrum
870 1793 901 1853 in
927 1790 1061 1853 domum
1087 1810 1143 1853 seu
1160 1791 1254 1852 civile
1279 1809 1372 1853 suum
1398 1791 1429 1852 in
1457 1789 1539 1851 dicta
1565 1789 1689 1851 civitate

429 1902 571 1963 habitam
597 1916 628 1963 et
652 1901 841 1962 existentem
865 1900 969 1961 eidem
994 1912 1133 1962 statuere
1166 1899 1412 1977 commisissent,
1437 1887 1518 1958 etsi
1543 1898 1615 1979 quis
1637 1897 1690 1958 ali·

430 2008 508 2089 quid
533 2008 661 2069 racione
685 2006 769 2068 dicte
801 2005 918 2067 domus
949 2020 979 2067 et
1008 2005 1100 2067 fundi
1132 2005 1256 2088 aliquid
1282 2005 1414 2066 haberet
1446 2017 1554 2066 contra
1587 2004 1687 2085 ipsum

430 2115 634 2197 Dyonisium,
659 2115 719 2176 hoc
737 2125 949 2195 prosequatur
973 2132 1080 2174 coram
1103 2113 1198 2174 nobis
1215 2112 1338 2194 justicia
1355 2110 1528 2190 mediante,
1553 2125 1584 2173 et
1601 2112 1688 2172 datus

430 2235 476 2282 cst
499 2221 654 2282 terminus
685 2220 725 2281 de
757 2219 840 2281 dicta
880 2218 978 2281 domo
1015 2219 1078 2280 iliis
1109 2233 1140 2280 et
1171 2239 1220 2281 res
1251 2219 1291 2280 de
1323 2218 1421 2279 domo
1455 2218 1508 2279 illa
1550 2217 1690 2300 excipere

430 2327 577 2389 debeant.

537 2434 614 2495 item
639 2452 767 2495 causam
792 2433 874 2494 inter
898 2432 1109 2494 Benedictum
1137 2431 1265 2494 Getdait
1290 2433 1412 2495 dictum
1441 2446 1472 2495 et
1496 2433 1578 2492 inter
1603 2429 1690 2491 Eme-

430 2541 532 2602 ricum
566 2539 788 2622 Sydowchych
820 2539 948 2600 racione
981 2537 1147 2600 cuiusdam
1180 2536 1255 2600 furti
1296 2539 1491 2620 suspicionis
1530 2536 1689 2599 cuiusdam

432 2647 507 2725 feni,
532 2661 563 2708 et
587 2646 662 2726 quia
688 2645 754 2728 ipse
780 2645 972 2707 Benedictus
994 2643 1053 2706 fuit
1074 2646 1239 2708 convictus
1256 2665 1313 2728 per
1337 2659 1431 2708 testes
1448 2644 1537 2726 quod
1554 2644 1587 2705 in
1604 2643 1690 2704 nulio

432 2753 537 2814 eidem
563 2753 594 2813 in
620 2753 690 2834 ipso
715 2751 789 2813 feno
814 2751 983 2834 culpabilis
1007 2752 1170 2829 extitisset,
1203 2753 1278 2813 ideo
1304 2752 1370 2834 ipse
1396 2751 1524 2814 Gerdak
1550 2765 1596 2811 est
1620 2769 1689 2811 con·

432 2859 534 2920 victus
558 2858 589 2919 in
623 2859 696 2919 vivo
728 2857 881 2938 homagio
913 2857 1018 2918 eidem
1052 2858 1201 2920 Emerico
1233 2873 1263 2919 et
1295 2857 1383 2940 quod
1409 2857 1542 2919 ulterius
1567 2856 1688 2917 nulium

436 2964 603 3026 hominem
628 2965 660 3024 in
685 2964 767 3026 dicta
792 2964 919 3025 civitate
944 2963 1148 3046 adipiscetur.

539 3090 616 3151 item
642 3089 780 3151 Barbara
797 3108 928 3150 consors
952 3087 1145 3151 Christofori
1161 3088 1318 3170 seliiparis
1343 3089 1448 3170 primo
1472 3089 1566 3149 citata
1584 3100 1691 3149 contra

433 3198 584 3260 Vrsulam
610 3209 792 3258 consortem
819 3195 938 3257 Mathie
971 3195 1116 3278 Benaych
1141 3215 1206 3256 non
1240 3197 1420 3276 comparuit
1444 3196 1474 3256 in
1500 3195 1621 3276 judicio
1644 3213 1692 3254 co·

433 3323 501 3364 ram
527 3304 630 3366 nobis.

462 3537 558 3614 Faria
587 3549 685 3614 sexta
714 3543 867 3630 proxima
901 3548 976 3629 post
1005 3541 1127 3612 festum
1148 3539 1238 3612 beati
1267 3539 1439 3612 Michaelis
1468 3539 1669 3630 archangeli,

838 3685 924 3736 anno
953 3663 1134 3737 ncccctx
1163 3667 1290 3754 quinto.

962 3842 1004 3914 (4.
1029 3835 1174 3912 octobris).

541 3994 619 4056 item
645 4013 771 4056 causam
798 3995 879 4055 inter
903 3995 1089 4076 magistrum
1117 3994 1295 4056 iohannem
1325 3993 1364 4054 de
1389 3994 1517 4077 Apulya
1542 4007 1691 4057 tertorem

435 4120 576 4184 purpure
601 4115 631 4161 et
656 4101 754 4162 veluti
779 4101 877 4180 aurei,
916 4115 949 4162 ut
980 4115 1120 4162 actorem
1153 4103 1192 4162 ab
1218 4120 1292 4179 una,
1316 4113 1346 4162 et
1371 4101 1453 4162 inter
1486 4101 1628 4162 relictam
1659 4119 1693 4160 ac

436 4207 520 4268 filios
545 4206 682 4268 condam
708 4207 832 4269 Nicolai
866 4207 1030 4287 aurifabri,
1061 4207 1186 4290 pridem
1218 4206 1333 4289 judicis
1366 4221 1396 4268 et
1420 4207 1561 4268 concivis
1586 4203 1691 4281 nostri,

435 4314 579 4397 partibus
602 4315 642 4375 ab
666 4314 775 4392 altera,
808 4315 897 4375 utin
930 4334 1058 4376 causam
1083 4327 1242 4392 attractos,
1273 4332 1382 4374 coram
1407 4314 1502 4374 nobis
1525 4335 1561 4374 ac
1585 4311 1690 4394 juratis

437 4435 569 4499 motam,
594 4421 729 4482 eandem
754 4441 882 4482 causam
916 4441 1016 4503 usque
1048 4421 1186 4502 primum
1216 4419 1371 4501 judicium
1404 4419 1554 4481 duximus
1585 4435 1689 4501 proro-

435 4527 575 4609 gandam
594 4527 709 4605 talitet,
737 4541 771 4588 ut
796 4527 853 4608 ipsi
884 4526 940 4588 filii
972 4527 1070 4608 ipsius
1100 4527 1224 4588 Nicolai
1242 4525 1310 4608 jura
1339 4527 1481 4610 ipsorum
1507 4526 1621 4588 eodem
1644 4523 1691 4584 die

436 4633 613 4716 producere
646 4647 831 4712 teneantur,
872 4635 989 4714 quibus
1026 4633 1241 4696 mediantibus
1274 4633 1333 4716 ipsi
1367 4633 1500 4694 domum
1540 4644 1690 4695 muratam

437 4741 469 4801 in
504 4739 587 4801 dicta
612 4740 739 4800 civitate
771 4739 925 4818 habitam,
957 4739 997 4800 ad
1029 4737 1126 4821 quam
1155 4739 1223 4821 jura
1256 4739 1322 4822 ipse
1355 4740 1506 4820 magister
1536 4738 1691 4800 Johanues

437 4846 544 4924 habet,
569 4845 746 4928 producere
772 4865 878 4907 coram
897 4846 990 4907 nobis
1014 4860 1191 4924 teneantur,
1212 4845 1357 4927 alioquin
1375 4845 1462 4928 juxta
1487 4844 1689 4907 literatorium

437 4951 625 5014 mandatum
650 4953 737 5034 regie
762 4953 937 5014 Maiestatis
962 4953 1043 5014 inter
1067 4965 1172 5034 partes
1195 4952 1352 5034 predictas
1374 4951 1528 5034 judicium
1556 4964 1586 5012 et
1608 4948 1688 5033 justi-

438 5060 518 5120 ciam
544 5058 698 5122 faciemus
723 5072 817 5141 prout
842 5059 974 5122 dictabit
998 5058 1078 5120 ordo
1103 5057 1189 5138 juris.
