3852 5814
791 559 877 614 Anno
902 551 991 632 1476.
1017 589 1058 597 -
1082 551 1133 616 26.
1162 557 1275 628 aprilis.

872 767 983 828 Petrus
1012 765 1161 848 lapicida.

874 873 998 934 Blasius
1023 871 1172 955 frenipar.

875 981 998 1063 Symon
1025 979 1162 1061 Eanycz.

872 1087 1040 1148 Emericus
1064 1087 1205 1167 sellipar.

874 1194 985 1255 Petrus
1009 1207 1108 1254 sutor.

874 1299 1028 1360 Nicolaus
1052 1299 1209 1380 Vitesycz.

872 1404 1009 1466 Mathias
1034 1403 1185 1467 carnifex.

874 1510 988 1573 Gallus
1011 1525 1111 1572 sutor.

874 1617 1012 1678 Michael
1037 1616 1178 1678 famulus
1203 1617 1323 1699 Eexyn.

873 1721 1034 1804 Georgius
1063 1735 1152 1784 sutor
1177 1722 1374 1804 Kathanycz.

874 1832 1001 1892 Marcus
1026 1845 1124 1892 sutor.

873 1935 1033 2018 Georgius
1061 1951 1159 1998 sutor.

870 2043 981 2104 Petrus
1006 2043 1206 2124 bedelroycz.

870 2150 1002 2211 Kirinus
1027 2149 1234 2232 Hatesichyn.

872 2256 1033 2318 lohannes
1057 2256 1207 2336 agricola.

873 2361 1050 2444 Gregorius
1074 2361 1216 2444 pellifex.

872 2469 1024 2530 Nicolaus
1049 2469 1194 2531 Cheden.

512 2615 587 2676 ltem
614 2613 726 2696 prelati
752 2611 887 2673 Mathias
911 2611 1004 2690 judex
1038 2627 1068 2672 et
1092 2611 1184 2692 jurati
1217 2631 1252 2672 ac
1277 2613 1451 2674 consiliarii
1484 2632 1555 2674 cum
1592 2632 1668 2672 con-

404 2743 498 2783 sensu
523 2735 553 2782 et
570 2719 795 2782 commissione
820 2719 966 2779 unanimi
991 2733 1021 2781 et
1045 2719 1196 2780 concordi
1223 2719 1388 2781 voluntate
1413 2733 1443 2781 et
1467 2719 1596 2780 decreto
1621 2733 1670 2780 to·

404 2829 471 2890 cius
495 2827 734 2888 communitatis
759 2826 867 2886 omnia
901 2825 1026 2886 decreta
1052 2839 1082 2886 et
1114 2839 1227 2887 statuta
1252 2839 1316 2888 tam
1343 2827 1374 2888 in
1400 2827 1538 2908 presenti
1570 2846 1668 2907 quarn

404 2936 434 2994 in
460 2935 600 3014 antiquis
625 2933 785 2994 kathernis
810 2933 924 2994 nostris
949 2947 1096 2994 contenta
1127 2947 1156 2994 et
1181 2935 1307 3016 scripta,
1331 2933 1439 3015 quoad
1457 2953 1569 2995 omnes
1594 2935 1667 2995 arti·

404 3041 493 3101 culos
518 3055 548 3100 et
580 3055 696 3121 puncta
721 3053 751 3100 et
776 3039 935 3100 clausulas
967 3039 1154 3100 eorumdem
1188 3053 1378 3100 statutorum
1411 3053 1441 3100 et
1466 3040 1667 3101 decretorum

403 3167 459 3227 per
483 3160 585 3207 toturn
611 3166 730 3206 annum
749 3147 904 3227 presentis
921 3145 1079 3224 judicatus
1096 3145 1194 3227 ipsius
1220 3146 1338 3207 Mathie
1363 3146 1477 3227 judicis
1505 3161 1535 3206 et
1558 3165 1668 3206 conse-

403 3266 537 3334 quenter
569 3267 599 3312 et
631 3252 781 3332 deinceps
813 3252 879 3332 jure
913 3266 1067 3333 perpetuo
1097 3267 1127 3312 et
1157 3253 1407 3314 irrevocabiliter
1438 3251 1670 3314 confirmarunt

402 3379 528 3440 semper
553 3359 687 3420 valitura
713 3373 742 3418 et
767 3357 898 3418 firmiter
927 3359 1136 3419 observanda.

472 3559 567 3632 Feria
597 3571 692 3630 sexta
722 3558 875 3648 proxima
901 3569 977 3648 post
1006 3561 1127 3631 festum
1156 3561 1246 3632 beati
1276 3559 1406 3650 Georgii
1435 3559 1599 3632 martiris.

834 3739 836 3743 ·
919 3709 984 3786 (26.
1009 3715 1135 3787 apt-ilis),

510 3854 586 3914 ltem
615 3874 741 3914 causam
777 3855 857 3914 inter
890 3853 1068 3914 lohannem
1103 3854 1246 3937 Peroycz
1278 3869 1309 3916 et
1334 3855 1537 3916 Domlronem
1563 3853 1666 3916 lilium

405 3960 547 4019 eiusdem
573 3959 694 4038 judices
720 3973 974 4040 prorogaverunt
998 3960 1036 4019 ad
1066 3957 1208 4021 futurum
1234 3961 1372 4042 primurn
1399 3960 1565 4041 judicium,
1590 3962 1668 4041 quia

404 4066 565 4125 lohannes
591 4067 733 4148 Peroycz
759 4067 954 4147 presentabit
985 4067 1225 4128 attestacionem
1256 4067 1463 4128 literatoriam
1489 4087 1666 4150 perquam

404 4172 587 4252 judicabant
612 4171 733 4250 judices
758 4192 885 4232 causam
912 4173 994 4233 inter
1019 4174 1115 4254 ipsos.

511 4279 587 4338 ltem
613 4280 643 4338 in
669 4299 762 4339 causa
788 4281 870 4339 inter
896 4279 1108 4341 Laurencium
1129 4279 1246 4361 Sporar
1271 4293 1301 4341 et
1326 4280 1460 4341 Paulum
1480 4279 1669 4362 lagathycz,

405 4385 601 4444 laurencius
624 4385 742 4465 Sporar
767 4386 871 4466 primo
897 4399 927 4444 et
951 4387 1094 4447 secundo
1118 4386 1232 4448 citatus
1257 4406 1320 4447 non
1347 4387 1537 4468 comparuit.

510 4491 585 4552 ltem
620 4511 675 4571 per
707 4492 946 4552 attestacionem
980 4492 1216 4572 lidedignorum
1251 4509 1281 4552 et
1314 4495 1489 4574 proborum
1522 4493 1667 4554 virorum

405 4597 558 4656 discretus
583 4597 630 4656 vir
664 4597 815 4657 dominus
848 4597 995 4658 Matheus
1027 4598 1182 4679 plebanus
1214 4600 1347 4660 ecclesie
1379 4599 1477 4660 sancti
1505 4597 1601 4659 Marci
1637 4613 1670 4659 et

403 4702 564 4762 lohannes
590 4703 748 4786 Fraylycz
773 4717 846 4764 sunt
871 4703 1017 4784 legittimi
1052 4719 1235 4766 executores
1263 4705 1443 4766 testamenti
1469 4705 1568 4786 probe
1595 4724 1667 4765 mu-

404 4809 489 4867 lieris
514 4810 650 4868 condam
678 4811 757 4869 Nesa
784 4811 875 4869 aliter
900 4814 1007 4889 Agnes
1032 4825 1154 4889 vocate,
1183 4811 1292 4872 relicte
1317 4811 1453 4873 condam
1481 4810 1565 4872 Galli
1591 4811 1668 4871 olli·

403 4917 495 4996 paris,
521 4916 559 4975 ad
586 4917 693 4976 omnia
725 4919 807 4976 bona
840 4937 985 4997 suaque
1016 4918 1154 4978 vendere
1187 4931 1218 4980 et
1242 4938 1402 5000 exponere
1436 4918 1574 4979 habeant
1607 4936 1667 5000 pro

402 5024 506 5082 anima
533 5044 587 5082 sna
614 5024 657 5084 uti
685 5024 760 5104 ipsis
785 5024 988 5084 commiserat
1017 5024 1083 5104 ipsa
1108 5029 1226 5106 Agnes.
