3838 5786
414 498 476 581 378
784 500 982 578 Ann01470.
1006 533 1051 546 —
1074 512 1122 575 15.
1146 499 1307 561 decembris.

412 711 537 774 concivi
563 725 673 773 nostro
690 711 779 773 dedit
795 724 826 772 et
841 711 1026 793 propinavit
1043 731 1101 792 pro
1125 711 1190 771 suis
1206 709 1358 789 serviciis,
1375 709 1450 771 ideo
1468 730 1526 772 nos
1543 709 1678 771 eandem

412 817 546 880 domum
572 818 676 880 eidern
701 819 871 880 statuimus
895 831 925 880 et
950 816 1220 880 confirmavimus.

520 924 597 986 ltem
622 943 751 986 causam
776 923 858 986 inter
882 924 1025 986 Blasium
1051 923 1228 985 institorem
1266 920 1460 984 modernum
1483 922 1622 1004 juratum
1647 935 1680 983 et

413 1029 578 1092 dominam
605 1031 839 1112 Margaretham
864 1031 1006 1092 relictam
1040 1029 1179 1092 condam
1203 1028 1326 1090 Nicolai
1359 1027 1509 1090 aurifabri
1548 1029 1678 1090 racione

412 1137 643 1218 apreciacionis
666 1137 818 1199 stationis
851 1149 986 1215 murata,
1018 1136 1112 1218 jurati
1145 1135 1379 1216 adjudicarunt,
1412 1135 1500 1216 quod
1525 1135 1600 1216 quia
1625 1133 1680 1195 ille

413 1243 468 1325 qui
494 1243 589 1305 habet
613 1243 747 1305 domum
773 1263 831 1326 pro
855 1244 1002 1326 pignore,
1027 1243 1082 1304 ille
1107 1254 1138 1304 et
1154 1242 1250 1303 debet
1274 1241 1391 1303 habere
1415 1241 1590 1303 stacionem
1608 1260 1680 1323 pre-

413 1349 543 1428 dictam,
567 1349 716 1412 videlicet
741 1351 869 1412 Marcus
894 1350 1053 1427 Venetus;
1086 1350 1216 1430 dequo
1241 1348 1362 1430 judicio
1395 1349 1537 1430 ipsorum
1562 1348 1679 1428 jurato-

413 1477 483 1518 rum
510 1457 576 1540 ipse
602 1457 727 1519 Blasius
752 1456 873 1540 juratus
898 1477 962 1519 non
988 1471 1157 1519 contentus
1189 1457 1324 1518 eandem
1351 1475 1478 1517 causam
1504 1454 1680 1537 appellavit

414 1563 446 1624 in
471 1563 669 1646 presenciam
693 1564 856 1626 seniorum
881 1563 1037 1646 judicum.

452 1783 599 1855 Sabbata
629 1786 780 1873 proximo
809 1791 887 1874 post
914 1783 1037 1855 festum
1066 1785 1162 1856 beate
1191 1782 1287 1857 lucie
1314 1781 1465 1871 virginis,
1495 1781 1644 1871 proxime

938 1911 1149 1996 preteritum.

845 2128 852 2139 ,
913 2071 975 2138 (15.
999 2061 1173 2121 rieccmbra'sl.

519 2199 598 2262 ltem
623 2183 751 2262 causain
776 2201 858 2262 inter
883 2201 1025 2264 Blasium
1048 2201 1239 2280 institorem,
1257 2201 1449 2264 modernum
1475 2201 1625 2282 juratum,
1649 2213 1680 2262 et

413 2306 581 2369 dominam
607 2307 843 2390 Margaretham
873 2308 1017 2370 relictam
1051 2308 1188 2370 condam
1214 2309 1340 2370 Nicolai
1372 2306 1525 2370 aurifabri
1551 2307 1679 2368 racione

414 2413 645 2496 apreciacionis
658 2414 809 2477 stacionis
822 2428 945 2476 murate
963 2435 1019 2498 per
1037 2416 1141 2498 ipsum
1155 2415 1297 2477 Blasium
1316 2415 1493 2476 institorem
1509 2415 1548 2476 ab
1566 2413 1678 2476 eadem

414 2519 546 2582 domina
564 2520 764 2602 Margaretha
789 2523 959 2605 apreciate,
984 2521 1176 2604 perjuratus
1200 2523 1284 2584 dicte
1302 2521 1438 2584 civitatis
1462 2520 1678 2602 adjudicatam

413 2639 444 2686 et
467 2625 507 2686 ad
533 2646 591 2688 nos
608 2627 750 2689 seniores
774 2628 858 2689 dicte
876 2628 1013 2689 civitatis
1033 2628 1155 2708 judices
1172 2630 1212 2689 ab
1229 2627 1351 2690 eisdem
1375 2628 1485 2709 juratis
1501 2627 1585 2688 dicte
1603 2627 1677 2688 civi-

413 2733 485 2792 tatis
509 2733 714 2814 appellatam,
738 2733 815 2814 qaia
838 2747 935 2816 prout
962 2735 1030 2816 ipsa
1063 2733 1195 2795 domina
1222 2733 1422 2816 Margaretha
1454 2734 1522 2794 sola
1547 2733 1676 2816 propria

412 2858 469 2899 sua
494 2839 526 2899 in
550 2859 688 2921 persona
705 2859 813 2901 eoram
832 2841 926 2901 nobis
949 2841 1121 2902 constituta
1145 2840 1251 2902 taliter
1266 2839 1347 2902 fassa
1365 2840 1477 2918 extitit,
1503 2839 1591 2921 quod
1610 2840 1675 2921 ipsa

413 2964 486 3005 cam
511 2945 626 3006 eodem
653 2945 760 3006 Blasio
786 2945 930 3008 institore
954 2965 1013 3028 pro
1037 2946 1145 3029 precio
1177 2947 1308 3007 annuali
1333 2948 1373 3008 ab
1397 2945 1510 3007 eadem
1535 2946 1676 3007 stacione

412 3052 519 3114 taliter
543 3067 737 3115 convenerat
761 3066 792 3114 et
823 3053 1058 3132 concordasset,
1091 3053 1179 3134 quod
1205 3073 1374 3135 quousque
1408 3053 1474 3134 ipse
1500 3053 1625 3113 blasius
1648 3067 1678 3113 et

413 3158 613 3220 voluntatem
638 3179 727 3220 suam
746 3179 804 3241 pro
829 3159 985 3242 premisso
1003 3161 1111 3242 precio
1128 3160 1249 3221 scilicet
1272 3161 1369 3221 trium
1395 3159 1463 3221 llor.
1490 3160 1558 3220 auri
1577 3160 1676 3241 ipsam

412 3265 589 3326 stacionem
613 3263 713 3327 libere
737 3284 927 3327 conservare
951 3279 982 3328 et
1003 3281 1110 3327 tenere
1133 3265 1296 3328 habuisset
1313 3265 1508 3344 facultatem,
1533 3279 1630 3347 prout
1648 3280 1678 3327 et

413 3370 473 3431 hoc
499 3371 557 3431 viri
582 3372 708 3452 providi
734 3385 765 3432 et
789 3371 914 3433 honesti
933 3373 1058 3434 Elasius
1082 3371 1296 3455 Ztoymylych
1320 3387 1351 3434 et
1368 3371 1514 3433 Thomas
1538 3369 1676 3453 frenipar

411 3476 512 3537 modo
536 3477 633 3537 simili
658 3478 796 3539 attestati
822 3491 852 3539 et
876 3476 949 3540 lassi
976 3476 1109 3540 fuissent
1132 3478 1224 3540 sicuti
1254 3479 1367 3540 eadem
1393 3477 1524 3539 domina
1549 3477 1674 3558 Marga-

415 3581 515 3660 retha,
541 3582 673 3665 dempto
698 3583 768 3662 hoc,
802 3584 889 3664 quod
914 3585 939 3644 si
962 3583 1028 3666 ipsa
1057 3584 1173 3646 domus
1204 3583 1431 3666 perpetualiter
1455 3603 1593 3645 unacum
1618 3597 1677 3646 sta·

412 3691 505 3750 cione
531 3690 723 3750 venderetur
747 3705 801 3751 aut
823 3689 878 3751 lilii
911 3692 958 3751 sui
992 3691 1031 3752 ad
1061 3691 1189 3772 propria
1221 3691 1367 3752 venirent
1398 3704 1429 3752 et
1453 3691 1514 3752 soli
1539 3691 1675 3752 eandem

412 3795 588 3856 stacionem
614 3816 738 3856 servare
757 3797 887 3876 vellent,
911 3811 988 3858 tunc
1006 3799 1073 3878 ipse
1094 3797 1218 3858 Blasius
1237 3797 1337 3878 ipsam
1362 3797 1538 3858 stacionem
1556 3797 1675 3858 eisdem

413 3902 574 3962 remittere
600 3902 748 3978 deberet;
786 3903 863 3964 ideo
887 3923 946 3964 nos
970 3904 1112 3965 seniores
1136 3903 1257 3983 judices
1285 3901 1367 3965 facto
1392 3903 1422 3964 in
1449 3904 1605 3984 premisso
1630 3923 1675 3964 ra·

412 4009 505 4070 cione
518 4009 747 4090 apreciacionis
765 4011 863 4091 ipsius
880 4011 1031 4071 stacionis
1044 4011 1148 4071 taliter
1162 4010 1354 4088 invenimus,
1368 4010 1455 4090 quod
1469 4030 1528 4091 pro
1543 4025 1677 4091 quanto-

412 4135 550 4196 cumque
576 4117 683 4196 precio
708 4117 819 4177 alciori
851 4116 932 4177 ultra
964 4117 1136 4198 premissos
1168 4129 1232 4176 tres
1262 4115 1332 4176 flor.
1357 4116 1425 4176 auri
1450 4117 1489 4176 ab
1514 4116 1587 4176 aliis
1611 4118 1675 4198 ipse

414 4221 537 4282 Blasius
561 4223 721 4304 apreciare
746 4222 861 4304 poterit
887 4222 937 4283 vel
956 4223 1139 4304 apreciabit,
1162 4221 1242 4283 illud
1260 4235 1363 4282 toturn
1389 4221 1590 4303 superfluum
1608 4243 1676 4304 pre·

412 4327 497 4388 cium
524 4329 666 4410 ipsorum
690 4329 787 4390 trium
813 4328 881 4390 flor.
916 4329 996 4406 auri,
1029 4347 1201 4409 usquequo
1226 4327 1293 4409 ipsa
1325 4328 1456 4389 domina
1483 4342 1513 4390 et
1537 4328 1595 4390 filii
1630 4329 1675 4390 sui

413 4433 514 4515 ipsam
539 4435 713 4495 stacionem
739 4435 799 4495 soli
824 4449 932 4495 tenere
957 4435 1128 4513 voluerint,
1152 4433 1277 4495 solvere
1301 4435 1474 4513 tenebitur,
1497 4448 1553 4496 aut
1577 4436 1675 4517 ipsam

411 4552 510 4600 totam
536 4540 668 4600 domurn
695 4541 898 4601 vendiderint
922 4541 1159 4622 perpetualiter.

518 4645 595 4706 ltem
621 4665 748 4708 causam
784 4647 865 4707 inter
896 4647 1021 4708 vicinos
1052 4645 1144 4708 fundi
1176 4645 1314 4708 condam
1341 4646 1509 4708 Michaelis
1534 4647 1676 4708 Mathen·

413 4751 534 4811 hatvser
559 4772 657 4832 penes
681 4753 873 4834 porticulam
899 4753 938 4813 ad
962 4773 1110 4834 campum
1129 4751 1240 4828 habiti,
1265 4765 1296 4814 et
1321 4753 1403 4813 inter
1421 4753 1564 4814 Blasium
1583 4753 1675 4835 Ztoy-

413 4857 542 4939 mylych
569 4873 599 4918 et
625 4859 706 4919 inter
723 4858 902 4930 iohannem
923 4859 1049 4936 Rolsalr,
1067 4859 1208 4920 seniores
1225 4857 1347 4939 judices
1371 4859 1500 4920 racione
1518 4871 1673 4920 certorum

413 4963 607 5043 debitorum,
632 4985 697 5046 quo
722 4964 781 5047 ipsi
816 4965 941 5029 Blasius
964 4979 994 5030 et
1024 4964 1186 5028 lohannes
1210 4963 1333 5046 judices
1357 4965 1433 5048 ipsis
1456 4985 1513 5048 per
1538 4965 1672 5026 eundem
