3644 5788
561 619 565 632 ,
786 533 986 613 Ann01461.
1013 565 1054 584 -s
1077 549 1105 596 r.
1129 535 1288 596 decembns.

518 750 594 812 Item
621 750 742 830 Ztoylta
767 748 876 809 relicta
901 745 981 808 fassa
1011 744 1080 824 fuit,
1113 745 1201 828 quod
1227 765 1291 806 non
1319 745 1450 807 vidisset
1474 745 1602 808 easdem
1626 747 1666 806 in-

411 869 530 918 trantes
554 855 593 916 ad
626 855 759 916 domum
785 853 909 916 domini
942 853 1099 931 Barnabe,
1129 853 1183 913 sed
1218 852 1392 913 audivisset
1416 872 1433 912 a
1459 852 1542 912 Nesa
1566 871 1666 914 sorore

413 963 537 1024 domini
563 963 720 1040 Barnabe,
737 961 825 1042 quod
852 961 919 1042 ipsa
936 959 1064 1021 easdem
1090 979 1190 1042 usque
1208 959 1248 1020 ad
1266 958 1401 1020 domum
1425 979 1548 1022 earum.
1565 962 1665 1038 (deest).

520 1069 597 1131 ltem
615 1067 736 1150 prefata
755 1068 836 1128 Nesa
854 1065 980 1144 fatetur,
997 1066 1084 1148 quod
1104 1066 1224 1126 ibidem
1238 1064 1297 1127 fuit
1315 1066 1345 1126 in
1361 1066 1524 1148 presencia
1543 1066 1667 1148 quando

413 1176 581 1238 licenciam
607 1187 759 1255 ceperunt
783 1173 866 1235 dicte
891 1172 998 1256 puelle
1022 1187 1053 1234 et
1071 1172 1199 1234 easdem
1224 1171 1393 1234 associavit
1416 1191 1519 1254 usque
1545 1185 1668 1255 pontem

413 1284 532 1366 Pyzani
558 1281 677 1343 mozth.

521 1390 598 1450 Item
624 1387 785 1450 lohannes
803 1385 960 1469 Hwalycb
985 1385 1064 1448 dixit
1087 1405 1120 1446 se
1138 1384 1236 1446 nichil
1260 1384 1339 1446 scire
1357 1383 1441 1446 lacto
1459 1386 1490 1446 in
1509 1388 1667 1468 premisso.

520 1495 596 1556 ltem
623 1493 747 1556 Blasius
770 1491 866 1574 judex
896 1491 1039 1574 Capituli
1073 1491 1204 1553 ecclesie
1237 1491 1455 1572 zagrabiensis
1487 1491 1589 1554 fassus
1618 1507 1668 1572 est,

414 1601 502 1684 quod
527 1600 625 1663 nichil
650 1599 823 1662 audivisset
847 1618 864 1659 a
889 1597 1078 1658 Thomasko
1103 1599 1134 1658 in
1160 1596 1244 1658 facto
1267 1597 1434 1678 premisso,
1458 1598 1514 1659 sed
1540 1601 1580 1660 ab
1603 1599 1668 1660 aliis

413 1708 597 1785 audivisset,
614 1707 701 1787 quod
720 1705 878 1788 dyabolus
895 1704 1019 1785 aliquas
1036 1704 1160 1785 puellas
1176 1724 1193 1764 e
1211 1703 1319 1764 medio
1334 1703 1477 1784 ipsorum
1495 1707 1668 1788 recepisset.

519 1815 596 1876 ltem
629 1813 721 1893 jurati
755 1811 1019 1891 adjudicaverunt
1051 1829 1178 1871 causam
1211 1811 1292 1872 inter
1323 1809 1494 1872 Nicolaum
1527 1832 1668 1894 pancera·

414 1923 496 1984 rium
523 1935 553 1982 et
579 1921 659 1980 inter
684 1917 845 1980 Andream
872 1918 954 1979 Sitar
972 1918 1104 1994 dictum,
1131 1917 1161 1977 in
1188 1937 1237 1993 eo,
1262 1916 1337 1998 quia
1355 1915 1440 1996 juxta
1465 1917 1573 1979 literas
1589 1938 1668 1979 com·

413 2027 578 2090 munitatis
601 2025 641 2088 de
668 2025 813 2086 Lublana
843 2024 911 2106 ipse
944 2025 1089 2084 Andreas
1121 2023 1274 2084 remansit
1297 2023 1329 2082 in
1362 2024 1514 2084 omnibus
1539 2025 1596 2107 ipsi
1619 2025 1669 2086 Ni·

414 2134 506 2195 colao
530 2133 658 2194 racione
676 2131 913 2213 deperdicionis
933 2129 1049 2190 domus
1066 2129 1174 2191 uxoris
1198 2148 1254 2190 sue
1278 2141 1309 2190 et
1334 2129 1365 2188 in
1384 2131 1531 2211 expensis
1555 2131 1586 2192 in
1603 2150 1668 2212 pro·

413 2239 582 2302 secucione
607 2257 700 2299 cause
729 2237 830 2300 factis.

520 2346 595 2406 ltem
622 2344 715 2424 jurati
741 2343 1006 2423 adjudicaverunt
1030 2363 1157 2404 causam
1184 2345 1268 2406 Petri
1292 2345 1348 2408 filii
1375 2345 1540 2408 Benedicti
1566 2345 1670 2405 Portu·

415 2453 491 2530 lani,
517 2465 547 2514 et
572 2451 637 2531 ipse
662 2450 765 2530 jurare
798 2450 957 2510 tenebitur
990 2449 1156 2529 solusmet,
1189 2452 1277 2532 quod
1303 2452 1369 2534 ipse
1402 2452 1434 2513 in
1459 2453 1563 2513 bobus
1587 2451 1670 2511 Pauli

415 2557 589 2640 lagathych
615 2557 771 2617 innocens
795 2569 887 2633 esset,
913 2569 943 2616 et
976 2555 1065 2637 quod
1090 2557 1224 2639 predicti
1258 2560 1357 2620 boves
1381 2579 1437 2640 per
1461 2579 1551 2620 suam
1576 2557 1670 2638 negli-

411 2666 560 2745 genciam
587 2677 617 2726 et
635 2663 790 2724 incuriam
817 2663 935 2724 mortui
954 2661 1105 2740 fuissent3
1131 2677 1162 2725 et
1178 2663 1239 2726 hoc
1260 2663 1337 2726 feria
1362 2680 1449 2727 sexta
1474 2679 1545 2747 post
1561 2663 1669 2725 festum

413 2771 676 2852 Epiphaniarum.

520 2877 597 2937 ltem
622 2875 715 2954 jurati
741 2874 1007 2956 adjudicaverunt
1039 2895 1167 2936 causam
1193 2876 1351 2937 Francisci
1377 2877 1493 2938 sutoris
1518 2889 1548 2938 et
1575 2877 1669 2938 Bene·

412 2983 488 3046 dicti
513 2982 664 3044 aurifabri
689 2982 817 3043 racione
843 2983 1078 3044 verberacionis
1109 2983 1198 3063 quod
1229 2983 1422 3045 sustinerant
1448 2970 1573 3065 utrique
1597 2981 1671 3064 quid

412 3089 495 3170 passi
521 3103 603 3150 sunt.

519 3196 594 3256 ltem
614 3195 706 3276 iurati
728 3195 993 3276 adiudicaverunt
1010 3215 1138 3257 causam
1157 3197 1238 3258 inter
1251 3196 1460 3258 Benedictum
1479 3196 1671 3259 aurifabrum

412 3303 540 3363 racione
566 3302 656 3362 vinee
689 3301 828 3363 Emerici
863 3302 1002 3381 agricole
1025 3315 1056 3364 et
1080 3302 1209 3364 vendite
1242 3323 1298 3385 per
1323 3303 1427 3384 ipsum
1455 3303 1672 3379 Benedictum,

413 3409 500 3489 quod
525 3407 665 3490 prefatus
690 3409 883 3470 Benedictus
908 3407 1068 3469 aurifaber
1092 3407 1195 3488 jurare
1217 3409 1377 3470 tenebitur
1402 3410 1557 3472 solusmet
1573 3411 1604 3470 in
1621 3428 1672 3469 ara

412 3529 518 3576 sancte
536 3515 649 3576 Crucis
673 3513 750 3574 feria
767 3529 852 3576 sexta
875 3527 946 3595 post
964 3513 1215 3596 Epiphaniarum
1242 3515 1384 3593 Domini,
1403 3515 1491 3597 quod
1511 3517 1574 3598 ipse
1592 3535 1672 3576 nun·

411 3641 507 3701 quam
526 3621 637 3701 petivit
648 3621 707 3680 sibi
726 3621 800 3681 dare
814 3621 914 3682 literis
931 3620 1066 3700 ajudice
1084 3641 1252 3703 quousque
1278 3621 1344 3704 ipse
1362 3623 1504 3703 plenarie
1524 3622 1673 3684 satisfecit

414 3726 518 3787 eidem
544 3741 637 3807 prout
655 3727 831 3788 convencio
861 3727 942 3787 inter
967 3727 1053 3807 ipsos
1078 3725 1159 3788 facta
1181 3725 1240 3788 fuit
1256 3729 1385 3790 racione
1410 3731 1503 3790 vinee
1521 3729 1670 3811 predicte.

518 3850 593 3911 ltem
619 3850 711 3930 jurati
737 3851 1002 3932 adjudicaverunt
1035 3851 1152 3913 factum
1179 3851 1327 3933 Gregorii
1361 3853 1510 3936 Brudych
1543 3853 1668 3914 racione

416 3955 675 4016 blasfemacionis
692 3956 754 4034 dei,
780 3957 871 4018 beate
889 3957 1031 4038 virginis,
1049 3958 1136 4039 quod
1163 3959 1228 4040 ipse
1248 3959 1344 4020 debet
1360 3959 1430 4020 cedi
1455 3960 1552 4041 virgis
1568 3958 1674 4019 nudus

414 4063 445 4122 in
471 4063 609 4123 recincta
634 4063 765 4124 ecclesie
790 4064 889 4124 sancti
909 4065 1006 4126 Marci
1031 4084 1139 4125 coram
1160 4065 1273 4146 populi
1297 4065 1504 4128 multitudine
1529 4081 1558 4127 et
1580 4064 1671 4146 quod

411 4168 521 4249 lingua
546 4169 613 4229 eius
638 4169 733 4230 debet
757 4169 870 4248 excidi,
899 4170 1031 4251 precidi,
1056 4187 1086 4232 et
1110 4171 1257 4232 incurro
1290 4171 1328 4232 de
1353 4173 1514 4235 territorio
1538 4172 1674 4234 civitatis

410 4273 525 4334 deduci
551 4288 581 4335 et
605 4276 714 4335 omnia
740 4277 824 4336 bona
849 4276 917 4336 eius
942 4276 980 4337 ad
1006 4296 1099 4338 usum
1133 4277 1268 4338 civitatis
1292 4280 1454 4360 occupari.

516 4380 594 4441 ltem
612 4381 704 4461 jurati
730 4381 996 4461 adjudicaverunt
1021 4383 1101 4443 inter
1119 4383 1292 4444 Martinam
1310 4383 1451 4462 judicem
1476 4401 1507 4447 et
1532 4385 1672 4446 Blasium

413 4485 555 4546 villicum
582 4487 620 4546 de
646 4487 800 4565 Abbacia,
825 4488 913 4568 quod
939 4488 1004 4569 ipse
1030 4489 1155 4549 Blasius
1183 4488 1286 4570 jurare
1311 4503 1437 4551 tenetur
1461 4493 1614 4553 solusmet
1638 4489 1672 4550 iu

410 4611 462 4651 ara
487 4605 593 4653 sancte
612 4593 724 4654 Crucis
748 4593 825 4654 feria
850 4607 935 4655 sexta
960 4609 1031 4676 post
1049 4595 1303 4677 Epiphaniarunr
1330 4597 1474 4676 Domini,
1499 4597 1583 4680 quod
1601 4598 1671 4678 ipse

412 4696 580 4758 maccellas
605 4718 670 4758 non
694 4701 906 4780 appreciasset
931 4721 989 4762 nec
1014 4721 1141 4782 pascua.

515 4802 591 4863 ltem
617 4805 761 4865 Andreas
786 4806 917 4886 quidam
946 4807 1069 4868 advena
1094 4809 1222 4870 racione
1255 4811 1452 4892 recepcionis
1476 4809 1671 4893 quatuorde-

409 4906 469 4966 cim
495 4927 677 4986 grossorum
703 4930 719 4970 a
753 4912 873 4971 Jacobo
898 4913 1149 4995 Wyntheychyn
1182 4928 1213 4976 et
1245 4916 1314 4976 eius
1337 4917 1579 4993 verberacionis,
1612 4917 1672 4996 qui

410 5013 574 5076 convictus
599 5029 644 5078 est
669 5016 700 5076 in
726 5015 808 5078 facto
833 5020 978 5100 potencie
1011 5034 1121 5082 contra
1152 5022 1258 5104 ipsum
1283 5023 1438 5085 Jacobum
1466 5025 1610 5087 videlicet
1639 5023 1673 5084 iu
