3738 5786
376 518 418 578 80
736 519 822 577 Anno
845 529 937 597 1454.
963 553 1004 562 —
1036 533 1083 596 15.
1107 517 1280 580 novembris.

375 749 482 812 neque
507 731 566 792 ribi
592 730 715 812 aliquid
731 744 870 811 tenetur,
894 745 926 794 et
942 750 1037 813 super
1053 729 1115 793 hoc
1131 745 1246 793 octavo
1263 730 1315 792 die
1338 749 1434 812 super
1458 747 1545 790 aram
1563 727 1640 790 soli·

375 837 475 898 tarius
497 837 658 899 tenebitur
682 835 794 919 jurare.

483 943 559 1004 ltem
585 942 671 1004 idem
704 942 866 1005 lohannes
890 942 985 1024 judex
1017 941 1121 1025 jurare
1153 943 1313 1006 tenebitur
1345 961 1440 1025 super
1463 961 1503 1004 eo
1527 953 1642 1003 octavo

376 1048 429 1110 die
461 1061 571 1111 contra
604 1049 779 1112 Martinam
811 1061 1026 1133 prenotatam,
1058 1063 1093 1112 ut
1120 1069 1220 1132 penes
1251 1049 1358 1112 literas
1390 1049 1489 1132 ipsius
1513 1047 1641 1110 Martini

375 1155 461 1238 apud
486 1155 591 1238 ipsum
609 1157 789 1219 iohannem
807 1155 946 1238 judicem
972 1157 1004 1219 in
1029 1157 1166 1240 pignore
1182 1156 1316 1236 habitas,
1341 1170 1375 1218 ut
1392 1156 1459 1239 ipse
1484 1155 1641 1218 Martinus

375 1262 435 1345 ipsi
460 1262 600 1325 Johanui
625 1263 722 1346 judici
749 1264 834 1346 ipsas
858 1264 966 1326 literas
998 1283 1057 1346 pro
1080 1264 1177 1325 tantis
1210 1263 1438 1346 inpignoravit,
1463 1275 1494 1324 et
1517 1274 1641 1324 tantum

376 1389 472 1452 super
485 1388 552 1451 quo
576 1369 736 1450 juraverit,
761 1370 821 1432 sibi
846 1382 991 1447 tenetur;
1016 1369 1055 1431 de
1080 1370 1197 1452 quibua
1221 1369 1348 1451 judiciis
1372 1382 1403 1431 et
1426 1367 1642 1450 adjudicatio·

375 1476 470 1538 nibus
494 1477 638 1558 ipsorum
657 1476 835 1558 juratorum
860 1477 928 1559 ipae
953 1477 1110 1539 Martinus
1127 1491 1227 1539 sartor
1251 1495 1316 1538 non
1341 1487 1511 1537 contentus
1534 1474 1643 1556 appel·

375 1583 454 1644 lavit
477 1582 606 1646 easdem
631 1603 741 1645 causas
764 1582 804 1646 ad
828 1583 970 1645 seniores
994 1582 1115 1665 judices
1138 1603 1195 1666 per
1220 1583 1306 1665 ipsos
1334 1580 1573 1664 adjudicandus.

484 1688 563 1753 Item
581 1690 656 1772 quia
674 1689 859 1754 Anthonius
875 1689 996 1773 juratus
1013 1690 1198 1769 modernus,
1222 1688 1307 1751 filius
1324 1689 1466 1767 Thorne,
1484 1687 1516 1750 id
1534 1705 1641 1750 coram

377 1795 470 1857 nobis
494 1793 689 1858 sufficienter
713 1796 936 1878 comprobavit
953 1795 1060 1876 hodie,
1085 1809 1119 1857 ut
1143 1795 1220 1856 dum
1238 1795 1370 1856 domina
1397 1793 1571 1855 Katherina
1595 1811 1643 1852 re·

376 1901 449 1963 licta
474 1901 613 1965 condam
646 1901 843 1984 sigismundi
876 1901 970 1984 jurati
995 1915 1026 1964 et
1055 1901 1184 1984 Mathye
1216 1899 1335 1962 Farlxas
1366 1899 1514 1962 similiter
1546 1896 1640 1980 jurati

377 2007 408 2069 in
438 2008 589 2070 extremis
612 2009 676 2070 vite
700 2028 757 2070 sue
781 2009 967 2092 temporalis
991 2008 1176 2087 laborasset,
1199 2021 1276 2070 tunc
1300 2008 1367 2089 ipsa
1391 2025 1504 2068 omnes
1520 2023 1643 2088 posses·

376 2114 482 2175 aiones
505 2134 589 2192 suas,
616 2133 696 2196 quas
733 2113 837 2176 adhuc
862 2133 927 2177 non
952 2115 1159 2194 vendidisset,
1184 2114 1314 2176 domine
1339 2112 1454 2174 Vrsule
1478 2110 1543 2174 filie
1568 2129 1643 2172 con·

377 2221 451 2282 dam
476 2221 595 2282 Vrbani
626 2219 719 2301 jurati
756 2240 841 2282 nunc
876 2221 966 2282 uxori
999 2221 1154 2302 legittime
1187 2220 1329 2282 eiusdem
1363 2219 1519 2281 Anthonii
1550 2217 1642 2300 jurati

377 2327 514 2407 legasset
529 2339 685 2408 perpetuo
703 2325 922 2409 possidendas,
940 2327 1079 2408 ideoque
1105 2345 1163 2388 nos
1184 2325 1313 2388 easdem
1337 2324 1554 2407 possessiones
1577 2343 1642 2385 non

376 2433 523 2494 venditas
555 2433 654 2515 ipsius
685 2433 817 2495 domine
850 2432 1024 2495 Katherine
1049 2433 1154 2494 eidem
1179 2432 1311 2494 domine
1335 2430 1450 2494 Vrsule
1474 2431 1642 2493 statuimus

377 2553 534 2621 perpetuo
551 2537 761 2620 possidendas
784 2553 814 2602 et
838 2539 1147 2621 quomodocumque
1171 2539 1311 2600 voluerit
1335 2537 1562 2621 disponendas.

484 2643 562 2707 ltem
585 2644 660 2706 licet
684 2644 806 2728 Symon
833 2644 966 2726 Georgii
989 2645 1115 2708 Italicus
1140 2645 1179 2706 de
1204 2645 1363 2724 Veneciis,
1386 2643 1525 2706 termino
1551 2643 1642 2725 legit·

377 2749 455 2812 time
479 2749 645 2814 citationis
668 2752 849 2830 observate,
881 2751 1062 2813 iohannem
1092 2751 1266 2834 Baptistam
1299 2751 1466 2814 concivem
1499 2764 1643 2812 nostrum

378 2855 477 2918 nostri
503 2856 534 2917 in
568 2857 764 2938 presenciam
797 2857 942 2919 citaverit
973 2870 1005 2920 et
1036 2870 1146 2920 contra
1168 2857 1272 2940 ipsum
1305 2857 1350 2919 sic
1374 2855 1587 2940 proposuerit,
1609 2869 1644 2918 ut

378 2962 446 3045 ipse
471 2961 634 3044 Mathyam
667 2962 776 3025 Slavin
807 2963 899 3026 aliter
923 2963 1055 3026 Mathko
1083 2977 1252 3042 vocatum,
1275 2963 1378 3026 filium
1403 2963 1488 3026 lwan
1513 2963 1552 3024 de
1578 2961 1642 3025 Ko-

378 3088 465 3148 rana,
489 3069 676 3131 servitorem
709 3070 809 3152 ipsius
833 3069 985 3153 Symonis
1016 3070 1055 3132 ad
1089 3068 1260 3133 iurandum
1293 3071 1473 3132 abeodem
1499 3069 1643 3153 Symone

378 3174 513 3238 domino
537 3193 596 3237 suo
621 3194 670 3236 res
694 3195 766 3237 suas
783 3173 996 3254 informasset,
1021 3176 1153 3259 ipseque
1172 3176 1335 3238 lohannes
1352 3176 1492 3258 baptista
1517 3175 1549 3238 in
1566 3196 1645 3238 con·

377 3281 510 3343 trarium
536 3281 636 3363 ipsius
652 3280 805 3365 Symonis
821 3300 928 3344 coram
946 3283 1040 3344 nobis
1060 3282 1288 3365 respondisset,
1305 3283 1394 3364 quod
1419 3283 1487 3366 ipse
1505 3282 1643 3344 eandem

379 3386 587 3450 Mathkonem
614 3388 802 3450 servitorem
835 3389 935 3470 ipsius
964 3389 1115 3471 Symonis
1139 3389 1180 3450 ad
1212 3387 1384 3452 furandum
1409 3408 1459 3452 res
1482 3407 1556 3451 suas
1579 3407 1645 3450 non

379 3491 592 3573 informasset,
616 3505 723 3556 tamen
748 3495 825 3576 quia
842 3495 908 3577 ipse
934 3493 1066 3556 Mathko
1083 3495 1219 3557 servitor
1237 3495 1337 3579 ipsius
1361 3495 1513 3578 Symonia
1538 3495 1643 3577 ipsum

379 3600 559 3663 Johannem
592 3601 767 3683 Baptistam
800 3603 839 3662 ab
869 3602 936 3684 ipsa
969 3599 1201 3664 informatione
1233 3602 1361 3684 penitas
1385 3602 1585 3686 expurgavit,
1615 3613 1646 3664 et

382 3706 458 3786 quia
484 3705 551 3788 ipse
583 3707 745 3768 lohannes
776 3707 917 3789 Baptiste
948 3707 1078 3791 insuper
1109 3706 1324 3786 juramentum
1356 3709 1418 3770 sibi
1449 3727 1506 3792 per
1530 3727 1589 3770 nos
1613 3707 1645 3769 in

380 3813 496 3874 eodem
520 3811 604 3875 facto
628 3833 723 3896 super
747 3831 786 3876 eo
810 3812 1028 3895 adjudicatum
1046 3815 1181 3898 prestitit
1202 3829 1236 3877 ut
1259 3815 1327 3897 ipse
1346 3815 1378 3876 in
1404 3815 1488 3878 dicta
1512 3815 1644 3877 accione

380 3919 480 4002 ipsius
504 3919 657 4002 Symonis
680 3921 796 3982 actoris
812 3920 852 3982 sit
868 3921 1033 4000 innocens,
1054 3921 1128 3982 ideo
1146 3922 1250 4004 ipsum
1268 3921 1451 3984 lohannem
1468 3922 1645 4005 Baptistam

382 4025 414 4085 in
439 4023 522 4087 lacto
546 4026 702 4108 premisso
725 4026 867 4088 totaliter
890 4026 1054 4089 reddimus
1078 4028 1275 4110 expeditum.

531 4241 628 4316 Feria
655 4252 754 4317 sexta
782 4247 936 4334 proxima
964 4255 1041 4334 post
1069 4245 1191 4318 festum
1220 4247 1333 4318 sancti
1363 4245 1498 4320 Briccii.

877 4403 941 4477 (15.
966 4397 1152 4494 noqembrr's).

488 4535 566 4598 ltem
590 4535 774 4598 Anthonius
798 4557 931 4620 arcupar
964 4537 1068 4600 dictus
1092 4539 1195 4601 Janko
1220 4555 1330 4604 contra
1355 4541 1527 4604 dominum
1552 4543 1647 4605 Nico-

382 4641 469 4702 laum
494 4641 704 4716 presbiterum
726 4643 900 4724 plebanum
918 4659 1062 4706 nostrum
1079 4647 1221 4708 secundo
1239 4648 1353 4711 citatus
1370 4668 1436 4711 non
1454 4649 1646 4733 comparuit.

489 4745 566 4808 ltem
585 4746 733 4814 Thomas
753 4748 875 4830 juratus
892 4749 1025 4812 Cheden
1044 4765 1153 4813 contra
1171 4753 1336 4816 Thomam
1360 4754 1501 4837 juratum
1526 4758 1648 4820 dictum

383 4850 492 4930 Haler,
524 4852 714 4932 institorem,
745 4855 776 4915 in
802 4856 906 4937 primo
943 4856 1063 4937 judicio
1096 4859 1241 4940 proxime
1274 4862 1454 4924 occurrenti
1487 4863 1649 4926 tenebitur

382 4957 586 5039 respondere.
