3852 5814
378 393 439 452 502
736 376 823 432 Auno
855 372 948 452 1480.
972 408 1015 417 —
1038 388 1066 434 Ι.
1090 374 1249 434 decembris.

377 600 440 648 tres
465 585 613 646 balistas:
639 606 711 647 ecce
738 587 794 646 ista
821 601 867 646 est
887 585 999 652 balista
1024 605 1121 668 quarn
1139 605 1199 666 ego
1217 587 1401 666 querebam,
1427 601 1458 647 et
1482 584 1542 648 fuit
1566 607 1642 647 con·

380 705 486 754 tentus
509 712 566 774 pro
592 693 660 774 ipsa
685 693 815 768 balista;
840 691 1020 773 eodemque
1046 692 1097 753 die
1116 705 1301 774 prenotatus
1325 711 1433 753 comes
1458 692 1569 753 Petrus
1585 713 1642 774 per

377 800 525 860 homines
549 819 625 860 suos
656 799 820 860 nunciavit
846 800 960 860 iterum
993 798 1102 879 juratis
1135 790 1302 880 quomodo
1335 800 1402 880 ipse
1427 820 1444 859 a
1470 799 1642 860 Dominico

377 905 550 990 Perowych
583 907 711 966 racione
746 905 844 986 ipsius
877 905 989 966 baliste
1021 901 1216 966 sufficienter
1247 918 1416 966 contentus
1447 906 1487 966 sit
1519 919 1549 966 et
1586 919 1642 983 est,

378 1013 487 1095 ibique
524 1011 705 1093 sepedictus
739 1011 930 1072 Dominicus
962 1011 1136 1093 Perowych
1173 1012 1319 1073 similiter
1352 1013 1456 1094 ipsum
1490 1013 1640 1073 comitem

378 1118 506 1180 Petrum
532 1118 672 1180 reddidit
697 1119 835 1198 quittum
862 1133 892 1179 et
917 1117 1101 1199 expeditum
1135 1139 1193 1200 pro
1218 1119 1328 1180 debito
1353 1139 1418 1200 quo
1444 1120 1510 1200 ipse
1535 1139 1643 1180 comes

377 1225 488 1285 Petrus
514 1224 687 1285 Dominico
711 1225 927 1304 obligabatur.

484 1331 588 1392 Causa
614 1331 695 1391 inter
721 1329 895 1412 Perowych
919 1330 1127 1391 Dominicum
1161 1345 1191 1391 et
1216 1331 1395 1392 iohannem
1421 1332 1642 1416 Soldynarych

377 1439 505 1500 racione
530 1437 697 1499 cuiusdam
731 1438 875 1500 cenaculi
908 1438 1001 1518 jurati
1033 1437 1310 1518 adjudicaverunt,
1343 1439 1430 1518 quod
1465 1439 1531 1519 ipse
1556 1439 1643 1499 solus

378 1544 568 1605 Dominicus
593 1544 767 1628 Perowych
804 1545 982 1626 predictum
1018 1544 1206 1605 cenaculum
1244 1564 1308 1605 non
1342 1558 1446 1626 potest
1476 1546 1642 1628 deponere

378 1651 439 1712 nisi
463 1652 489 1712 ai
513 1663 578 1712 tota
604 1651 818 1712 communitas
843 1651 999 1728 voluerit;
1025 1650 1064 1711 de
1089 1669 1152 1732 qua
1180 1649 1425 1731 adjudicacione
1450 1650 1642 1712 Dominicua

379 1777 444 1819 non
468 1770 638 1819 contentus
662 1777 789 1818 causam
814 1759 913 1838 ipsam
939 1755 979 1818 ad
1006 1758 1147 1818 seniores
1171 1757 1346 1838 appellavit
1370 1757 1501 1837 judices.

485 1864 590 1925 Causa
615 1865 696 1926 inter
722 1863 853 1925 Gallum
880 1863 1057 1945 Kwdelycb
1082 1877 1112 1924 et
1134 1863 1268 1924 Paulum
1293 1862 1490 1924 aurifabrum
1515 1883 1551 1924 ac
1575 1868 1644 1924 An·

379 1971 487 2032 dream
520 1971 679 2032 seniorem
714 1971 853 2049 juratum
886 1984 916 2030 et
948 1970 1105 2031 decanum
1139 1971 1266 2031 racione
1299 1970 1497 2052 expulsionis
1531 1968 1644 2052 prefati

380 2077 465 2140 Galli
491 2078 627 2139 deloco
652 2077 781 2138 etsede
806 2077 982 2158 juratorum
1016 2096 1071 2157 per
1104 2077 1210 2157 ipsum
1243 2076 1379 2137 Paulum
1403 2077 1563 2138 seniorem
1597 2076 1645 2158 ju-

379 2184 483 2245 dicem
509 2197 540 2244 et
564 2183 726 2244 andream
745 2183 923 2265 predictum
948 2203 1043 2264 super
1068 2183 1173 2264 ipsum
1192 2181 1323 2244 Gallum
1349 2182 1526 2265 Kwdelycb
1544 2181 1646 2261 factis,

380 2291 472 2374 jurati
488 2290 764 2371 adjudicaverunt,
782 2290 869 2370 quod
885 2290 959 2370 quia
978 2289 1115 2370 quedam
1132 2288 1263 2350 infamia
1281 2309 1375 2370 super
1392 2290 1496 2370 ipsum
1513 2288 1645 2350 Gallum

380 2397 439 2460 fuit
464 2413 571 2460 exorta
590 2412 620 2459 et
637 2417 807 2478 quousque
825 2397 990 2457 decadem
1016 2417 1048 2457 se
1063 2410 1262 2478 expurgaret,
1280 2397 1507 2477 prememorati
1525 2395 1645 2456 Paulus

380 2505 486 2566 senior
510 2504 605 2584 judex
630 2517 661 2564 et
686 2504 830 2564 Andreas
854 2515 942 2564 sutor
967 2503 1107 2563 decanus
1135 2502 1313 2583 juratorum
1339 2503 1443 2584 ipsum
1470 2501 1602 2563 Gallum
1627 2521 1646 2562 a

381 2610 463 2672 dicta
487 2610 560 2672 sede
586 2625 617 2671 et
634 2610 706 2671 loco
725 2609 929 2670 inhibuerant
955 2623 984 2670 et
1001 2609 1206 2686 secluserunt,
1224 2623 1307 2669 recte
1335 2608 1492 2684 fecerant;
1511 2623 1542 2670 et
1559 2621 1647 2689 post·

381 2736 477 2799 quam
502 2737 534 2776 se
560 2717 749 2798 expurgavit
772 2715 911 2776 eundem
938 2715 1069 2777 Gallum
1104 2715 1143 2776 ad
1169 2716 1277 2776 locum
1309 2736 1402 2776 suum
1428 2715 1643 2776 communitas

380 2823 489 2884 statuit
508 2837 537 2884 et
558 2841 732 2883 econverso
757 2822 874 2903 posuit,
898 2823 997 2882 eciam
1024 2835 1106 2883 recte
1133 2821 1284 2883 fecerunt.
1310 2821 1387 2882 ltem
1409 2823 1497 2903 quod
1521 2821 1581 2881 sibi
1606 2821 1648 2881 ad

382 2930 508 3010 vigilias
526 2930 661 2990 civitatis
685 2944 716 2990 et
740 2930 778 2990 ad
797 2929 923 2989 labores
945 2928 1141 3009 precipiebat
1158 2926 1298 3008 prefatus
1315 2929 1421 3009 judex,
1439 2929 1540 2989 eciam
1565 2929 1647 2989 bene

383 3035 467 3115 fecit,
500 3037 575 3117 quia
606 3035 761 3096 recusarit
793 3056 850 3116 pro
882 3049 958 3097 tunc
990 3033 1133 3095 officium
1167 3035 1342 3114 juratorum
1376 3035 1571 3116 adimplere;
1609 3055 1646 3095 ea

382 3143 625 3224 adjudicatione
651 3162 714 3202 non
741 3155 910 3202 contentus
935 3141 1048 3202 Gallus
1081 3161 1209 3202 causam
1241 3141 1416 3223 appellavit
1439 3142 1479 3202 ad
1504 3141 1648 3202 seniores

382 3250 513 3331 judices.

489 3355 594 3418 Causa
620 3357 701 3416 inter
727 3355 861 3416 Paulum
888 3353 1085 3415 aurifabrum
1109 3368 1139 3416 et
1156 3353 1275 3434 juratos
1298 3374 1373 3415 suos
1398 3355 1524 3414 racione
1541 3353 1647 3414 cuius·

382 3462 455 3524 darn
483 3463 547 3523 vini
574 3463 659 3523 Luce
685 3461 844 3543 Ribarych
870 3461 996 3522 arestari
1027 3476 1057 3521 et
1091 3461 1254 3522 educillati
1288 3461 1382 3522 unius
1408 3459 1475 3522 flor.
1501 3459 1647 3537 valentis,

383 3569 474 3649 jurati
500 3568 775 3648 adjudicaverunt,
801 3568 888 3648 quod
923 3568 969 3628 illi
1002 3567 1094 3646 jurati
1121 3568 1176 3648 qui
1208 3565 1368 3648 prefatum
1402 3569 1512 3628 vinum
1539 3565 1647 3627 ebibe·

383 3688 455 3736 runt
480 3675 539 3756 ipsi
565 3674 665 3736 Paulo
690 3673 852 3735 aurifabro
887 3674 1004 3735 habent
1028 3675 1152 3734 solvere
1185 3673 1363 3756 predictum
1397 3675 1507 3734 vinum
1532 3671 1645 3734 floreni

382 3783 477 3842 unius
502 3801 597 3862 quem
624 3781 690 3862 ipse
715 3781 810 3842 solvit
836 3781 921 3842 luce
948 3779 1128 3862 Rybarych.

489 3887 595 3948 Causa
619 3888 701 3948 inter
719 3887 852 3947 Paulum
872 3885 1069 3948 aurifabrum
1095 3900 1126 3948 et
1150 3887 1311 3947 Andream
1331 3903 1482 3968 nepotem
1508 3887 1647 3948 condam

382 3993 505 4054 domini
539 3995 693 4055 lobannis
724 3993 889 4075 presbiteri
924 3995 1051 4054 racione
1084 3995 1243 4054 bonorum
1281 3994 1497 4074 quorumdam
1530 3993 1646 4075 orpha-

382 4119 509 4178 norum,
546 4100 638 4180 jurati
676 4099 951 4178 adjudicaverunt,
984 4100 1071 4180 quod
1104 4099 1249 4160 Andreas
1282 4101 1313 4161 in
1347 4120 1482 4182 persona
1516 4099 1645 4162 illorum

382 4206 599 4288 orphanorum
627 4207 722 4268 habet
739 4225 895 4286 occupare
921 4207 1004 4266 bona
1022 4207 1181 4267 dictorum
1199 4207 1428 4288 orphanorum,
1454 4208 1520 4288 ipse
1537 4221 1644 4268 autem

382 4313 501 4374 Paulus
525 4313 685 4374 aurifaber
710 4313 834 4373 literam
867 4326 898 4373 et
920 4311 987 4390 jura
1022 4313 1165 4394 ipsorum
1191 4314 1221 4374 in
1256 4313 1404 4375 manibus
1428 4317 1492 4374 suis
1516 4329 1644 4388 tenere;

380 4433 491 4501 postea
516 4434 622 4481 autem
647 4419 693 4481 illi
719 4417 853 4500 orphani
880 4419 904 4478 si
929 4417 1004 4500 ipsis
1028 4418 1184 4500 placuerit
1212 4419 1319 4481 literas
1344 4433 1374 4480 et
1398 4420 1460 4481 alia
1486 4423 1569 4482 bona
1586 4440 1645 4482 sua

379 4527 553 4608 requirent.

487 4633 624 4694 Michael
658 4631 797 4694 carnifex
834 4647 943 4695 contra
979 4633 1109 4696 Petrum
1145 4653 1255 4715 sporar
1288 4634 1392 4716 primo
1428 4634 1541 4694 citatus
1576 4653 1643 4696 non

380 4740 569 4822 comparuit.

904 4869 1115 4885 *am-
