3644 5788
389 503 449 567 232

768 487 854 542 Anno
877 481 970 562 1463.
995 519 1038 528 —
1061 499 1110 559 19.
1127 482 1280 559 januan't'.

388 699 506 760 civium
532 697 571 758 de
597 699 804 779 Rakaspurga
828 695 943 758 factam
969 697 1000 756 in
1026 716 1075 774 eo,
1101 709 1135 757 ut
1163 697 1229 776 ipse
1255 693 1409 778 prefatam
1436 697 1570 756 domum
1589 714 1648 754 una

388 826 461 868 cum
487 805 616 887 (h)orto,
641 805 744 866 vineis
768 819 798 865 et
823 804 911 864 silvis
935 823 992 886 pro
1017 804 1180 884 premissis
1203 804 1366 883 sexaginta
1391 819 1464 863 octo
1490 803 1559 864 flor.
1584 802 1650 862 auri

388 932 446 994 pro
471 912 588 992 quibus
612 911 748 972 eandem
772 925 802 972 et
826 909 955 972 easdem
975 908 1098 991 prelato
1116 908 1283 971 Anthonio
1308 908 1406 989 judici
1432 908 1579 969 vendidit
1596 927 1650 989 pro

387 1039 420 1080 se
445 1019 521 1101 ipsis
552 1019 706 1080 redimere
732 1018 910 1093 debuisset;
934 1031 1041 1077 tamen
1074 1017 1148 1097 quia
1173 1016 1316 1076 annotati
1343 1015 1592 1076 Bartholomeus
1624 1027 1652 1074 et

389 1126 528 1186 Barbara
552 1145 683 1186 consors
708 1125 852 1186 eiusdem
885 1123 924 1184 ad
958 1123 1083 1184 nullum
1108 1123 1251 1205 ipsorum
1282 1121 1409 1183 dierum
1441 1121 1650 1200 juridicorum

388 1247 419 1293 et
441 1231 653 1294 terminorum
688 1231 786 1292 nostri
811 1232 843 1292 in
876 1230 1074 1312 presenciam
1107 1229 1216 1290 venire
1251 1248 1309 1289 nec
1345 1229 1481 1305 mittere,
1515 1228 1570 1288 sed
1597 1246 1652 1286 nec

389 1338 524 1399 eandem
549 1338 682 1399 domum
710 1357 767 1418 pro
785 1337 947 1418 premissis
963 1337 1124 1417 sexaginta
1146 1351 1218 1396 octo
1236 1334 1304 1396 flor.
1330 1335 1397 1395 auri
1423 1334 1582 1395 redimere
1599 1352 1651 1393 vo·

388 1445 532 1524 luissent,
557 1445 631 1506 ideo
657 1465 714 1506 nos
740 1444 798 1526 ipsi
825 1443 990 1505 Anthonio
1015 1443 1112 1522 judici
1130 1442 1216 1522 juxta
1245 1442 1509 1503 consvetudinem
1537 1454 1568 1501 et
1592 1439 1651 1521 pri-

389 1551 572 1632 vilegiatam
597 1553 777 1612 libertatern
801 1550 885 1611 dicte
909 1549 1046 1610 civitatis
1069 1568 1165 1630 super
1190 1549 1311 1609 eisdem
1336 1547 1498 1626 domibus,
1532 1547 1650 1628 (hlorto

388 1657 490 1719 vineis
514 1671 545 1719 et
568 1657 657 1718 silvis
681 1657 788 1718 literas
812 1670 935 1717 nostras
960 1654 1109 1716 duximus
1133 1655 1367 1716 concedendas.

495 1764 572 1825 ltem
597 1783 724 1825 causam
751 1763 831 1824 inter
857 1762 1055 1844 Stephanum
1090 1762 1241 1823 Plathnar
1272 1777 1302 1822 et
1327 1761 1492 1822 Thomam
1518 1759 1651 1822 Cheden

389 1871 533 1932 seniores
556 1870 686 1952 juratos,
721 1869 849 1931 racione
882 1869 1049 1928 cuiusdam
1082 1868 1314 1949 prohibicionis
1347 1867 1513 1928 cuiusdam
1548 1866 1651 1948 (hlorti

390 1997 485 2058 supra
517 1976 669 2038 balneum
702 1975 735 2036 in
766 1975 927 2037 territorio
960 1975 1097 2036 civitatis
1128 1975 1239 2052 habiti,
1269 1994 1367 2055 quem
1399 1973 1555 2055 (hlortum
1589 1973 1652 2054 ipse

390 2082 535 2143 Thomas
560 2082 693 2144 Cheden
726 2101 819 2142 suum
852 2079 920 2142 fore
952 2096 982 2141 et
1014 2095 1185 2143 matertere
1209 2101 1265 2142 sue
1297 2081 1478 2162 allegasset,
1503 2094 1535 2140 et
1559 2098 1655 2160 super,

390 2189 494 2271 ipsum
528 2189 727 2270 Stephanum
760 2187 912 2249 Plathnar
944 2189 1125 2270 potenciam
1163 2190 1383 2270 proponebat,
1416 2203 1447 2249 et
1478 2187 1555 2268 quia
1590 2189 1652 2268 ipse

390 2293 535 2376 (h)ortus,
561 2314 658 2376 quem
684 2295 751 2376 ipse
777 2293 922 2354 Thomas
952 2313 1044 2354 suum
1078 2291 1147 2355 fore
1181 2296 1351 2372 asserebat,
1376 2313 1441 2355 non
1467 2307 1549 2355 esset
1581 2312 1653 2353 suus

389 2400 445 2462 sed
469 2401 610 2480 alterius,
635 2401 708 2462 ideo
733 2402 922 2462 invenerant
946 2400 1005 2482 ipsi
1031 2400 1123 2480 iurati
1150 2401 1250 2482 ipsam
1276 2401 1459 2482 potenciam
1484 2419 1584 2481 quam
1609 2398 1652 2458 di-

390 2509 482 2570 cebat
505 2521 614 2569 contra
639 2508 744 2590 ipsum
778 2505 976 2588 Stephanum
1010 2507 1041 2567 in
1074 2508 1185 2568 decem
1209 2509 1324 2569 marcis
1357 2507 1584 2581 denariorum;
1616 2506 1652 2566 de

391 2633 457 2695 quo
475 2614 595 2694 judicio
613 2614 679 2696 ipse
697 2613 843 2674 Thomas
856 2631 923 2673 non
939 2627 1107 2676 contentus
1120 2615 1294 2696 appellavit
1307 2614 1346 2676 ad
1364 2615 1507 2675 seniores
1520 2612 1651 2692 judices.

391 2847 488 2922 leria
516 2857 642 2940 quarta
676 2848 827 2940 proxima
856 2858 934 2922 ante
962 2851 1086 2922 festum
1122 2853 1297 2923 beatorum
1327 2848 1463 2922 Fabiani
1494 2859 1528 2922 et
1558 2852 1655 2922 Seba-

861 2977 965 3046 stiani
994 2974 1184 3046 martirum.

895 3132 959 3205 (19.
975 3129 1144 3205 januarii).

497 3267 574 3329 ltem
600 3269 742 3329 seniores
766 3268 887 3350 judices
912 3289 1039 3330 causam
1065 3270 1147 3331 inter
1173 3271 1382 3332 Benedictum
1407 3267 1607 3330 aurifabrum
1625 3279 1654 3327 et

391 3373 598 3436 Valentinum
625 3375 794 3458 Marysych
819 3375 951 3454 dictum,
984 3396 1040 3457 per
1072 3376 1192 3456 juratos
1216 3377 1441 3458 adjudicatam,
1466 3375 1556 3456 quod
1589 3374 1653 3454 ipse

392 3483 424 3543 in
449 3481 570 3562 judicio
602 3483 732 3562 quando
765 3483 867 3546 voluit
887 3483 969 3544 sedit
1009 3483 1140 3564 quando
1178 3484 1281 3545 voluit
1313 3483 1447 3544 surrexit
1477 3482 1547 3543 sine
1578 3499 1651 3541 con-

390 3607 485 3648 sensu
509 3587 624 3668 judicis
648 3603 679 3650 et
703 3587 892 3668 juratorum,
916 3589 1004 3670 quod
1029 3603 1096 3650 erat
1113 3591 1278 3652 convictus
1299 3603 1409 3651 contra
1435 3587 1576 3650 eundem
1595 3585 1653 3646 Va·

390 3695 548 3756 lentinum
575 3695 606 3755 in
624 3694 749 3756 duabus
773 3696 897 3774 marcis,
915 3696 974 3777 ipsi
997 3697 1139 3757 seniores
1167 3697 1360 3758 invenerunt
1385 3694 1474 3776 quod
1492 3693 1656 3754 convictus

392 3814 438 3861 est
462 3801 494 3861 in
518 3801 620 3862 tribus
636 3802 742 3882 pensis
767 3801 972 3863 denariorum
998 3816 1028 3863 et
1045 3801 1200 3883 judicium
1225 3803 1314 3884 quod
1339 3803 1434 3864 habet
1450 3819 1523 3862 cum
1542 3798 1655 3861 endem

391 3907 565 3969 Valentino
590 3907 684 3988 jurati
709 3909 817 3969 eidem
842 3908 944 3970 lacere
970 3909 1089 3971 debent
1113 3925 1144 3971 et
1167 3909 1362 3990 adjudicare.

499 4014 578 4075 ltem
602 4034 729 4076 causam
763 4015 844 4076 inter
868 4016 1012 4077 relictam
1045 4016 1183 4077 condam
1216 4017 1392 4078 Ztankonis
1423 4015 1504 4077 labri
1530 4029 1561 4075 et
1586 4011 1655 4075 Cle·

391 4134 532 4180 mentem
556 4119 681 4182 fabrum
707 4121 835 4182 racione
854 4122 970 4182 domus
987 4123 1086 4204 ipsius
1111 4123 1248 4184 condam
1268 4123 1454 4200 Ztankonis,
1479 4140 1536 4203 per
1556 4121 1656 4201 ipsam

391 4228 430 4287 ad
455 4227 598 4288 seniores
622 4227 742 4308 judices
767 4229 960 4309 appellatam
985 4243 1016 4289 et
1040 4249 1095 4310 per
1119 4229 1238 4309 juratos
1254 4229 1480 4310 adjudicatam,
1505 4227 1645 4289 seniores

392 4332 517 4414 judices
540 4333 646 4393 taliter
669 4333 904 4414 adjudicarunt,
930 4335 1018 4416 quod
1049 4335 1126 4396 dum
1158 4336 1225 4416 ipse
1250 4336 1404 4398 Clemens
1428 4334 1517 4396 saber
1542 4335 1655 4396 vende·

393 4459 457 4520 que
481 4439 548 4520 ipse
573 4440 711 4500 condam
736 4442 860 4502 Ztanko
879 4442 1063 4502 vendicioni
1081 4443 1253 4520 commisit,
1278 4443 1428 4504 videlicet
1452 4441 1653 4503 medietatem

394 4546 522 4624 domus,
548 4547 627 4607 etsi
653 4547 720 4628 ipse
745 4547 898 4609 Clemens
934 4547 1023 4608 faber
1055 4549 1163 4610 debita
1187 4549 1286 4630 ipsius
1321 4549 1458 4610 condam
1484 4548 1653 4610 Ztankonis

393 4649 475 4714 fabri
500 4671 572 4712 cum
598 4654 769 4715 medietate
796 4655 894 4736 ipsius
919 4655 1034 4715 domus
1063 4655 1227 4716 exsolvere
1252 4675 1318 4716 non
1342 4670 1459 4737 posset,
1484 4669 1514 4716 et
1539 4653 1651 4737 prelata

395 4759 504 4818 relicta
530 4759 628 4840 ipsius
653 4761 827 4821 Ztanlronis
856 4759 936 4820 labri
962 4761 1042 4821 ultra
1070 4761 1170 4843 ipsam
1189 4761 1396 4823 medietatem
1420 4761 1519 4842 ipsius
1544 4761 1650 4821 domus

393 4864 500 4944 aliqua
523 4865 631 4926 debita
656 4886 728 4926 cum
754 4867 892 4948 propriis
925 4868 1087 4948 peccuniis
1119 4869 1272 4947 exsolvet,
1297 4868 1385 4949 quod
1409 4882 1485 4928 tunc
1511 4868 1574 4949 ipsa
1605 4885 1649 4926 re·

390 4970 464 5031 licta
488 4971 591 5032 libera
617 4973 675 5034 erit
699 4993 771 5034 cum
797 4973 860 5034 illis
884 4975 1050 5056 peccuniis
1082 4994 1161 5056 quas
1184 4995 1280 5056 super
1305 4975 1371 5056 ipsa
1395 4973 1458 5036 alia
1483 4973 1644 5036 medietate
