3738 5786
404 604 444 685 98
785 606 871 662 Anno
895 615 982 680 1455.
1009 636 1048 647 -
1073 616 1123 664 10.
1147 600 1277 662 octobris.

402 816 678 897 adjudicaverunt,
702 829 737 877 ut
761 815 821 897 ipsi
845 815 1018 877 Valentino
1044 836 1101 899 pro
1119 815 1221 898 prima
1245 813 1448 876 correccione
1473 812 1660 874 debentab-

402 923 480 986 scidi
502 925 596 985 ambe
621 942 713 985 aures
737 935 768 984 et
792 921 888 985 debet
911 921 972 984 sibi
997 923 1127 985 easdem
1153 941 1245 983 aures
1273 919 1451 1003 Elyzabeth
1476 919 1542 981 filia
1567 919 1665 981 Blasii

403 1029 607 1113 Kychewych
633 1029 672 1090 de
690 1027 885 1111 Glawnycza
902 1029 1077 1106 abscidere,
1102 1041 1133 1090 et
1149 1027 1296 1089 abscissis
1320 1027 1396 1108 ipsis
1414 1027 1546 1088 auribus
1570 1024 1666 1086 debet

402 1137 486 1198 idem
513 1135 705 1197 Valentinus
730 1134 769 1196 de
803 1135 930 1197 civitate
964 1149 994 1196 et
1018 1137 1087 1197 eius
1111 1135 1271 1197 territorio
1303 1134 1439 1216 turpiter
1463 1133 1581 1215 expelli
1613 1133 1667 1210 ita,

402 1243 489 1324 quod
516 1243 555 1303 de
572 1257 678 1304 cetero
704 1256 736 1304 et
760 1242 972 1325 peramplius
989 1243 1021 1304 in
1047 1243 1209 1304 civitatem
1227 1254 1257 1302 et
1281 1241 1349 1302 eius
1365 1239 1563 1302 territorium
1581 1237 1667 1298 idem

401 1349 591 1410 Valentinus
616 1369 680 1410 non
706 1348 802 1410 debet
827 1349 954 1426 intrare,
985 1349 1041 1430 qui
1066 1349 1091 1409 si
1124 1348 1164 1409 de
1189 1361 1295 1409 cetero
1320 1360 1351 1410 et
1382 1345 1602 1428 peramplius
1634 1345 1667 1404 in

402 1455 484 1518 dicta
510 1455 637 1517 civitate
662 1469 692 1518 et
716 1456 785 1517 eius
809 1455 970 1518 territorio
1000 1469 1167 1538 reppertus
1189 1453 1294 1533 luerit,
1319 1453 1406 1536 juxta
1430 1473 1486 1514 sua
1512 1452 1666 1514 demerita

401 1582 516 1644 penam
540 1581 637 1643 quam
663 1561 858 1623 demeruerit
881 1561 1032 1641 pacietur.

508 1689 584 1750 ltem
609 1687 685 1770 quia
717 1687 895 1770 Elyzabeth
926 1687 1067 1770 predicta
1099 1685 1164 1748 filia
1184 1686 1296 1768 'ipsius
1333 1684 1429 1747 Blasii
1455 1683 1662 1767 Kychewych

402 1795 433 1855 in
468 1795 590 1855 eisdem
623 1793 776 1856 nundinis
805 1813 904 1855 unurn
937 1807 1072 1856 rastrum
1097 1793 1196 1873 vulgo
1229 1793 1327 1854 brana
1352 1791 1474 1853 dictum
1499 1790 1665 1867 subtraxit,

403 1901 477 1963 ideo
502 1901 594 1982 jurati
614 1901 890 1982 adjudicaverunt,
915 1900 1003 1982 quod
1025 1898 1146 1982 prefate
1163 1898 1342 1982 Elyzabeth
1360 1897 1487 1959 mulieri
1506 1896 1668 1979 predictus

401 2007 591 2070 Valentinus
616 2007 711 2069 debet
735 2006 899 2068 abscidere
924 2026 1021 2068 unam
1046 2026 1157 2068 aurem
1182 2019 1214 2067 et
1242 2006 1310 2088 ipsa
1335 2006 1431 2067 debet
1453 2004 1588 2086 turpiter
1612 2022 1666 2064 ex-

400 2113 479 2195 pelli
504 2113 543 2173 de
575 2113 714 2191 civitate,
739 2131 801 2194 que
831 2113 933 2174 eciam
965 2112 1097 2194 expulsa
1130 2124 1186 2190 est,
1212 2111 1450 2173 committentes
1482 2109 1600 2188 eidem,
1633 2123 1669 2171 ut

401 2219 468 2301 ipsa
493 2219 533 2280 de
557 2231 663 2281 cetero
688 2233 719 2279 et
742 2238 798 2300 per
822 2217 962 2300 amplius
994 2218 1025 2278 in
1051 2217 1168 2279 dictam
1202 2217 1366 2279 civitatem
1390 2230 1421 2279 et
1445 2217 1513 2277 eius
1538 2215 1667 2278 territo·

401 2324 484 2385 rium
510 2325 626 2386 intrare
651 2327 728 2406 (non
764 2320 906 2406 audeat),
931 2343 994 2405 que
1019 2325 1044 2384 si
1077 2323 1109 2384 in
1135 2323 1262 2385 civitate
1287 2336 1318 2384 et
1348 2322 1417 2385 eius
1441 2321 1601 2385 territorio
1627 2321 1668 2382 de

402 2445 508 2492 cetero
532 2444 677 2513 repperta
705 2429 810 2508 luerit,
838 2443 915 2492 tunc
947 2450 1021 2492 mox
1047 2431 1131 2512 juxta
1156 2450 1212 2491 sua
1245 2429 1401 2492 demerita
1425 2447 1542 2510 penam
1568 2446 1667 2509 quam

402 2525 596 2598 demerueiit
620 2537 773 2618 pacietur.

508 2642 585 2704 ltem
603 2641 749 2704 Thomas
773 2641 858 2704 filius
876 2644 979 2706 Mauri
1006 2643 1044 2704 de
1071 2641 1163 2704 Zlath
1182 2657 1228 2705 est
1245 2643 1394 2704 inventus
1418 2643 1450 2703 in
1468 2640 1554 2704 lurtu
1571 2642 1664 2702 bom·

401 2749 471 2810 baci
497 2749 527 2810 in
553 2749 681 2811 civitate
705 2749 860 2831 predicta,
885 2749 958 2811 ideo
982 2750 1122 2811 eundem
1147 2749 1185 2810 de
1204 2750 1330 2811 civitate
1356 2763 1387 2810 et
1410 2749 1479 2811 eius
1501 2747 1665 2810 territorio

400 2856 534 2937 turpiter
558 2854 692 2917 lecimus
716 2855 885 2937 expellere,
907 2855 1144 2918 committentes
1167 2856 1273 2917 eidem
1298 2870 1334 2919 ut
1362 2856 1401 2916 de
1427 2867 1533 2916 cetero
1557 2867 1588 2916 et
1606 2873 1666 2935 per

403 2962 542 3044 amplius
566 2962 651 3023 idem
677 2961 823 3024 Thomas
846 2961 886 3024 ad
919 2962 1080 3024 civitatem
1112 2961 1289 3045 predictam
1321 2975 1352 3023 et
1376 2961 1446 3023 eius
1469 2960 1667 3021 territorium

403 3086 467 3128 non
493 3067 607 3128 debeat
631 3068 759 3146 intrare,
783 3068 838 3149 qui
863 3069 888 3128 si
914 3068 953 3128 de
978 3081 1084 3130 cetero
1102 3081 1133 3129 et
1157 3088 1213 3150 per
1237 3067 1377 3150 amplius
1401 3067 1433 3127 in
1458 3067 1560 3147 ipsam
1585 3064 1664 3125 civi-

405 3185 503 3234 tatem
528 3173 701 3236 intraverit.
726 3175 836 3252 (deest).

437 3407 533 3482 Faria
561 3420 658 3482 sexta
686 3414 839 3500 proxima
868 3411 1091 3500 postiemum
1120 3413 1230 3483 sancti
1259 3409 1412 3500 llyonisii
1440 3406 1587 3497 episcopi
1615 3415 1652 3477 et

945 3537 1111 3607 martiris.

911 3703 977 3782 (10.
1001 3705 1148 3785 octobris).

506 3862 585 3924 ltem
609 3860 771 3923 lohannes
795 3860 891 3942 judex
922 3861 1007 3925 filius
1038 3864 1119 3925 Pero
1143 3862 1237 3946 jurati
1269 3876 1299 3924 et
1323 3861 1509 3924 Anthonius
1542 3860 1671 3943 juratus

401 3967 485 4030 filius
509 3967 649 4046 Thome,
674 3968 793 4030 debent
816 3967 857 4029 ad
881 3969 1021 4051 primum
1042 3969 1199 4052 judicium
1228 3970 1374 4053 proxime
1399 3989 1571 4032 occurrens
1594 3966 1672 4049 jura

401 4093 512 4136 eorum
537 4091 600 4154 que
618 4073 752 4134 meliora
770 4074 801 4135 in
820 4072 904 4136 lacto
922 4075 1088 4138 cuiusdam
1106 4089 1189 4138 terre
1206 4075 1347 4156 arabilis,
1365 4096 1427 4158 que
1452 4095 1509 4158 per
1526 4073 1672 4137 condam

401 4179 542 4240 Blasium
568 4179 704 4262 Frawyn
729 4177 789 4242 luit
802 4179 1005 4262 inpignorata
1023 4183 1159 4244 condam
1187 4181 1346 4265 Gregorio
1371 4183 1475 4261 jurato
1500 4201 1558 4264 pro
1575 4181 1673 4242 XLV

402 4283 483 4362 flor,
508 4284 688 4364 habuerint,
712 4284 889 4367 producere
918 4287 1046 4350 debent.

506 4408 583 4469 ltem
609 4427 737 4469 causam
761 4409 843 4471 inter
868 4411 1012 4472 Marcum
1042 4411 1082 4473 de
1107 4412 1229 4474 Chawa
1254 4425 1286 4475 et
1310 4413 1393 4476 inter
1418 4412 1554 4475 Paulum
1580 4413 1675 4473 auri-

401 4512 525 4574 fabrum
551 4513 647 4595 judex
673 4527 705 4576 et
728 4514 822 4594 jurati
845 4515 885 4576 ad
913 4517 1054 4599 primum
1086 4517 1242 4598 judicium
1267 4533 1340 4601 post
1363 4517 1480 4581 festum
1507 4517 1677 4582 Omnium

400 4633 582 4680 sanctorum
606 4620 752 4701 proxime
776 4635 959 4700 venturum,
983 4623 1127 4704 proxime
1152 4643 1334 4704 occurrens,
1358 4625 1604 4708 prolongarunt.

506 4724 583 4786 ltem
617 4724 762 4787 Thomas
786 4726 912 4788 institor
943 4742 1052 4790 contra
1082 4727 1261 4811 Georgium
1292 4731 1467 4813 pellificem
1491 4731 1597 4813 primo
1623 4732 1678 4794 ci-

399 4841 483 4890 tatus
507 4848 571 4890 non
596 4831 786 4912 comparuit.

506 4935 583 4996 ltem
606 4937 793 4999 Franciscus
818 4937 957 5022 lrenipar
977 4954 1086 5002 contra
1113 4942 1254 5005 Blasium
1271 4942 1457 5007 carnificem
1482 4943 1586 5006 lilium
1610 4943 1680 5007 Jo-

401 5039 515 5101 hannis
538 5041 695 5103 carnificis
719 5044 824 5124 primo
850 5045 963 5108 citatus
987 5066 1052 5108 non
1077 5050 1268 5130 comparuit.
