<?xml version="1.0" encoding="UTF-8"?>
<!DOCTYPE html PUBLIC "-//W3C//DTD XHTML 1.0 Transitional//EN"
    "http://www.w3.org/TR/xhtml1/DTD/xhtml1-transitional.dtd">
<html xmlns="http://www.w3.org/1999/xhtml" xml:lang="en" lang="en">
 <head>
  <title>
</title>
<meta http-equiv="Content-Type" content="text/html;charset=utf-8" />
  <meta name='ocr-system' content='tesseract 3.04.00' />
  <meta name='ocr-capabilities' content='ocr_page ocr_carea ocr_par ocr_line ocrx_word'/>
</head>
<body>
  <div class='ocr_page' id='page_1' title='image "./monumentahistor13laszgoog_0318.png"; bbox 0 0 3694 5782; ppageno 0'>
   <div class='ocr_carea' id='block_1_1' title="bbox 425 567 1698 4060">
    <p class='ocr_par' dir='ltr' id='par_1_1' title="bbox 425 567 1698 4060">
     <span class='ocr_line' id='line_1_1' title="bbox 426 567 1297 650; baseline -0.003 -20"><span class='ocrx_word' id='word_1_1' title='bbox 426 573 487 650; x_wconf 88' lang='lat'>258</span> <span class='ocrx_word' id='word_1_2' title='bbox 806 571 892 628; x_wconf 83' lang='lat' dir='ltr'>Anno</span> <span class='ocrx_word' id='word_1_3' title='bbox 915 567 1009 648; x_wconf 70' lang='lat'><em>1464.</em></span> <span class='ocrx_word' id='word_1_4' title='bbox 1033 603 1077 614; x_wconf 91' lang='grc'><strong>-</strong></span> <span class='ocrx_word' id='word_1_5' title='bbox 1100 581 1147 645; x_wconf 88' lang='lat'>17.</span> <span class='ocrx_word' id='word_1_6' title='bbox 1172 571 1297 642; x_wconf 75' lang='lat' dir='ltr'>augusti.</span> 
     </span>
     <span class='ocr_line' id='line_1_2' title="bbox 425 780 1685 866; baseline -0.002 -23"><span class='ocrx_word' id='word_1_7' title='bbox 425 781 528 844; x_wconf 84' lang='lat' dir='ltr'>lacere</span> <span class='ocrx_word' id='word_1_8' title='bbox 554 797 585 844; x_wconf 89' lang='lat' dir='ltr'>et</span> <span class='ocrx_word' id='word_1_9' title='bbox 617 783 813 866; x_wconf 86' lang='lat' dir='ltr'>impendere,</span> <span class='ocrx_word' id='word_1_10' title='bbox 838 795 870 844; x_wconf 92' lang='lat' dir='ltr'>et</span> <span class='ocrx_word' id='word_1_11' title='bbox 900 782 925 843; x_wconf 94' lang='lat' dir='ltr'>si</span> <span class='ocrx_word' id='word_1_12' title='bbox 956 801 1019 862; x_wconf 91' lang='lat' dir='ltr'>qua</span> <span class='ocrx_word' id='word_1_13' title='bbox 1052 783 1194 864; x_wconf 89' lang='lat' dir='ltr'>parcium</span> <span class='ocrx_word' id='word_1_14' title='bbox 1220 784 1405 844; x_wconf 91' lang='lat' dir='ltr'>earumdem</span> <span class='ocrx_word' id='word_1_15' title='bbox 1439 783 1478 844; x_wconf 92' lang='lat' dir='ltr'>de</span> <span class='ocrx_word' id='word_1_16' title='bbox 1503 780 1685 842; x_wconf 90' lang='lat' dir='ltr'>huiusmodi</span> 
     </span>
     <span class='ocr_line' id='line_1_3' title="bbox 426 888 1684 971; baseline -0.002 -21"><span class='ocrx_word' id='word_1_17' title='bbox 426 903 535 951; x_wconf 90' lang='lat' dir='ltr'>nostro</span> <span class='ocrx_word' id='word_1_18' title='bbox 552 889 674 971; x_wconf 89' lang='lat' dir='ltr'>judicio</span> <span class='ocrx_word' id='word_1_19' title='bbox 693 889 869 952; x_wconf 78' lang='lat' dir='ltr'>contentari</span> <span class='ocrx_word' id='word_1_20' title='bbox 888 888 1036 966; x_wconf 89' lang='lat' dir='ltr'>noluerit,</span> <span class='ocrx_word' id='word_1_21' title='bbox 1062 901 1177 950; x_wconf 87' lang='lat' dir='ltr'>extunc</span> <span class='ocrx_word' id='word_1_22' title='bbox 1194 909 1321 950; x_wconf 91' lang='lat' dir='ltr'>causam</span> <span class='ocrx_word' id='word_1_23' title='bbox 1347 889 1483 950; x_wconf 87' lang='lat' dir='ltr'>eandem</span> <span class='ocrx_word' id='word_1_24' title='bbox 1500 888 1597 949; x_wconf 93' lang='lat' dir='ltr'>simul</span> <span class='ocrx_word' id='word_1_25' title='bbox 1613 907 1684 948; x_wconf 89' lang='lat' dir='ltr'>curn</span> 
     </span>
     <span class='ocr_line' id='line_1_4' title="bbox 425 994 1686 1079; baseline -0.002 -22"><span class='ocrx_word' id='word_1_26' title='bbox 425 1011 491 1058; x_wconf 88' lang='lat' dir='ltr'>tota</span> <span class='ocrx_word' id='word_1_27' title='bbox 506 996 605 1079; x_wconf 92' lang='lat' dir='ltr'>ipsius</span> <span class='ocrx_word' id='word_1_28' title='bbox 619 1012 725 1058; x_wconf 89' lang='lat' dir='ltr'>nostre</span> <span class='ocrx_word' id='word_1_29' title='bbox 739 995 990 1076; x_wconf 87' lang='lat' dir='ltr'>adjudicacionis</span> <span class='ocrx_word' id='word_1_30' title='bbox 1013 995 1093 1056; x_wconf 90' lang='lat' dir='ltr'>serie</span> <span class='ocrx_word' id='word_1_31' title='bbox 1111 1009 1142 1056; x_wconf 94' lang='lat' dir='ltr'>et</span> <span class='ocrx_word' id='word_1_32' title='bbox 1158 997 1360 1078; x_wconf 85' lang='lat' dir='ltr'>processibus</span> <span class='ocrx_word' id='word_1_33' title='bbox 1376 996 1407 1056; x_wconf 92' lang='lat' dir='ltr'>in</span> <span class='ocrx_word' id='word_1_34' title='bbox 1425 995 1547 1056; x_wconf 90' lang='lat' dir='ltr'>curiam</span> <span class='ocrx_word' id='word_1_35' title='bbox 1570 994 1686 1075; x_wconf 90' lang='lat' dir='ltr'>regiam</span> 
     </span>
     <span class='ocr_line' id='line_1_5' title="bbox 426 1099 1682 1184; baseline -0.002 -21"><span class='ocrx_word' id='word_1_36' title='bbox 426 1123 482 1164; x_wconf 89' lang='lat' dir='ltr'>seu</span> <span class='ocrx_word' id='word_1_37' title='bbox 508 1104 710 1184; x_wconf 79' lang='lat' dir='ltr'>personalem</span> <span class='ocrx_word' id='word_1_38' title='bbox 737 1103 932 1184; x_wconf 84' lang='lat' dir='ltr'>presenciam</span> <span class='ocrx_word' id='word_1_39' title='bbox 957 1102 1195 1163; x_wconf 82' lang='lat' dir='ltr'>discuciendam</span> <span class='ocrx_word' id='word_1_40' title='bbox 1221 1116 1252 1162; x_wconf 91' lang='lat' dir='ltr'>et</span> <span class='ocrx_word' id='word_1_41' title='bbox 1275 1099 1412 1163; x_wconf 86' lang='lat' dir='ltr'>finaliter</span> <span class='ocrx_word' id='word_1_42' title='bbox 1428 1100 1682 1162; x_wconf 85' lang='lat' dir='ltr'>concludendam</span> 
     </span>
     <span class='ocr_line' id='line_1_6' title="bbox 427 1207 1686 1290; baseline 0 -20"><span class='ocrx_word' id='word_1_43' title='bbox 427 1209 465 1270; x_wconf 89' lang='lat' dir='ltr'>ad</span> <span class='ocrx_word' id='word_1_44' title='bbox 492 1229 594 1270; x_wconf 91' lang='lat' dir='ltr'>unum</span> <span class='ocrx_word' id='word_1_45' title='bbox 619 1224 741 1271; x_wconf 89' lang='lat' dir='ltr'>certum</span> <span class='ocrx_word' id='word_1_46' title='bbox 766 1209 938 1270; x_wconf 90' lang='lat' dir='ltr'>terminum</span> <span class='ocrx_word' id='word_1_47' title='bbox 949 1229 1005 1290; x_wconf 91' lang='lat' dir='ltr'>per</span> <span class='ocrx_word' id='word_1_48' title='bbox 1024 1228 1082 1270; x_wconf 91' lang='lat' dir='ltr'>nos</span> <span class='ocrx_word' id='word_1_49' title='bbox 1106 1207 1329 1290; x_wconf 85' lang='lat' dir='ltr'>prefigendum</span> <span class='ocrx_word' id='word_1_50' title='bbox 1354 1209 1567 1270; x_wconf 82' lang='lat' dir='ltr'>transmittere</span> <span class='ocrx_word' id='word_1_51' title='bbox 1593 1208 1686 1270; x_wconf 91' lang='lat' dir='ltr'>debe·</span> 
     </span>
     <span class='ocr_line' id='line_1_7' title="bbox 426 1315 1686 1398; baseline 0 -22"><span class='ocrx_word' id='word_1_52' title='bbox 426 1335 551 1392; x_wconf 91' lang='lat' dir='ltr'>remus;</span> <span class='ocrx_word' id='word_1_53' title='bbox 576 1336 698 1398; x_wconf 90' lang='lat' dir='ltr'>uosque</span> <span class='ocrx_word' id='word_1_54' title='bbox 722 1316 843 1377; x_wconf 87' lang='lat' dir='ltr'>vocatis</span> <span class='ocrx_word' id='word_1_55' title='bbox 864 1315 984 1376; x_wconf 91' lang='lat' dir='ltr'>eisdem</span> <span class='ocrx_word' id='word_1_56' title='bbox 1010 1317 1166 1376; x_wconf 91' lang='lat' dir='ltr'>ambabus</span> <span class='ocrx_word' id='word_1_57' title='bbox 1186 1316 1330 1397; x_wconf 86' lang='lat' dir='ltr'>partibus</span> <span class='ocrx_word' id='word_1_58' title='bbox 1355 1335 1427 1376; x_wconf 91' lang='lat' dir='ltr'>cum</span> <span class='ocrx_word' id='word_1_59' title='bbox 1452 1335 1565 1376; x_wconf 92' lang='lat' dir='ltr'>eorum</span> <span class='ocrx_word' id='word_1_60' title='bbox 1591 1315 1686 1376; x_wconf 89' lang='lat' dir='ltr'>literis</span> 
     </span>
     <span class='ocr_line' id='line_1_8' title="bbox 425 1421 1684 1504; baseline -0.001 -21"><span class='ocrx_word' id='word_1_61' title='bbox 425 1442 461 1484; x_wconf 90' lang='lat' dir='ltr'>ac</span> <span class='ocrx_word' id='word_1_62' title='bbox 485 1422 663 1484; x_wconf 86' lang='lat' dir='ltr'>literalibus</span> <span class='ocrx_word' id='word_1_63' title='bbox 680 1423 823 1504; x_wconf 89' lang='lat' dir='ltr'>ipsorum</span> <span class='ocrx_word' id='word_1_64' title='bbox 849 1421 1078 1498; x_wconf 86' lang='lat' dir='ltr'>instrumentis,</span> <span class='ocrx_word' id='word_1_65' title='bbox 1100 1421 1220 1482; x_wconf 89' lang='lat' dir='ltr'>eisdem</span> <span class='ocrx_word' id='word_1_66' title='bbox 1238 1423 1394 1484; x_wconf 87' lang='lat' dir='ltr'>ambabus</span> <span class='ocrx_word' id='word_1_67' title='bbox 1418 1423 1562 1504; x_wconf 86' lang='lat' dir='ltr'>partibus</span> <span class='ocrx_word' id='word_1_68' title='bbox 1580 1441 1684 1483; x_wconf 89' lang='lat' dir='ltr'>coram</span> 
     </span>
     <span class='ocr_line' id='line_1_9' title="bbox 426 1526 1686 1611; baseline 0 -21"><span class='ocrx_word' id='word_1_69' title='bbox 426 1529 520 1590; x_wconf 89' lang='lat' dir='ltr'>nobis</span> <span class='ocrx_word' id='word_1_70' title='bbox 553 1529 824 1611; x_wconf 76' lang='lat' dir='ltr'>comparentibus,</span> <span class='ocrx_word' id='word_1_71' title='bbox 858 1528 888 1588; x_wconf 92' lang='lat' dir='ltr'>id</span> <span class='ocrx_word' id='word_1_72' title='bbox 914 1529 946 1589; x_wconf 93' lang='lat' dir='ltr'>in</span> <span class='ocrx_word' id='word_1_73' title='bbox 979 1528 1078 1588; x_wconf 90' lang='lat' dir='ltr'>literis</span> <span class='ocrx_word' id='word_1_74' title='bbox 1110 1526 1221 1610; x_wconf 86' lang='lat' dir='ltr'>prelati</span> <span class='ocrx_word' id='word_1_75' title='bbox 1255 1528 1396 1608; x_wconf 85' lang='lat' dir='ltr'>magistri</span> <span class='ocrx_word' id='word_1_76' title='bbox 1421 1527 1686 1590; x_wconf 89' lang='lat' dir='ltr'>thawarnicorum</span> 
     </span>
     <span class='ocr_line' id='line_1_10' title="bbox 427 1635 1686 1716; baseline 0 -20"><span class='ocrx_word' id='word_1_77' title='bbox 427 1636 668 1716; x_wconf 89' lang='lat' dir='ltr'>adjudicatoriis</span> <span class='ocrx_word' id='word_1_78' title='bbox 700 1649 730 1697; x_wconf 90' lang='lat' dir='ltr'>et</span> <span class='ocrx_word' id='word_1_79' title='bbox 763 1635 1059 1698; x_wconf 89' lang='lat' dir='ltr'>sentencionalibus</span> <span class='ocrx_word' id='word_1_80' title='bbox 1091 1655 1149 1716; x_wconf 94' lang='lat' dir='ltr'>pro</span> <span class='ocrx_word' id='word_1_81' title='bbox 1182 1649 1271 1716; x_wconf 91' lang='lat' dir='ltr'>parte</span> <span class='ocrx_word' id='word_1_82' title='bbox 1300 1635 1399 1716; x_wconf 87' lang='lat' dir='ltr'>ipsius</span> <span class='ocrx_word' id='word_1_83' title='bbox 1430 1635 1569 1696; x_wconf 92' lang='lat' dir='ltr'>condam</span> <span class='ocrx_word' id='word_1_84' title='bbox 1594 1635 1686 1697; x_wconf 90' lang='lat' dir='ltr'>Blasii</span> 
     </span>
     <span class='ocr_line' id='line_1_11' title="bbox 428 1741 1688 1823; baseline -0.002 -19"><span class='ocrx_word' id='word_1_85' title='bbox 428 1743 582 1804; x_wconf 91' lang='lat' dir='ltr'>institoris</span> <span class='ocrx_word' id='word_1_86' title='bbox 604 1741 759 1804; x_wconf 85' lang='lat' dir='ltr'>coniectis</span> <span class='ocrx_word' id='word_1_87' title='bbox 790 1757 821 1803; x_wconf 91' lang='lat' dir='ltr'>et</span> <span class='ocrx_word' id='word_1_88' title='bbox 845 1741 1011 1820; x_wconf 87' lang='lat' dir='ltr'>emanatis,</span> <span class='ocrx_word' id='word_1_89' title='bbox 1044 1741 1132 1822; x_wconf 92' lang='lat' dir='ltr'>quod</span> <span class='ocrx_word' id='word_1_90' title='bbox 1165 1755 1354 1822; x_wconf 89' lang='lat' dir='ltr'>procurator</span> <span class='ocrx_word' id='word_1_91' title='bbox 1385 1741 1562 1822; x_wconf 83' lang='lat' dir='ltr'>legittimus</span> <span class='ocrx_word' id='word_1_92' title='bbox 1593 1743 1688 1823; x_wconf 90' lang='lat' dir='ltr'>ipsius</span> 
     </span>
     <span class='ocr_line' id='line_1_12' title="bbox 427 1847 1688 1929; baseline -0.001 -19"><span class='ocrx_word' id='word_1_93' title='bbox 427 1850 543 1911; x_wconf 89' lang='lat' dir='ltr'>Marini</span> <span class='ocrx_word' id='word_1_94' title='bbox 568 1849 645 1910; x_wconf 89' lang='lat' dir='ltr'>alias</span> <span class='ocrx_word' id='word_1_95' title='bbox 669 1848 783 1928; x_wconf 90' lang='lat' dir='ltr'>judicis</span> <span class='ocrx_word' id='word_1_96' title='bbox 815 1867 889 1910; x_wconf 90' lang='lat' dir='ltr'>cum</span> <span class='ocrx_word' id='word_1_97' title='bbox 921 1849 1149 1929; x_wconf 85' lang='lat' dir='ltr'>procuratoriis</span> <span class='ocrx_word' id='word_1_98' title='bbox 1181 1848 1280 1910; x_wconf 88' lang='lat' dir='ltr'>literis</span> <span class='ocrx_word' id='word_1_99' title='bbox 1312 1847 1427 1929; x_wconf 89' lang='lat' dir='ltr'>judicis</span> <span class='ocrx_word' id='word_1_100' title='bbox 1458 1861 1490 1910; x_wconf 92' lang='lat' dir='ltr'>et</span> <span class='ocrx_word' id='word_1_101' title='bbox 1513 1847 1688 1929; x_wconf 90' lang='lat' dir='ltr'>juratorum</span> 
     </span>
     <span class='ocr_line' id='line_1_13' title="bbox 428 1953 1688 2036; baseline 0 -20"><span class='ocrx_word' id='word_1_102' title='bbox 428 1957 513 2017; x_wconf 92' lang='lat' dir='ltr'>dicte</span> <span class='ocrx_word' id='word_1_103' title='bbox 546 1955 681 2016; x_wconf 87' lang='lat' dir='ltr'>civitatis</span> <span class='ocrx_word' id='word_1_104' title='bbox 713 1955 1006 2036; x_wconf 90' lang='lat' dir='ltr'>Montisgrecensis,</span> <span class='ocrx_word' id='word_1_105' title='bbox 1039 1975 1074 2016; x_wconf 89' lang='lat' dir='ltr'>ac</span> <span class='ocrx_word' id='word_1_106' title='bbox 1099 1955 1207 2016; x_wconf 89' lang='lat' dir='ltr'>omnia</span> <span class='ocrx_word' id='word_1_107' title='bbox 1239 1969 1270 2017; x_wconf 91' lang='lat' dir='ltr'>et</span> <span class='ocrx_word' id='word_1_108' title='bbox 1302 1954 1427 2034; x_wconf 89' lang='lat' dir='ltr'>singula</span> <span class='ocrx_word' id='word_1_109' title='bbox 1453 1953 1535 2016; x_wconf 83' lang='lat' dir='ltr'>lacta</span> <span class='ocrx_word' id='word_1_110' title='bbox 1559 1969 1590 2017; x_wconf 89' lang='lat' dir='ltr'>et</span> <span class='ocrx_word' id='word_1_111' title='bbox 1612 1971 1688 2032; x_wconf 86' lang='lat' dir='ltr'>acta,</span> 
     </span>
     <span class='ocr_line' id='line_1_14' title="bbox 427 2060 1689 2143; baseline 0.001 -21"><span class='ocrx_word' id='word_1_112' title='bbox 427 2081 490 2142; x_wconf 92' lang='lat' dir='ltr'>que</span> <span class='ocrx_word' id='word_1_113' title='bbox 515 2081 622 2122; x_wconf 89' lang='lat' dir='ltr'>coram</span> <span class='ocrx_word' id='word_1_114' title='bbox 647 2061 740 2122; x_wconf 89' lang='lat' dir='ltr'>nobis</span> <span class='ocrx_word' id='word_1_115' title='bbox 764 2081 820 2143; x_wconf 90' lang='lat' dir='ltr'>per</span> <span class='ocrx_word' id='word_1_116' title='bbox 845 2061 973 2122; x_wconf 89' lang='lat' dir='ltr'>easdem</span> <span class='ocrx_word' id='word_1_117' title='bbox 998 2075 1103 2142; x_wconf 88' lang='lat' dir='ltr'>partes</span> <span class='ocrx_word' id='word_1_118' title='bbox 1131 2063 1338 2122; x_wconf 86' lang='lat' dir='ltr'>vertebantur</span> <span class='ocrx_word' id='word_1_119' title='bbox 1363 2075 1394 2122; x_wconf 95' lang='lat' dir='ltr'>et</span> <span class='ocrx_word' id='word_1_120' title='bbox 1418 2060 1601 2142; x_wconf 88' lang='lat' dir='ltr'>adjudicata</span> <span class='ocrx_word' id='word_1_121' title='bbox 1617 2061 1689 2123; x_wconf 80' lang='lat' dir='ltr'>luis</span> 
     </span>
     <span class='ocr_line' id='line_1_15' title="bbox 427 2168 1689 2250; baseline 0.002 -22"><span class='ocrx_word' id='word_1_122' title='bbox 427 2181 497 2230; x_wconf 90' lang='lat' dir='ltr'>sent</span> <span class='ocrx_word' id='word_1_123' title='bbox 521 2187 628 2230; x_wconf 90' lang='lat' dir='ltr'>coram</span> <span class='ocrx_word' id='word_1_124' title='bbox 654 2168 769 2230; x_wconf 90' lang='lat' dir='ltr'>eodem</span> <span class='ocrx_word' id='word_1_125' title='bbox 796 2168 949 2248; x_wconf 89' lang='lat' dir='ltr'>magistro</span> <span class='ocrx_word' id='word_1_126' title='bbox 972 2168 1242 2230; x_wconf 88' lang='lat' dir='ltr'>thawarnicorum</span> <span class='ocrx_word' id='word_1_127' title='bbox 1271 2168 1428 2248; x_wconf 88' lang='lat' dir='ltr'>regalium</span> <span class='ocrx_word' id='word_1_128' title='bbox 1453 2183 1564 2230; x_wconf 89' lang='lat' dir='ltr'>contra</span> <span class='ocrx_word' id='word_1_129' title='bbox 1588 2169 1689 2250; x_wconf 91' lang='lat' dir='ltr'>ipsum</span> 
     </span>
     <span class='ocr_line' id='line_1_16' title="bbox 427 2272 1689 2356; baseline -0.002 -20"><span class='ocrx_word' id='word_1_130' title='bbox 427 2274 566 2336; x_wconf 90' lang='lat' dir='ltr'>condam</span> <span class='ocrx_word' id='word_1_131' title='bbox 590 2274 734 2335; x_wconf 87' lang='lat' dir='ltr'>Blasium</span> <span class='ocrx_word' id='word_1_132' title='bbox 759 2275 937 2336; x_wconf 91' lang='lat' dir='ltr'>institorem</span> <span class='ocrx_word' id='word_1_133' title='bbox 963 2274 1181 2356; x_wconf 84' lang='lat' dir='ltr'>proposuisset</span> <span class='ocrx_word' id='word_1_134' title='bbox 1205 2288 1235 2334; x_wconf 91' lang='lat' dir='ltr'>et</span> <span class='ocrx_word' id='word_1_135' title='bbox 1259 2293 1316 2355; x_wconf 89' lang='lat' dir='ltr'>per</span> <span class='ocrx_word' id='word_1_136' title='bbox 1339 2272 1479 2334; x_wconf 91' lang='lat' dir='ltr'>eundem</span> <span class='ocrx_word' id='word_1_137' title='bbox 1505 2275 1689 2355; x_wconf 87' lang='lat' dir='ltr'>magistrum</span> 
     </span>
     <span class='ocr_line' id='line_1_17' title="bbox 427 2379 1689 2461; baseline -0.002 -17"><span class='ocrx_word' id='word_1_138' title='bbox 427 2381 696 2445; x_wconf 77' lang='lat' dir='ltr'>thawarnicorum</span> <span class='ocrx_word' id='word_1_139' title='bbox 722 2382 879 2461; x_wconf 87' lang='lat' dir='ltr'>regalium</span> <span class='ocrx_word' id='word_1_140' title='bbox 903 2380 1040 2442; x_wconf 86' lang='lat' dir='ltr'>finaliter</span> <span class='ocrx_word' id='word_1_141' title='bbox 1064 2379 1244 2460; x_wconf 89' lang='lat' dir='ltr'>adjudicata</span> <span class='ocrx_word' id='word_1_142' title='bbox 1277 2395 1308 2442; x_wconf 90' lang='lat' dir='ltr'>et</span> <span class='ocrx_word' id='word_1_143' title='bbox 1332 2381 1613 2442; x_wconf 87' lang='lat' dir='ltr'>sentencionaliter</span> <span class='ocrx_word' id='word_1_144' title='bbox 1636 2381 1689 2441; x_wconf 92' lang='lat' dir='ltr'>de-</span> 
     </span>
     <span class='ocr_line' id='line_1_18' title="bbox 427 2486 1690 2568; baseline -0.004 -17"><span class='ocrx_word' id='word_1_145' title='bbox 427 2489 595 2551; x_wconf 88' lang='lat' dir='ltr'>terminata</span> <span class='ocrx_word' id='word_1_146' title='bbox 620 2488 804 2566; x_wconf 85' lang='lat' dir='ltr'>extitissent,</span> <span class='ocrx_word' id='word_1_147' title='bbox 825 2501 920 2568; x_wconf 89' lang='lat' dir='ltr'>prout</span> <span class='ocrx_word' id='word_1_148' title='bbox 942 2486 1002 2548; x_wconf 91' lang='lat' dir='ltr'>hoc</span> <span class='ocrx_word' id='word_1_149' title='bbox 1034 2488 1212 2568; x_wconf 84' lang='lat' dir='ltr'>expressius</span> <span class='ocrx_word' id='word_1_150' title='bbox 1245 2488 1277 2548; x_wconf 91' lang='lat' dir='ltr'>in</span> <span class='ocrx_word' id='word_1_151' title='bbox 1310 2487 1432 2548; x_wconf 90' lang='lat' dir='ltr'>eisdem</span> <span class='ocrx_word' id='word_1_152' title='bbox 1457 2487 1558 2549; x_wconf 91' lang='lat' dir='ltr'>literis</span> <span class='ocrx_word' id='word_1_153' title='bbox 1592 2487 1690 2568; x_wconf 89' lang='lat' dir='ltr'>ipsius</span> 
     </span>
     <span class='ocr_line' id='line_1_19' title="bbox 428 2593 1690 2676; baseline -0.003 -20"><span class='ocrx_word' id='word_1_154' title='bbox 428 2595 569 2676; x_wconf 86' lang='lat' dir='ltr'>magistri</span> <span class='ocrx_word' id='word_1_155' title='bbox 602 2595 872 2656; x_wconf 90' lang='lat' dir='ltr'>thawarnicorum</span> <span class='ocrx_word' id='word_1_156' title='bbox 909 2594 1091 2654; x_wconf 88' lang='lat' dir='ltr'>continetur</span> <span class='ocrx_word' id='word_1_157' title='bbox 1122 2606 1152 2654; x_wconf 93' lang='lat' dir='ltr'>et</span> <span class='ocrx_word' id='word_1_158' title='bbox 1183 2593 1335 2670; x_wconf 87' lang='lat' dir='ltr'>habetur;</span> <span class='ocrx_word' id='word_1_159' title='bbox 1368 2593 1568 2674; x_wconf 88' lang='lat' dir='ltr'>quequidem</span> <span class='ocrx_word' id='word_1_160' title='bbox 1602 2593 1690 2654; x_wconf 88' lang='lat' dir='ltr'>litere</span> 
     </span>
     <span class='ocr_line' id='line_1_20' title="bbox 429 2699 1692 2782; baseline -0.002 -20"><span class='ocrx_word' id='word_1_161' title='bbox 429 2700 662 2782; x_wconf 79' lang='lat' dir='ltr'>adjudicatorie</span> <span class='ocrx_word' id='word_1_162' title='bbox 686 2715 716 2761; x_wconf 90' lang='lat' dir='ltr'>et</span> <span class='ocrx_word' id='word_1_163' title='bbox 749 2700 1005 2762; x_wconf 89' lang='lat' dir='ltr'>sentencionales</span> <span class='ocrx_word' id='word_1_164' title='bbox 1038 2699 1137 2781; x_wconf 89' lang='lat' dir='ltr'>ipsius</span> <span class='ocrx_word' id='word_1_165' title='bbox 1161 2700 1304 2780; x_wconf 92' lang='lat' dir='ltr'>magistri</span> <span class='ocrx_word' id='word_1_166' title='bbox 1336 2699 1607 2760; x_wconf 86' lang='lat' dir='ltr'>thawarnicorum</span> <span class='ocrx_word' id='word_1_167' title='bbox 1638 2718 1692 2781; x_wconf 91' lang='lat' dir='ltr'>pro</span> 
     </span>
     <span class='ocr_line' id='line_1_21' title="bbox 430 2805 1691 2889; baseline -0.001 -21"><span class='ocrx_word' id='word_1_168' title='bbox 430 2822 518 2889; x_wconf 90' lang='lat' dir='ltr'>parte</span> <span class='ocrx_word' id='word_1_169' title='bbox 536 2808 644 2870; x_wconf 91' lang='lat' dir='ltr'>relicte</span> <span class='ocrx_word' id='word_1_170' title='bbox 662 2808 760 2889; x_wconf 90' lang='lat' dir='ltr'>ipsius</span> <span class='ocrx_word' id='word_1_171' title='bbox 777 2807 914 2870; x_wconf 88' lang='lat' dir='ltr'>condam</span> <span class='ocrx_word' id='word_1_172' title='bbox 930 2807 1026 2868; x_wconf 87' lang='lat' dir='ltr'>Blasii</span> <span class='ocrx_word' id='word_1_173' title='bbox 1044 2807 1198 2868; x_wconf 89' lang='lat' dir='ltr'>institoris</span> <span class='ocrx_word' id='word_1_174' title='bbox 1214 2805 1359 2868; x_wconf 89' lang='lat' dir='ltr'>conlecte</span> <span class='ocrx_word' id='word_1_175' title='bbox 1382 2827 1438 2889; x_wconf 93' lang='lat' dir='ltr'>per</span> <span class='ocrx_word' id='word_1_176' title='bbox 1454 2807 1691 2868; x_wconf 87' lang='lat' dir='ltr'>serenissimum</span> 
     </span>
     <span class='ocr_line' id='line_1_22' title="bbox 431 2912 1691 2996; baseline 0 -22"><span class='ocrx_word' id='word_1_177' title='bbox 431 2913 608 2995; x_wconf 88' lang='lat' dir='ltr'>principem</span> <span class='ocrx_word' id='word_1_178' title='bbox 627 2914 795 2975; x_wconf 91' lang='lat' dir='ltr'>dominum</span> <span class='ocrx_word' id='word_1_179' title='bbox 814 2913 969 2976; x_wconf 87' lang='lat' dir='ltr'>Mathiam</span> <span class='ocrx_word' id='word_1_180' title='bbox 987 2933 1095 2996; x_wconf 90' lang='lat' dir='ltr'>regem</span> <span class='ocrx_word' id='word_1_181' title='bbox 1120 2912 1308 2976; x_wconf 87' lang='lat' dir='ltr'>confirmate</span> <span class='ocrx_word' id='word_1_182' title='bbox 1325 2927 1356 2974; x_wconf 92' lang='lat' dir='ltr'>et</span> <span class='ocrx_word' id='word_1_183' title='bbox 1372 2915 1523 2976; x_wconf 88' lang='lat' dir='ltr'>roborate</span> <span class='ocrx_word' id='word_1_184' title='bbox 1545 2914 1691 2991; x_wconf 83' lang='lat' dir='ltr'>existunt,</span> 
     </span>
     <span class='ocr_line' id='line_1_23' title="bbox 434 3019 1691 3103; baseline 0.001 -23"><span class='ocrx_word' id='word_1_185' title='bbox 434 3019 508 3080; x_wconf 92' lang='lat' dir='ltr'>ideo</span> <span class='ocrx_word' id='word_1_186' title='bbox 541 3033 572 3081; x_wconf 90' lang='lat' dir='ltr'>et</span> <span class='ocrx_word' id='word_1_187' title='bbox 607 3039 665 3080; x_wconf 91' lang='lat' dir='ltr'>nos</span> <span class='ocrx_word' id='word_1_188' title='bbox 696 3020 771 3080; x_wconf 89' lang='lat' dir='ltr'>visis</span> <span class='ocrx_word' id='word_1_189' title='bbox 807 3019 936 3103; x_wconf 85' lang='lat' dir='ltr'>prefatis</span> <span class='ocrx_word' id='word_1_190' title='bbox 968 3020 1068 3082; x_wconf 91' lang='lat' dir='ltr'>literis</span> <span class='ocrx_word' id='word_1_191' title='bbox 1100 3019 1212 3102; x_wconf 83' lang='lat' dir='ltr'>prefati</span> <span class='ocrx_word' id='word_1_192' title='bbox 1250 3019 1392 3101; x_wconf 87' lang='lat' dir='ltr'>magistri</span> <span class='ocrx_word' id='word_1_193' title='bbox 1424 3021 1691 3082; x_wconf 87' lang='lat' dir='ltr'>thawarnicorum</span> 
     </span>
     <span class='ocr_line' id='line_1_24' title="bbox 431 3125 1694 3208; baseline 0.002 -22"><span class='ocrx_word' id='word_1_194' title='bbox 431 3125 671 3207; x_wconf 79' lang='lat' dir='ltr'>adjudicatoriis</span> <span class='ocrx_word' id='word_1_195' title='bbox 695 3139 726 3188; x_wconf 92' lang='lat' dir='ltr'>et</span> <span class='ocrx_word' id='word_1_196' title='bbox 742 3127 1045 3204; x_wconf 89' lang='lat' dir='ltr'>sentencionalibus,</span> <span class='ocrx_word' id='word_1_197' title='bbox 1071 3127 1235 3208; x_wconf 89' lang='lat' dir='ltr'>ipsiusque</span> <span class='ocrx_word' id='word_1_198' title='bbox 1252 3126 1377 3188; x_wconf 91' lang='lat' dir='ltr'>domini</span> <span class='ocrx_word' id='word_1_199' title='bbox 1395 3127 1496 3188; x_wconf 92' lang='lat' dir='ltr'>nostri</span> <span class='ocrx_word' id='word_1_200' title='bbox 1521 3129 1604 3208; x_wconf 91' lang='lat' dir='ltr'>regis</span> <span class='ocrx_word' id='word_1_201' title='bbox 1619 3147 1694 3188; x_wconf 91' lang='lat' dir='ltr'>con·</span> 
     </span>
     <span class='ocr_line' id='line_1_25' title="bbox 431 3232 1695 3316; baseline -0.002 -22"><span class='ocrx_word' id='word_1_202' title='bbox 431 3232 624 3311; x_wconf 88' lang='lat' dir='ltr'>firmatoriis,</span> <span class='ocrx_word' id='word_1_203' title='bbox 642 3234 829 3314; x_wconf 88' lang='lat' dir='ltr'>premissam</span> <span class='ocrx_word' id='word_1_204' title='bbox 854 3254 982 3296; x_wconf 89' lang='lat' dir='ltr'>causam</span> <span class='ocrx_word' id='word_1_205' title='bbox 1007 3235 1039 3295; x_wconf 92' lang='lat' dir='ltr'>in</span> <span class='ocrx_word' id='word_1_206' title='bbox 1056 3253 1115 3294; x_wconf 90' lang='lat' dir='ltr'>suo</span> <span class='ocrx_word' id='word_1_207' title='bbox 1141 3234 1256 3295; x_wconf 90' lang='lat' dir='ltr'>robore</span> <span class='ocrx_word' id='word_1_208' title='bbox 1281 3247 1312 3294; x_wconf 91' lang='lat' dir='ltr'>et</span> <span class='ocrx_word' id='word_1_209' title='bbox 1329 3232 1478 3295; x_wconf 83' lang='lat' dir='ltr'>firmitate</span> <span class='ocrx_word' id='word_1_210' title='bbox 1496 3233 1695 3316; x_wconf 88' lang='lat' dir='ltr'>permisimus</span> 
     </span>
     <span class='ocr_line' id='line_1_26' title="bbox 433 3339 1695 3422; baseline -0.002 -22"><span class='ocrx_word' id='word_1_211' title='bbox 433 3359 616 3414; x_wconf 89' lang='lat' dir='ltr'>remanere;</span> <span class='ocrx_word' id='word_1_212' title='bbox 648 3339 687 3400; x_wconf 89' lang='lat' dir='ltr'>de</span> <span class='ocrx_word' id='word_1_213' title='bbox 720 3360 785 3422; x_wconf 93' lang='lat' dir='ltr'>quo</span> <span class='ocrx_word' id='word_1_214' title='bbox 817 3340 937 3420; x_wconf 89' lang='lat' dir='ltr'>judicio</span> <span class='ocrx_word' id='word_1_215' title='bbox 970 3355 1152 3402; x_wconf 89' lang='lat' dir='ltr'>nostrorum</span> <span class='ocrx_word' id='word_1_216' title='bbox 1184 3341 1349 3402; x_wconf 88' lang='lat' dir='ltr'>seniorum</span> <span class='ocrx_word' id='word_1_217' title='bbox 1381 3339 1526 3420; x_wconf 89' lang='lat' dir='ltr'>judicum</span> <span class='ocrx_word' id='word_1_218' title='bbox 1558 3339 1695 3422; x_wconf 87' lang='lat' dir='ltr'>prefatus</span> 
     </span>
     <span class='ocr_line' id='line_1_27' title="bbox 433 3445 1693 3525; baseline -0.001 -19"><span class='ocrx_word' id='word_1_219' title='bbox 433 3445 575 3507; x_wconf 89' lang='lat' dir='ltr'>Marinus</span> <span class='ocrx_word' id='word_1_220' title='bbox 600 3446 678 3507; x_wconf 88' lang='lat' dir='ltr'>alias</span> <span class='ocrx_word' id='word_1_221' title='bbox 702 3445 797 3525; x_wconf 85' lang='lat' dir='ltr'>judex</span> <span class='ocrx_word' id='word_1_222' title='bbox 823 3466 887 3508; x_wconf 92' lang='lat' dir='ltr'>non</span> <span class='ocrx_word' id='word_1_223' title='bbox 913 3460 1092 3523; x_wconf 89' lang='lat' dir='ltr'>contentus,</span> <span class='ocrx_word' id='word_1_224' title='bbox 1114 3447 1249 3507; x_wconf 89' lang='lat' dir='ltr'>eandem</span> <span class='ocrx_word' id='word_1_225' title='bbox 1269 3466 1398 3508; x_wconf 91' lang='lat' dir='ltr'>causam</span> <span class='ocrx_word' id='word_1_226' title='bbox 1424 3466 1498 3508; x_wconf 92' lang='lat' dir='ltr'>curn</span> <span class='ocrx_word' id='word_1_227' title='bbox 1522 3447 1612 3508; x_wconf 90' lang='lat' dir='ltr'>totali</span> <span class='ocrx_word' id='word_1_228' title='bbox 1638 3463 1693 3506; x_wconf 92' lang='lat' dir='ltr'>suo</span> 
     </span>
     <span class='ocr_line' id='line_1_28' title="bbox 432 3551 1694 3635; baseline 0.001 -24"><span class='ocrx_word' id='word_1_229' title='bbox 432 3571 581 3632; x_wconf 90' lang='lat' dir='ltr'>processu</span> <span class='ocrx_word' id='word_1_230' title='bbox 595 3551 627 3612; x_wconf 92' lang='lat' dir='ltr'>in</span> <span class='ocrx_word' id='word_1_231' title='bbox 641 3552 838 3633; x_wconf 89' lang='lat' dir='ltr'>presenciam</span> <span class='ocrx_word' id='word_1_232' title='bbox 848 3553 932 3633; x_wconf 91' lang='lat' dir='ltr'>regie</span> <span class='ocrx_word' id='word_1_233' title='bbox 944 3553 1117 3614; x_wconf 89' lang='lat' dir='ltr'>Maiestatis</span> <span class='ocrx_word' id='word_1_234' title='bbox 1130 3553 1321 3635; x_wconf 85' lang='lat' dir='ltr'>appellasset</span> <span class='ocrx_word' id='word_1_235' title='bbox 1330 3553 1542 3634; x_wconf 87' lang='lat' dir='ltr'>presenciam,</span> <span class='ocrx_word' id='word_1_236' title='bbox 1554 3553 1694 3635; x_wconf 89' lang='lat' dir='ltr'>partibus</span> 
     </span>
     <span class='ocr_line' id='line_1_29' title="bbox 433 3656 1695 3742; baseline 0.002 -26"><span class='ocrx_word' id='word_1_237' title='bbox 433 3656 553 3717; x_wconf 91' lang='lat' dir='ltr'>eisdem</span> <span class='ocrx_word' id='word_1_238' title='bbox 563 3659 737 3718; x_wconf 90' lang='lat' dir='ltr'>terminum</span> <span class='ocrx_word' id='word_1_239' title='bbox 757 3659 944 3740; x_wconf 91' lang='lat' dir='ltr'>coramipso</span> <span class='ocrx_word' id='word_1_240' title='bbox 962 3659 1096 3720; x_wconf 91' lang='lat' dir='ltr'>domino</span> <span class='ocrx_word' id='word_1_241' title='bbox 1107 3673 1216 3721; x_wconf 91' lang='lat' dir='ltr'>nostro</span> <span class='ocrx_word' id='word_1_242' title='bbox 1234 3679 1307 3740; x_wconf 92' lang='lat' dir='ltr'>rege</span> <span class='ocrx_word' id='word_1_243' title='bbox 1326 3660 1535 3742; x_wconf 90' lang='lat' dir='ltr'>comparendi</span> <span class='ocrx_word' id='word_1_244' title='bbox 1549 3673 1695 3720; x_wconf 87' lang='lat' dir='ltr'>octavum</span> 
     </span>
     <span class='ocr_line' id='line_1_30' title="bbox 435 3760 1696 3848; baseline 0.003 -27"><span class='ocrx_word' id='word_1_245' title='bbox 435 3760 520 3823; x_wconf 89' lang='lat' dir='ltr'>diem</span> <span class='ocrx_word' id='word_1_246' title='bbox 532 3760 602 3822; x_wconf 89' lang='lat' dir='ltr'>lesti</span> <span class='ocrx_word' id='word_1_247' title='bbox 627 3765 710 3825; x_wconf 91' lang='lat' dir='ltr'>beati</span> <span class='ocrx_word' id='word_1_248' title='bbox 736 3765 865 3824; x_wconf 88' lang='lat' dir='ltr'>Martini</span> <span class='ocrx_word' id='word_1_249' title='bbox 883 3765 1024 3846; x_wconf 87' lang='lat' dir='ltr'>episcopi</span> <span class='ocrx_word' id='word_1_250' title='bbox 1043 3779 1073 3826; x_wconf 92' lang='lat' dir='ltr'>et</span> <span class='ocrx_word' id='word_1_251' title='bbox 1092 3764 1283 3826; x_wconf 83' lang='lat' dir='ltr'>confessoris</span> <span class='ocrx_word' id='word_1_252' title='bbox 1300 3765 1451 3828; x_wconf 85' lang='lat' dir='ltr'>duximus</span> <span class='ocrx_word' id='word_1_253' title='bbox 1465 3766 1696 3848; x_wconf 90' lang='lat' dir='ltr'>deputandum.</span> 
     </span>
     <span class='ocr_line' id='line_1_31' title="bbox 541 3867 1693 3954; baseline 0.003 -26"><span class='ocrx_word' id='word_1_254' title='bbox 541 3867 617 3928; x_wconf 91' lang='lat' dir='ltr'>ltem</span> <span class='ocrx_word' id='word_1_255' title='bbox 643 3889 769 3932; x_wconf 89' lang='lat' dir='ltr'>causam</span> <span class='ocrx_word' id='word_1_256' title='bbox 788 3871 870 3932; x_wconf 90' lang='lat' dir='ltr'>inter</span> <span class='ocrx_word' id='word_1_257' title='bbox 895 3871 1065 3932; x_wconf 90' lang='lat' dir='ltr'>Nicolaum</span> <span class='ocrx_word' id='word_1_258' title='bbox 1092 3871 1240 3954; x_wconf 83' lang='lat' dir='ltr'>Poyeych</span> <span class='ocrx_word' id='word_1_259' title='bbox 1266 3886 1296 3932; x_wconf 89' lang='lat' dir='ltr'>et</span> <span class='ocrx_word' id='word_1_260' title='bbox 1326 3871 1455 3933; x_wconf 84' lang='lat' dir='ltr'>Gerdalr</span> <span class='ocrx_word' id='word_1_261' title='bbox 1480 3886 1624 3934; x_wconf 88' lang='lat' dir='ltr'>sutorem</span> <span class='ocrx_word' id='word_1_262' title='bbox 1641 3891 1693 3954; x_wconf 93' lang='lat' dir='ltr'>per</span> 
     </span>
     <span class='ocr_line' id='line_1_32' title="bbox 436 3973 1698 4060; baseline 0.002 -27"><span class='ocrx_word' id='word_1_263' title='bbox 436 3973 554 4053; x_wconf 82' lang='lat' dir='ltr'>juratos</span> <span class='ocrx_word' id='word_1_264' title='bbox 578 3974 792 4054; x_wconf 88' lang='lat' dir='ltr'>adjudicatam</span> <span class='ocrx_word' id='word_1_265' title='bbox 818 3991 849 4038; x_wconf 91' lang='lat' dir='ltr'>et</span> <span class='ocrx_word' id='word_1_266' title='bbox 871 3997 927 4058; x_wconf 93' lang='lat' dir='ltr'>per</span> <span class='ocrx_word' id='word_1_267' title='bbox 952 3977 1091 4038; x_wconf 91' lang='lat' dir='ltr'>eundem</span> <span class='ocrx_word' id='word_1_268' title='bbox 1118 3977 1247 4038; x_wconf 86' lang='lat' dir='ltr'>Gerdalr</span> <span class='ocrx_word' id='word_1_269' title='bbox 1270 3977 1309 4038; x_wconf 91' lang='lat' dir='ltr'>ad</span> <span class='ocrx_word' id='word_1_270' title='bbox 1335 3997 1395 4040; x_wconf 90' lang='lat' dir='ltr'>nos</span> <span class='ocrx_word' id='word_1_271' title='bbox 1412 3979 1557 4042; x_wconf 87' lang='lat' dir='ltr'>seniores</span> <span class='ocrx_word' id='word_1_272' title='bbox 1581 3978 1698 4060; x_wconf 86' lang='lat' dir='ltr'>judices</span> 
     </span>
    </p>
   </div>
   <div class='ocr_carea' id='block_1_2' title="bbox 436 4079 1697 4266">
    <p class='ocr_par' dir='ltr' id='par_1_2' title="bbox 436 4079 1697 4266">
     <span class='ocr_line' id='line_1_33' title="bbox 436 4079 1697 4166; baseline 0.004 -28"><span class='ocrx_word' id='word_1_273' title='bbox 436 4079 641 4160; x_wconf 86' lang='lat' dir='ltr'>appellatam,</span> <span class='ocrx_word' id='word_1_274' title='bbox 659 4082 794 4144; x_wconf 87' lang='lat' dir='ltr'>eandem</span> <span class='ocrx_word' id='word_1_275' title='bbox 812 4103 940 4144; x_wconf 88' lang='lat' dir='ltr'>causam</span> <span class='ocrx_word' id='word_1_276' title='bbox 958 4084 998 4144; x_wconf 94' lang='lat' dir='ltr'>de</span> <span class='ocrx_word' id='word_1_277' title='bbox 1016 4103 1101 4144; x_wconf 91' lang='lat' dir='ltr'>novo</span> <span class='ocrx_word' id='word_1_278' title='bbox 1126 4084 1326 4145; x_wconf 88' lang='lat' dir='ltr'>decrevimus</span> <span class='ocrx_word' id='word_1_279' title='bbox 1343 4099 1449 4166; x_wconf 90' lang='lat' dir='ltr'>partes</span> <span class='ocrx_word' id='word_1_280' title='bbox 1473 4086 1557 4148; x_wconf 87' lang='lat' dir='ltr'>inter</span> <span class='ocrx_word' id='word_1_281' title='bbox 1575 4085 1697 4146; x_wconf 86' lang='lat' dir='ltr'>casdem</span> 
     </span>
     <span class='ocr_line' id='line_1_34' title="bbox 436 4184 651 4266; baseline 0.023 -23"><span class='ocrx_word' id='word_1_282' title='bbox 436 4184 651 4266; x_wconf 87' lang='lat' dir='ltr'>judicandam.</span> 
     </span>
    </p>
   </div>
   <div class='ocr_carea' id='block_1_3' title="bbox 491 4401 1651 4623">
    <p class='ocr_par' dir='ltr' id='par_1_3' title="bbox 491 4401 1651 4623">
     <span class='ocr_line' id='line_1_35' title="bbox 491 4401 1651 4500; baseline 0.005 -26"><span class='ocrx_word' id='word_1_283' title='bbox 491 4401 586 4475; x_wconf 82' lang='lat' dir='ltr'>Faria</span> <span class='ocrx_word' id='word_1_284' title='bbox 623 4414 721 4477; x_wconf 85' lang='lat' dir='ltr'>sexta</span> <span class='ocrx_word' id='word_1_285' title='bbox 756 4406 908 4494; x_wconf 84' lang='lat' dir='ltr'>proxima</span> <span class='ocrx_word' id='word_1_286' title='bbox 945 4417 1022 4497; x_wconf 87' lang='lat' dir='ltr'>post</span> <span class='ocrx_word' id='word_1_287' title='bbox 1060 4410 1184 4481; x_wconf 84' lang='lat' dir='ltr'>festum</span> <span class='ocrx_word' id='word_1_288' title='bbox 1212 4407 1484 4499; x_wconf 68' lang='lat' dir='ltr'>assumptionis</span> <span class='ocrx_word' id='word_1_289' title='bbox 1506 4413 1651 4500; x_wconf 82' lang='lat' dir='ltr'>virginis</span> 
     </span>
     <span class='ocr_line' id='line_1_36' title="bbox 816 4531 1335 4623; baseline 0.006 -23"><span class='ocrx_word' id='word_1_290' title='bbox 816 4531 969 4618; x_wconf 82' lang='lat' dir='ltr'>gloriose,</span> <span class='ocrx_word' id='word_1_291' title='bbox 999 4553 1085 4605; x_wconf 89' lang='lat' dir='ltr'>anno</span> <span class='ocrx_word' id='word_1_292' title='bbox 1114 4533 1167 4606; x_wconf 90' lang='lat' dir='ltr'>LX</span> <span class='ocrx_word' id='word_1_293' title='bbox 1200 4542 1335 4623; x_wconf 86' lang='lat' dir='ltr'>quarto.</span> 
     </span>
    </p>
   </div>
   <div class='ocr_carea' id='block_1_4' title="bbox 954 4686 1183 4762">
    <p class='ocr_par' dir='ltr' id='par_1_4' title="bbox 954 4686 1183 4762">
     <span class='ocr_line' id='line_1_37' title="bbox 954 4686 1183 4762; baseline 0.017 -20"><span class='ocrx_word' id='word_1_294' title='bbox 954 4689 1014 4762; x_wconf 88' lang='lat'><em>(17.</em></span> <span class='ocrx_word' id='word_1_295' title='bbox 1039 4686 1183 4761; x_wconf 80' lang='lat' dir='ltr'>augusti).</span> 
     </span>
    </p>
   </div>
   <div class='ocr_carea' id='block_1_5' title="bbox 441 4819 1699 5124">
    <p class='ocr_par' dir='ltr' id='par_1_5' title="bbox 441 4819 1699 5124">
     <span class='ocr_line' id='line_1_38' title="bbox 546 4819 1698 4906; baseline 0.006 -28"><span class='ocrx_word' id='word_1_296' title='bbox 546 4819 642 4891; x_wconf 90' lang='lat' dir='ltr'>Quod</span> <span class='ocrx_word' id='word_1_297' title='bbox 669 4820 715 4880; x_wconf 91' lang='lat' dir='ltr'>vir</span> <span class='ocrx_word' id='word_1_298' title='bbox 740 4821 892 4901; x_wconf 89' lang='lat' dir='ltr'>providus</span> <span class='ocrx_word' id='word_1_299' title='bbox 917 4823 1070 4887; x_wconf 88' lang='lat' dir='ltr'>Clemens</span> <span class='ocrx_word' id='word_1_300' title='bbox 1089 4828 1226 4905; x_wconf 86' lang='lat' dir='ltr'>Keczlra,</span> <span class='ocrx_word' id='word_1_301' title='bbox 1251 4828 1394 4889; x_wconf 88' lang='lat' dir='ltr'>concivis</span> <span class='ocrx_word' id='word_1_302' title='bbox 1418 4841 1538 4906; x_wconf 90' lang='lat' dir='ltr'>noster,</span> <span class='ocrx_word' id='word_1_303' title='bbox 1564 4827 1593 4888; x_wconf 91' lang='lat' dir='ltr'>id</span> <span class='ocrx_word' id='word_1_304' title='bbox 1618 4823 1698 4886; x_wconf 85' lang='lat' dir='ltr'>sulli-</span> 
     </span>
     <span class='ocr_line' id='line_1_39' title="bbox 441 4923 1699 5013; baseline 0.007 -30"><span class='ocrx_word' id='word_1_305' title='bbox 441 4923 535 4984; x_wconf 89' lang='lat' dir='ltr'>cienti</span> <span class='ocrx_word' id='word_1_306' title='bbox 560 4927 746 4987; x_wconf 86' lang='lat' dir='ltr'>testimonio</span> <span class='ocrx_word' id='word_1_307' title='bbox 764 4930 939 5008; x_wconf 88' lang='lat' dir='ltr'>proborum</span> <span class='ocrx_word' id='word_1_308' title='bbox 957 4933 1097 4994; x_wconf 89' lang='lat' dir='ltr'>virorum</span> <span class='ocrx_word' id='word_1_309' title='bbox 1122 4954 1228 4994; x_wconf 91' lang='lat' dir='ltr'>coram</span> <span class='ocrx_word' id='word_1_310' title='bbox 1255 4935 1349 4996; x_wconf 90' lang='lat' dir='ltr'>nobis</span> <span class='ocrx_word' id='word_1_311' title='bbox 1367 4935 1398 4995; x_wconf 89' lang='lat' dir='ltr'>iu</span> <span class='ocrx_word' id='word_1_312' title='bbox 1417 4934 1540 5012; x_wconf 90' lang='lat' dir='ltr'>judicio</span> <span class='ocrx_word' id='word_1_313' title='bbox 1559 4951 1699 5013; x_wconf 90' lang='lat' dir='ltr'>compro-</span> 
     </span>
     <span class='ocr_line' id='line_1_40' title="bbox 442 5029 1697 5124; baseline 0.007 -38"><span class='ocrx_word' id='word_1_314' title='bbox 442 5029 537 5104; x_wconf 89' lang='lat' dir='ltr'>bavit,</span> <span class='ocrx_word' id='word_1_315' title='bbox 563 5045 595 5090; x_wconf 91' lang='lat' dir='ltr'>ut</span> <span class='ocrx_word' id='word_1_316' title='bbox 620 5031 695 5091; x_wconf 95' lang='lat' dir='ltr'>dum</span> <span class='ocrx_word' id='word_1_317' title='bbox 723 5035 876 5113; x_wconf 92' lang='lat' dir='ltr'>providus</span> <span class='ocrx_word' id='word_1_318' title='bbox 893 5038 940 5097; x_wconf 92' lang='lat' dir='ltr'>vir</span> <span class='ocrx_word' id='word_1_319' title='bbox 963 5037 1138 5118; x_wconf 85' lang='lat' dir='ltr'>Gregorius</span> <span class='ocrx_word' id='word_1_320' title='bbox 1156 5040 1428 5124; x_wconf 84' lang='lat' dir='ltr'>Cheznylrowych</span> <span class='ocrx_word' id='word_1_321' title='bbox 1453 5042 1534 5102; x_wconf 94' lang='lat' dir='ltr'>olim</span> <span class='ocrx_word' id='word_1_322' title='bbox 1563 5038 1697 5101; x_wconf 89' lang='lat' dir='ltr'>concivis</span> 
     </span>
    </p>
   </div>
   <div class='ocr_carea' id='block_1_6' title="bbox 0 0 1871 5782">
    <p class='ocr_par' dir='ltr' id='par_1_6' title="bbox 0 0 1871 5782">
     <span class='ocr_line' id='line_1_41' title="bbox 0 0 1871 5782; baseline 0 0"><span class='ocrx_word' id='word_1_323' title='bbox 0 0 1871 5782; x_wconf 95' lang='lat' dir='ltr'> </span> 
     </span>
    </p>
   </div>
  </div>
 </body>
</html>
