3644 5788
545 551 749 633 Anno1460.
775 589 815 598 —
833 567 868 630 5.
891 554 1063 630 septembris.
1377 573 1435 635 ¹93

170 769 314 830 moniam
340 781 450 830 contra
469 767 650 830 Jolrannem
676 767 794 829 Bolsak
810 768 970 830 seniorem
995 767 1148 848 judicem,
1171 781 1282 829 contra
1307 766 1435 828 Petrum

170 874 308 937 Cheztar
334 889 366 937 et
382 889 492 936 contra
518 873 681 936 Thomam
701 873 846 952 Cheden,
871 875 926 956 qui
944 874 1097 936 miserant
1113 893 1229 956 aquarn
1248 873 1288 934 ad
1306 892 1434 934 murum

169 983 285 1043 domus
309 982 454 1043 eiusdem
473 981 630 1042 Anthonii
647 995 679 1041 et
697 981 802 1042 eidem
817 981 958 1062 dampna
975 979 1140 1060 inferrent,
1157 981 1196 1042 ad
1211 979 1300 1062 quod
1317 978 1435 1042 factum

169 1089 255 1151 missi
280 1087 414 1150 fuerunt
437 1089 542 1171 jurati,
567 1088 686 1169 quibus
710 1088 855 1171 partibus
871 1087 917 1148 sic
935 1086 1156 1169 adjudicatum
1180 1101 1237 1165 est,
1262 1086 1350 1169 quod
1367 1107 1437 1169 pre-

168 1193 221 1256 fati
247 1195 380 1272 Bolsak,
405 1195 518 1256 Petrus
542 1193 680 1256 Cheztar
704 1209 736 1256 et
759 1193 905 1256 Thomas
929 1194 1063 1258 Cheden
1096 1207 1246 1256 tenentur
1271 1193 1438 1275 adinplere

167 1321 266 1383 penes
291 1321 422 1363 murum
448 1299 562 1383 prefati
594 1300 751 1362 Anthonii
777 1301 929 1362 Soldinar
961 1299 1002 1362 ad
1025 1319 1127 1362 unum
1160 1313 1191 1361 et
1215 1299 1359 1362 medium
1383 1318 1435 1360 cu·

167 1408 251 1469 bitos
277 1427 351 1469 cum
376 1421 459 1470 terra
484 1408 517 1469 in
541 1406 723 1486 latitudine,
748 1407 806 1489 ipsi
832 1426 908 1469 vero
942 1406 1109 1468 Anthonio
1135 1406 1288 1469 Soldinar
1311 1405 1436 1486 adjudi-

168 1527 275 1575 catum
301 1527 348 1576 est
380 1533 550 1596 preparare
582 1532 684 1575 unum
717 1513 829 1576 canale
860 1534 917 1596 per
941 1514 1062 1575 curiam
1095 1533 1185 1576 suam
1210 1533 1311 1594 usque
1337 1524 1438 1576 metas

168 1621 343 1682 domorum
369 1621 495 1683 Nicolai
521 1619 673 1683 aurifabri
700 1633 730 1681 et
754 1619 910 1682 Johannis
937 1619 1093 1703 Peroych,
1118 1633 1259 1682 meatum
1286 1619 1437 1681 videlicet

168 1747 251 1809 aque
279 1727 530 1806 communitatis,
563 1727 603 1788 ad
628 1726 855 1809 cuiusquidem
880 1726 1000 1788 canalis
1023 1727 1287 1809 preparacionem
1311 1726 1436 1808 adjudi-

169 1846 275 1894 catum
295 1847 342 1894 est
359 1833 479 1894 eisdem
498 1832 634 1895 Nicolao
648 1831 823 1910 aurifabro,
841 1832 971 1894 Tlrome
985 1831 1120 1894 Cheden
1137 1847 1168 1894 et
1185 1833 1279 1895 Petro
1297 1832 1438 1895 Cbeztar

168 1960 203 2000 ac
227 1939 398 2000 Anthonio
421 1937 583 2021 Soldynar
607 1951 642 2001 ut
665 1939 725 2022 ipsi
750 1939 965 2000 communiter
993 1939 1189 2002 tenebuntur
1213 1958 1382 2021 preparare
1406 1951 1437 1999 et

169 2045 256 2128 quod
283 2065 366 2126 aqua
392 2044 565 2106 decurrens
589 2064 645 2106 seu
669 2045 781 2106 stilans
804 2044 844 2105 de
866 2045 1018 2106 domibus
1043 2059 1074 2106 et
1098 2045 1194 2106 curiis
1218 2045 1360 2127 ipsorum
1380 2043 1435 2106 Ni·

169 2151 251 2214 colai
277 2149 442 2228 aurifabri,
467 2149 596 2212 Thome
614 2149 747 2212 Cheden
766 2163 797 2212 et
822 2150 905 2212 Petri
924 2150 1059 2213 Czeztar
1075 2152 1114 2212 ad
1132 2151 1317 2212 craticulam
1336 2151 1434 2232 vulgo

170 2258 314 2320 resethlra
340 2257 470 2336 dictam,
494 2257 644 2318 videlicet
667 2255 807 2336 foveam,
832 2257 928 2319 debet
959 2256 1057 2318 fluere
1081 2276 1138 2318 seu
1162 2257 1268 2318 stilare
1293 2257 1433 2334 munda;

171 2365 222 2424 ubi
257 2383 334 2425 vero
367 2363 484 2444 aliquis
516 2382 553 2424 ex
585 2362 653 2424 istis
684 2363 835 2445 predictis
871 2363 1012 2424 mitteret
1043 2362 1082 2424 ad
1113 2361 1293 2445 predictum
1325 2363 1435 2424 canale

173 2471 310 2532 cloacam
338 2469 389 2530 vel
413 2469 491 2530 alias
516 2469 731 2531 inmundicies
753 2483 783 2530 et
806 2468 867 2531 hoc
896 2481 1006 2530 contra
1030 2469 1127 2530 talem
1145 2469 1281 2550 probare
1306 2469 1433 2550 poterit,

173 2577 256 2656 quod
281 2576 355 2637 talis
379 2589 489 2638 contra
512 2574 665 2657 judicem,
682 2573 802 2656 juratos
825 2588 857 2636 et
873 2575 1137 2637 communitatem
1152 2574 1299 2635 convinci
1317 2573 1434 2636 debeat

175 2682 339 2744 indecem
363 2681 479 2743 marcis
502 2681 709 2742 denariorum
739 2699 798 2764 pro
828 2699 975 2764 tempore
1008 2681 1221 2758 currencium,
1245 2693 1276 2742 et
1299 2679 1436 2761 quilibet

175 2790 386 2870 predictorum
412 2788 554 2850 cloacam
580 2809 597 2849 a
622 2807 716 2850 muro
745 2788 881 2870 predicti
913 2787 1070 2850 Anthonii
1097 2787 1248 2850 Soldinar
1272 2787 1304 2848 in
1330 2786 1434 2868 longi·

175 2895 279 2956 tudine
303 2895 400 2956 trium
427 2893 631 2956 brachiorum
664 2893 842 2957 ferreorum
875 2895 1025 2956 ordinare
1056 2907 1205 2956 tenentur
1229 2907 1260 2955 et
1284 2907 1370 2955 extra
1394 2893 1434 2956 de

177 3001 298 3063 civitate
323 3001 461 3063 educere
484 3013 515 3062 et
539 3001 707 3080 mundare,
733 3015 765 3064 et
789 3001 878 3082 quod
896 2999 1038 3083 prefatus
1062 3001 1224 3064 lohannes
1249 3002 1364 3064 Bolsak
1388 3014 1433 3063 te·

176 3120 261 3168 netur
283 3125 450 3168 removere
476 3106 587 3168 canale
611 3127 628 3168 a
654 3126 747 3168 muro
781 3107 925 3168 eiusdem
951 3106 1107 3168 Anthonii
1133 3107 1283 3169 Soldinar
1307 3121 1338 3170 et
1362 3127 1432 3189 pre·
1486 3167 1490 3174 .

177 3233 279 3293 parare
302 3233 320 3275 a
343 3213 488 3296 predicto
513 3233 607 3274 muro
631 3214 671 3274 ad
697 3232 798 3274 unum
824 3226 854 3274 et
871 3213 1016 3274 medium
1040 3212 1169 3275 brachia
1195 3212 1296 3275 ferrea
1320 3227 1351 3275 et
1376 3233 1432 3296 per

178 3319 255 3380 idem
287 3319 398 3381 canale
430 3319 554 3381 mittere
587 3319 685 3381 fluere
717 3339 835 3402 aquam
867 3319 1022 3381 mundam
1056 3333 1087 3382 et
1110 3321 1253 3382 cloacam
1285 3319 1433 3381 similiter

178 3426 324 3487 mundare
350 3439 382 3487 et
405 3426 553 3488 educere.

275 3532 352 3594 ltem
370 3533 481 3614 Zayko
505 3530 645 3593 carnifex
663 3532 877 3614 captivaverat
891 3532 1031 3593 Fernecz
1050 3529 1209 3614 Belchych
1227 3530 1362 3609 dictum,
1388 3531 1428 3593 de

179 3637 341 3720 Pobresya,
366 3637 538 3718 allegando
563 3656 636 3699 eum
655 3657 722 3699 esse
746 3656 840 3698 suum
864 3635 967 3698 furem
987 3657 1024 3700 ex
1049 3657 1087 3698 eo
1105 3637 1180 3718 quia
1205 3637 1271 3719 ipae
1289 3637 1431 3699 Fernecz

179 3743 275 3805 eidem
310 3745 421 3826 Zayko
454 3742 594 3806 carnifici
626 3744 806 3807 voluntarie
835 3763 891 3826 per
922 3743 1073 3805 animalia
1105 3763 1161 3805 sua
1195 3744 1225 3804 in
1250 3743 1339 3806 fenili
1371 3764 1430 3805 suo

179 3848 312 3932 dampna
336 3848 462 3911 fecisset
497 3865 528 3912 et
551 3851 692 3912 eundem
717 3851 750 3912 in
774 3850 920 3932 predicto
945 3848 1036 3912 fenili
1060 3869 1119 3912 suo
1144 3850 1359 3912 dormientem
1385 3870 1432 3911 re·

180 3955 319 4034 perisset;
343 3956 384 4016 ad
409 3955 633 4038 cuiusquidem
652 3957 783 4039 dampni
798 3956 991 4018 revisionem
1008 3957 1286 4018 transmiseramus
1302 3956 1432 4036 juratos,

180 4060 306 4138 quodsi
331 4060 472 4144 prefatus
496 4063 638 4124 Fernecz
663 4062 833 4125 dormisset
858 4062 889 4124 in
915 4062 1001 4124 dicto
1034 4061 1123 4124 fenili
1149 4063 1248 4144 ipsius
1272 4063 1433 4144 Zayltonis

181 4167 335 4246 carnificis,
358 4168 414 4249 qui
440 4169 550 4251 Zaylro
582 4167 723 4231 carnifex
755 4169 861 4252 ipsum
894 4169 1034 4230 Fernecz
1069 4169 1284 4230 dormientem
1309 4169 1341 4229 in
1373 4187 1432 4229 suo

182 4267 260 4333 fenili
284 4275 494 4356 comprobare
520 4295 584 4337 non
617 4275 734 4358 potuit,
765 4275 820 4336 sed
854 4274 1012 4336 invenerit
1043 4274 1181 4336 eundem
1217 4273 1431 4335 dormientem

182 4391 259 4439 extra
282 4380 385 4462 ipsum
411 4379 508 4442 fenile
534 4382 565 4443 in
591 4381 732 4463 quadam
756 4395 838 4443 terra
862 4381 987 4460 arabili,
1010 4400 1069 4462 pro
1088 4399 1127 4442 eo
1151 4380 1369 4462 adjudicatum
1387 4393 1433 4441 est

182 4479 384 4560 juramentum
416 4485 475 4568 ipsi
500 4487 641 4549 Fernecz
668 4489 846 4566 terciomet,
871 4488 958 4568 quod
992 4487 1058 4568 ipse
1083 4507 1148 4548 non
1173 4487 1353 4548 voluntarie
1388 4487 1432 4547 ei-

183 4585 247 4650 dem
278 4591 420 4673 Zaykoni
452 4611 509 4674 per
543 4613 601 4654 sua
633 4594 784 4656 animalia
815 4593 974 4655 intulisset
1006 4593 1062 4654 sed
1094 4593 1310 4675 negligentem
1355 4591 1430 4654 ideo

183 4691 241 4772 ipse
264 4696 401 4759 Fernecz
434 4697 650 4779 juramentum
684 4699 883 4782 deposuisset
906 4713 1002 4781 prout
1033 4699 1093 4761 fuit
1116 4699 1177 4760 sibi
1200 4698 1431 4781 adjudicatum,

183 4795 249 4860 ideo
271 4802 334 4883 ipse
360 4805 470 4887 Zaylco
494 4803 635 4866 carnifex
668 4805 819 4867 remansit
843 4805 874 4866 in
900 4806 974 4867 vivo
1006 4806 1159 4888 homagio
1192 4806 1254 4886 ipsi
1281 4806 1433 4882 Fernecz,

184 4923 220 4964 ac
239 4906 340 4989 judici,
363 4911 474 4992 juratis
498 4927 528 4974 et
551 4914 610 4974 toti
635 4912 870 4989 communitati,
895 4913 955 4994 ipsi
980 4933 1057 4974 vero
1082 4925 1189 4974 autem
1214 4913 1354 4973 Fernecz
1378 4911 1432 4972 ad-

184 5010 346 5088 judicatum
359 5017 419 5080 fuit
432 5019 492 5101 ipsi
506 5019 650 5101 Zaykoni
665 5017 804 5080 carnifici
823 5017 1002 5081 satisfactio
1020 5019 1152 5102 inpendi
1166 5039 1261 5101 super
1278 5019 1431 5098 dampno.

1332 5128 1365 5188 ¹3
