3644 5788
540 546 740 626 Ann01461.
765 583 808 594 -
832 565 859 611 1.
882 551 1043 612 decembres.
1371 570 1430 634 213

168 760 285 839 juratos
311 760 344 820 in
369 761 398 821 X
423 761 538 822 marcis
561 775 591 822 et
616 761 674 841 ipsi
701 761 768 823 leso
799 762 828 824 X
851 763 967 843 pensis,
992 777 1023 824 et
1047 763 1135 844 quod
1160 763 1247 826 solus
1272 763 1345 825 lecit
1370 765 1430 826 sibi

168 865 422 928 satisfaccionem
440 882 470 928 et
487 868 606 949 recepit
622 868 764 946 vadium,
789 869 953 931 convictus
971 883 1017 930 est
1043 871 1101 951 ipsi
1121 870 1242 932 lacobo
1261 872 1292 932 in
1316 871 1428 933 decem

169 975 294 1053 marcis,
318 993 457 1055 quorum
480 975 579 1036 tercia
603 995 675 1056 pars
698 975 783 1036 cedit
806 975 933 1057 juratis;
962 977 1002 1037 de
1026 995 1092 1058 quo
1116 976 1236 1058 judicio
1262 997 1325 1039 non
1351 997 1426 1041 con·

169 1093 270 1142 tentus
295 1080 471 1162 appellavit
494 1081 533 1142 ad
559 1081 701 1143 seniores
725 1081 857 1162 judices.

270 1204 351 1266 ltem
376 1224 503 1266 causam
528 1205 724 1286 depastionis
747 1205 828 1266 milii
854 1205 1007 1287 Stephani
1032 1205 1070 1267 de
1090 1206 1265 1288 Pobreasya
1291 1225 1347 1287 per
1372 1207 1427 1268 Ni·

170 1313 296 1372 colaum
321 1312 420 1394 Maly,
446 1311 640 1388 Emericum,
674 1311 841 1372 Simonem
866 1310 1060 1394 Gordynych
1094 1313 1152 1394 ipsi
1178 1312 1328 1394 jurabunt
1353 1311 1430 1374 feria

169 1431 249 1478 sexta
275 1418 422 1499 proxime
454 1428 587 1478 ventura
613 1418 645 1478 in
678 1436 730 1478 ara
763 1431 869 1480 sancte
903 1417 1027 1496 Crucis,
1053 1419 1141 1500 quod
1174 1418 1234 1502 ipsi
1259 1419 1363 1480 eidem
1398 1419 1428 1480 in

169 1523 353 1606 depastione
378 1524 478 1606 ipsius
501 1523 583 1585 milii
608 1524 794 1586 innocentes
820 1537 850 1586 et
878 1525 1027 1586 inmunes
1052 1526 1199 1587 existunt.

270 1649 350 1710 Item
375 1649 480 1731 primo
505 1647 668 1710 lohannes
696 1648 872 1731 ,Banychyn
903 1663 1012 1711 contra
1038 1649 1246 1712 Valentinum
1272 1649 1427 1735 Grandyn

169 1757 279 1818 citatus
303 1776 369 1818 non
394 1756 584 1838 comparuit.

271 1863 386 1924 Testes
411 1861 544 1924 infacto
562 1862 698 1923 Dionisii
716 1862 845 1923 sartoris
865 1876 895 1923 et
913 1861 1101 1924 Thomasko
1116 1863 1263 1926 similiter
1279 1865 1427 1926 sartoris:

268 1987 347 2049 Item
365 1988 486 2070 primus
504 1985 642 2048 Michael
659 1985 790 2068 pellifex
815 1985 915 2048 lassus
932 2001 978 2049 est
994 1987 1109 2066 taliter,
1126 1989 1214 2068 quod
1233 1988 1299 2070 ipse
1325 1987 1423 2050 nichil

169 2094 237 2174 plus
260 2095 355 2156 sciret
379 2094 438 2155 nisi
464 2093 551 2174 quod
584 2093 701 2175 aliquis
732 2093 772 2154 ad
797 2092 936 2154 eundern
959 2093 1097 2155 venisset
1128 2093 1216 2175 quod
1242 2113 1307 2155 non
1339 2093 1425 2156 clau·

169 2200 252 2262 deret
277 2214 403 2282 portam
428 2199 574 2262 civitatis.

270 2307 348 2369 ltem
373 2306 532 2368 secundus
557 2307 682 2368 Blasius
710 2306 841 2386 juratus,
873 2320 985 2384 sartor,
1010 2305 1110 2368 lassus
1142 2320 1188 2368 est
1223 2307 1311 2388 quod
1336 2309 1426 2370 audi-

168 2412 298 2474 visseta
332 2413 460 2474 Thoma
493 2428 612 2475 sartore
648 2414 735 2494 quod
769 2414 835 2494 ipse
871 2413 977 2495 puelle
1010 2413 1194 2474 transissent
1230 2414 1269 2474 de
1302 2415 1427 2497 nupciis

173 2519 286 2597 eundo,
312 2535 343 2580 et
367 2539 440 2580 cum
474 2519 692 2602 pervenissent
717 2520 756 2579 ad
781 2519 914 2582 domum
940 2520 1063 2581 domini
1090 2520 1234 2581 Batnabe
1259 2535 1335 2582 tunc
1366 2521 1423 2583 ibi·

168 2624 237 2686 dem
262 2627 441 2704 intrassent,
464 2625 519 2688 sed
544 2626 644 2688 nescit
668 2625 693 2687 si
718 2625 772 2687 illa
797 2646 868 2688 sero
892 2627 1061 2688 intrassent
1085 2627 1257 2688 civitatem.

268 2751 344 2814 ltem
370 2751 486 2812 tercius
501 2751 590 2812 testis
614 2751 808 2812 Benedictus
828 2751 947 2828 juratus
964 2749 1091 2830 latetur,
1116 2751 1203 2833 quod
1229 2750 1309 2813 vidit
1333 2751 1422 2833 quod

169 2857 360 2919 intraverunt
392 2857 512 2918 curiam
545 2857 669 2919 domini
702 2857 857 2936 Barnabe,
885 2856 941 2918 sed
974 2858 1074 2918 nescit
1104 2858 1130 2918 si
1164 2857 1361 2920 intraverunt
1385 2859 1424 2920 ad

170 2963 324 3026 civitatem
350 2963 457 3046 puelle
482 2964 634 3047 predicte,
660 2977 690 3026 et
707 2964 795 3045 quod
821 2964 852 3024 in
878 2964 1016 3025 crastino
1033 2963 1156 3025 audivit
1181 2963 1344 3026 aThoma
1361 2985 1424 3026 sar·

168 3083 233 3130 tore
264 3069 350 3151 quod
384 3071 450 3152 ipse
476 3070 640 3132 Dionisius
672 3083 774 3132 sartor
802 3071 904 3132 minas
936 3071 1139 3152 imposuisset
1171 3071 1298 3132 racione
1324 3070 1422 3132 deho-

169 3177 354 3238 nestationis
378 3177 534 3239 dictarum
558 3176 751 3259 puellarum.

269 3301 345 3362 ltem
371 3314 503 3382 quartus
519 3303 606 3363 testis
630 3321 761 3362 consors
779 3301 875 3364 Blasii
900 3303 1029 3364 sartoris
1046 3299 1126 3363 fassa
1143 3298 1214 3380 fuit,
1239 3302 1327 3382 quod
1344 3303 1420 3364 dum

168 3405 282 3487 prefate
306 3407 414 3489 puelle
438 3426 508 3468 sero
534 3407 760 3469 remansissent
788 3408 820 3468 in
845 3407 943 3468 domo
976 3407 1100 3470 domini
1126 3408 1283 3486 Barnabe,
1307 3421 1338 3470 et
1362 3408 1422 3471 hoc

169 3513 324 3575 audivita
356 3513 497 3592 Thoma,
529 3528 559 3574 et
590 3513 679 3595 quod
711 3533 790 3575 uxor
822 3513 966 3575 eiusdem
996 3514 1125 3576 Thotne
1156 3515 1285 3576 sartoris
1316 3513 1421 3576 eidem

170 3617 290 3682 Thorne
314 3621 454 3698 dixisset,
479 3620 567 3702 quod
593 3621 721 3682 easdem
750 3620 886 3682 crastina
919 3620 970 3682 die
995 3639 1090 3682 mane
1122 3620 1154 3681 in
1179 3636 1277 3703 ponte
1303 3621 1421 3703 Pyzani

170 3727 269 3788 mozth
294 3728 379 3790 dicto
408 3727 577 3790 obviasset.

266 3834 342 3896 ltem
369 3835 519 3896 Brwmna
543 3834 675 3916 quintus
698 3836 786 3896 testis
810 3833 890 3896 lassa
909 3833 968 3896 luit
992 3833 1089 3895 simili
1118 3833 1217 3896 modo
1242 3847 1277 3896 ut
1300 3835 1423 3897 audivit

170 3938 330 4002 aThorna
365 3941 510 4023 predicto
540 3955 672 4019 sartore,
704 3941 791 4022 quod
827 3961 905 4002 uxor
937 3961 992 4002 sua
1026 3941 1152 4002 easdem
1187 3941 1359 4002 invenisset
1391 3955 1422 4003 et

170 4045 288 4108 easdem
313 4047 439 4129 puellas
463 4047 495 4108 in
519 4061 617 4129 ponte
649 4048 810 4110 obviasset
841 4061 952 4110 euntes
977 4048 1044 4108 sine
1078 4047 1170 4128 paliis
1194 4048 1330 4109 crastina
1355 4048 1418 4126 die,

170 4169 227 4230 que
249 4154 353 4233 puelle
379 4152 508 4216 luerunt
532 4174 594 4215 una
617 4153 828 4216 Placanichna
854 4169 884 4216 et
908 4153 1047 4216 secunda
1073 4153 1307 4236 Barberychna.

264 4275 341 4338 ltem
366 4291 473 4338 sextus
496 4279 584 4340 testis
609 4277 761 4340 Clemens
793 4278 959 4340 familiaris
991 4277 1157 4340 Michaelis
1181 4276 1337 4359 pellificis,
1362 4279 1417 4360 qui

170 4379 261 4443 lassus
290 4383 360 4462 luit,
396 4383 484 4465 quod
517 4385 592 4447 dum
627 4385 802 4447 destinatus
834 4384 944 4446 luisset
973 4385 1012 4446 ad
1045 4384 1258 4446 claudendam
1290 4398 1416 4467 portam

169 4485 293 4551 civitatis
323 4503 399 4552 tunc
431 4491 491 4572 ipsi
528 4492 620 4553 valde
651 4491 740 4552 tarde
772 4511 843 4553 sero
876 4492 906 4552 in
933 4491 1120 4572 crepusculo
1158 4492 1233 4552 certi
1271 4491 1419 4553 homines

169 4595 328 4672 venissent,
360 4596 415 4658 sed
441 4597 569 4659 easdem
594 4598 717 4680 puellas
741 4597 862 4660 ibidem
887 4617 952 4658 non
977 4597 1131 4678 potuisset
1154 4615 1358 4677 cognoscere.

266 4719 344 4782 ltem
368 4721 522 4804 septimus
554 4723 673 4784 Micula
705 4719 846 4784 famulus
869 4721 1012 4783 eiusdem
1047 4719 1213 4782 Michaelis
1239 4719 1339 4782 lassus
1363 4736 1418 4799 est,

170 4825 248 4901 quod
272 4827 399 4888 easdem
424 4828 548 4909 puellas
573 4829 704 4890 vidisset
728 4830 881 4890 intrantes
904 4847 975 4888 sero
999 4827 1039 4888 ad
1065 4827 1236 4889 civitatem.

264 4931 338 4993 ltem
366 4933 502 4994 Michsel
528 4932 667 4996 famulus
691 4933 803 5016 prelati
834 4933 1000 4995 Michaelis
1024 4931 1124 4994 lassus
1148 4948 1194 4995 est
1219 4935 1346 4994 easdem
1372 4933 1417 4993 vi·

171 5033 246 5098 disse
268 5039 418 5102 intrantes
443 5043 482 5102 de
506 5061 577 5103 sero
601 5041 640 5102 ad
665 5041 837 5102 civitatem.
