3852 5814
781 431 869 488 Anno
893 426 987 506 1480.
1013 462 1053 471 —
1080 428 1129 489 16.
1147 431 1238 504 J‘rcnr'i.

378 645 444 703 auri
471 656 501 703 et
525 641 738 722 quarumdam
765 642 924 702 literatum
958 641 1229 722 expeditoriarum
1247 640 1339 721 jurati
1364 641 1641 721 adjudicaverunt,

378 770 413 810 ex
440 769 505 830 quo
532 749 649 808 Paulus
674 745 813 828 prefatus
834 747 928 827 iudex
946 762 1056 808 contra
1081 748 1201 808 dictum
1220 747 1399 808 Johannem
1418 747 1641 830 Soldynarych

377 854 562 916 testificatus
586 868 642 931 est,
661 853 749 933 quod
775 854 859 914 idem
879 853 1101 935 Soldynarych
1120 873 1175 934 per
1193 853 1427 933 negligenciam
1444 872 1534 913 suam
1553 872 1641 912 com·

379 963 567 1023 munitatem
594 961 624 1020 in
651 960 880 1041 septemdecim
907 958 975 1020 flor.
994 959 1244 1041 dampnificavit,
1270 959 1343 1020 ideo
1369 959 1582 1020 communitas
1601 960 1640 1020 de

379 1067 465 1128 dicto
501 1067 610 1126 debito
643 1065 737 1126 habet
770 1067 905 1126 retinere
931 1066 1041 1127 decem
1067 1081 1097 1125 et
1130 1079 1250 1148 septem
1276 1065 1345 1127 flor.
1371 1066 1449 1142 auri,
1474 1065 1639 1126 residuum

377 1195 453 1234 vero
477 1173 572 1234 simul
597 1193 669 1233 cum
689 1171 818 1255 prefatis
835 1173 934 1234 literis
958 1173 1164 1254 expeditoriis
1180 1172 1284 1234 eidem
1307 1173 1444 1234 johanni
1463 1173 1639 1249 restituere,

378 1282 509 1362 ipseque
535 1281 574 1340 de
599 1281 681 1340 dicta
707 1279 842 1361 pecunia
862 1280 1075 1340 mercenarios
1098 1280 1217 1339 scilicet
1234 1281 1467 1361 campanatoris
1484 1294 1542 1340 etc.
1559 1292 1642 1340 tem-

378 1407 454 1468 pore
479 1385 637 1464 judicatus
661 1386 708 1446 sui
728 1387 781 1466 qui
807 1386 985 1446 servierunt
1002 1387 1096 1446 debet
1115 1401 1316 1458 contentare;
1342 1406 1377 1446 ea
1395 1385 1640 1466 adjudicacione

378 1495 498 1554 scilicet
523 1512 581 1573 pro
605 1493 698 1552 dictis
722 1492 807 1552 XVll
833 1492 901 1554 flor.
931 1493 1034 1553 dictus
1060 1492 1281 1574 Soldynarych
1315 1513 1379 1553 non
1404 1506 1574 1553 contentus
1600 1491 1639 1552 ad

376 1601 517 1660 seniores
543 1599 663 1680 judices
688 1599 872 1680 appellavit.

483 1706 587 1768 Causa
614 1706 695 1766 inter
721 1704 911 1766 Michaelcm
938 1705 1126 1789 Oprasnycb
1152 1720 1183 1767 et
1209 1706 1343 1766 Paulum
1369 1704 1565 1765 aurifabrum
1592 1724 1641 1764 ra·

378 1814 469 1874 cione
494 1813 728 1894 vituperiorum
753 1825 784 1873 et
809 1810 1042 1890 infamacionis,
1075 1812 1166 1890 jurati
1201 1811 1476 1891 adjudicaverunt,
1511 1830 1547 1871 ex
1573 1829 1639 1890 quo

377 1919 517 2003 prefatus
543 1920 660 1980 Paulus
684 1917 844 1980 aurifaber
869 1919 927 2000 ipsi
955 1919 1104 1980 Michaeli
1139 1919 1277 1980 eundem
1304 1917 1515 2000 vituperando
1541 1917 1637 1976 dixit:

378 2028 465 2109 quod
491 2027 553 2088 eris
577 2027 657 2087 latro
682 2040 713 2086 et
738 2045 801 2086 non
828 2026 923 2086 dixit:
943 2045 975 2086 es
999 2026 1090 2102 latro,
1116 2027 1200 2086 idem
1228 2026 1346 2086 Paulus
1378 2026 1463 2086 dicto
1488 2024 1638 2085 Michaeli

376 2136 406 2194 in
434 2135 544 2195 decem
570 2133 676 2213 pensis
708 2132 912 2193 denariorum
946 2133 1111 2193 convictus
1144 2133 1287 2208 habetur,
1321 2131 1480 2204 judicibus
1508 2151 1584 2191 vero
1609 2144 1639 2190 et

376 2241 486 2321 juratis
512 2241 542 2300 in
569 2255 696 2299 centum
722 2239 877 2315 denariis;
905 2239 1021 2299 Paulus
1047 2259 1110 2299 non
1135 2253 1304 2300 contentus
1325 2257 1452 2300 causam
1480 2238 1579 2318 ipsam
1598 2237 1636 2296 ad

377 2347 519 2407 seniores
544 2344 665 2424 iudices
690 2345 873 2426 appellavit.

484 2450 588 2512 Causa
614 2451 694 2512 inter
720 2451 916 2530 Stephanum
942 2451 1092 2530 juratum,
1109 2451 1302 2532 selliparem,
1331 2464 1362 2511 et
1386 2451 1538 2511 lacobum
1562 2447 1632 2507 Jalt·

376 2558 528 2640 cbewych
553 2559 680 2618 racione
706 2558 871 2618 cuiusdam
897 2559 986 2634 silve,
1023 2557 1113 2637 jurati
1140 2557 1415 2635 adjudicaverunt,
1441 2555 1527 2636 quod
1552 2555 1634 2615 Nesa

377 2685 466 2725 soror
503 2664 639 2724 condam
666 2665 807 2747 Jalsycza
841 2663 1202 2746 Charanthowcbycbne
1235 2665 1329 2724 debet
1361 2664 1522 2742 deponere
1555 2661 1636 2738 jura-

378 2785 521 2832 mentum
546 2771 613 2830 sola
639 2789 733 2851 super
757 2790 842 2830 aram
862 2772 892 2830 in
911 2791 960 2847 e0,
982 2771 1069 2851 quod
1088 2771 1225 2831 lacobus
1243 2769 1453 2850 Jakcbevvyclr
1471 2782 1517 2829 est
1535 2783 1564 2827 et
1578 2765 1638 2826 fuit

376 2876 480 2938 affinis
505 2891 535 2937 et
564 2877 821 2956 consanguineus
846 2877 928 2936 dicte
957 2877 1099 2958 Jalsycza
1129 2874 1503 2957 Charanthowchycbne,
1527 2875 1638 2953 sicque

377 2982 518 3064 prefatus
543 2982 753 3063 laltchewych
779 2979 931 3063 prefatam
950 2983 1062 3042 silvam
1082 2981 1257 3056 obtinebit;
1284 2982 1378 3042 debet
1402 2995 1508 3040 autern
1534 2978 1639 3058 jurare

377 3091 460 3150 dicta
486 3089 601 3149 mulier
626 3087 701 3148 feria
728 3102 813 3148 sexta
838 3089 982 3169 proxime
1008 3103 1150 3150 ventura.

484 3197 588 3256 Causa
615 3196 695 3254 inter
713 3194 891 3254 Johannem
915 3194 1138 3278 Soldynarych
1166 3209 1195 3255 et
1213 3194 1355 3254 nobilem
1375 3193 1544 3254 Nicolaum
1565 3192 1643 3252 ltva-

377 3302 512 3382 notvych
551 3301 677 3360 racione
715 3301 927 3381 quarumdam
965 3302 1129 3361 literarum
1161 3301 1336 3380 regalium,
1373 3300 1447 3380 quia
1481 3297 1645 3359 Johannes

379 3405 599 3488 Soldynarych
624 3407 730 3467 literas
762 3408 864 3486 regias
897 3427 975 3487 quas
1000 3408 1151 3468 Nicolaus
1185 3405 1386 3489 lwanotvych
1419 3409 1478 3466 sub
1503 3405 1640 3487 disposi-

377 3513 469 3572 cione
487 3513 573 3592 pacis
590 3527 620 3572 et
645 3513 815 3573 concordie
841 3525 871 3574 et
888 3513 1013 3572 termini
1034 3513 1092 3594 ipsi
1118 3513 1289 3574 concordie
1319 3514 1545 3594 deputatorum
1566 3531 1640 3593 pre-

378 3619 509 3699 scriptas
534 3619 639 3678 literas
665 3619 766 3697 regias
792 3617 884 3678 falsas
901 3620 1041 3701 appellat
1066 3635 1096 3680 et
1121 3635 1230 3680 contra
1248 3619 1386 3680 eundem
1413 3619 1589 3700 impertivit
1608 3619 1639 3678 in

377 3723 438 3784 hoc
462 3737 571 3784 contra
596 3725 734 3784 eundem
761 3725 938 3786 Johannem
967 3724 1039 3786 fecit
1068 3726 1238 3786 infideliter
1263 3745 1371 3806 agens,
1396 3725 1487 3804 jurati
1513 3724 1641 3804 adjudi-

377 3843 528 3890 caverunt
553 3831 618 3890 visa
644 3831 715 3891 data
741 3831 896 3892 dictarum
923 3833 1096 3909 literarum,
1122 3833 1208 3912 quod
1235 3833 1320 3893 iuxta
1346 3833 1473 3892 easdem
1499 3833 1640 3893 eundem

378 3936 563 3997 reconvenit
588 3950 617 3996 et
641 3957 674 3997 se
700 3951 783 3998 recte
816 3938 915 4013 dixit;
946 3939 1001 3998 sed
1035 3938 1121 4019 quod
1148 3939 1285 3999 eundem
1320 3938 1350 3998 in
1376 3939 1451 4000 sede
1475 3937 1642 4018 judiciaria

380 4062 444 4102 non
470 4041 640 4102 honoravit
665 4058 695 4103 et
720 4044 820 4103 eciam
847 4045 954 4104 sedern
982 4045 1055 4106 ideo
1088 4045 1145 4126 ipsi
1172 4046 1307 4105 Nicolao
1341 4045 1371 4104 in
1396 4045 1509 4125 viginti
1534 4045 1643 4126 pensis

378 4149 582 4208 denariorum
621 4151 786 4210 convictus
823 4150 956 4210 habetur
989 4165 1019 4211 et
1055 4152 1151 4231 judici
1177 4171 1248 4211 cum
1285 4151 1395 4230 juratis
1427 4151 1457 4210 in
1495 4151 1643 4211 ducentis

377 4255 623 4331 viennensibus;
649 4275 711 4336 qua
736 4256 978 4336 adjudicacione
1006 4272 1139 4338 uterque
1166 4278 1228 4318 non
1247 4271 1416 4320 contentus
1440 4258 1479 4317 ad
1499 4259 1642 4318 seniores

377 4361 498 4442 judices
523 4361 774 4442 appellaverunt.

483 4467 609 4528 Tamen
642 4468 727 4528 idern
762 4469 912 4530 Nicolaus
944 4489 1016 4530 cunr
1050 4470 1153 4550 judice
1188 4471 1273 4531 illius
1305 4471 1379 4531 anni
1417 4473 1641 4552 comprobavit

377 4573 464 4654 quod
491 4575 687 4654 procuratori
715 4576 813 4656 ipsius
839 4577 922 4635 idem
942 4576 1104 4637 lohannes
1122 4576 1282 4659 Soldynar
1307 4591 1354 4638 ter
1378 4578 1492 4638 citatus
1509 4597 1637 4659 respon-

377 4680 451 4740 dere
477 4680 581 4740 noluit
606 4681 696 4741 nullo
721 4681 819 4741 modo

483 4785 587 4847 Causa
623 4788 703 4846 inter
736 4788 876 4848 Blasium
910 4788 1108 4870 Zthenychlti
1143 4803 1172 4850 et
1205 4789 1384 4850 Johannem
1418 4790 1641 4874 Soldynaryclr

378 4893 505 4953 racione
530 4893 696 4953 cuiusdam
721 4893 832 4972 debiti,
858 4895 962 4976 primo
987 4896 1100 4955 citatus
1125 4915 1188 4956 non
1215 4898 1404 4977 comparuit.
