3738 5786
614 523 701 582 Anno
724 535 814 602 1454.
841 559 881 566 -—
907 527 1057 585 10.mar'1.
1419 544 1459 604 73

176 747 179 752 '
198 755 285 798 suam
309 755 419 798 coram
436 735 530 796 nobis
554 733 651 797 hodie
669 737 933 818 prosequebatur,
951 733 1054 797 ludeo
1074 734 1237 816 persolvit,
1262 735 1336 798 ideo
1354 735 1460 817 ipsum

200 845 377 906 Barnabam
410 862 484 904 cum
517 843 599 904 dicta
632 857 732 904 matre
764 861 821 903 sua
852 842 980 904 racione
1012 841 1110 923 ipsius
1142 839 1255 903 floreni
1280 856 1311 902 et
1335 841 1462 904 racione

199 949 358 1010 ulterioris
383 948 587 1031 inpeticionis
611 961 642 1010 et
665 948 921 1030 perturbationis
948 947 1048 1030 ipsius
1073 947 1226 1030 Stephani
1251 948 1368 1010 sutoria
1391 948 1462 1010 red·

200 1054 339 1118 didimus
363 1053 432 1117 iore
456 1054 641 1137 expeditum
666 1069 697 1116 et
724 1054 861 1136 quietos.

301 1179 383 1242 ltem
401 1179 647 1242 Bartholomeus
670 1179 806 1241 servitor
823 1191 854 1241 et
869 1181 1084 1242 mercenarius
1102 1179 1257 1242 Anthonii
1283 1179 1461 1263 Termsych

200 1299 305 1348 contra
343 1285 543 1369 Stephanum
578 1297 721 1347 sutorem
757 1284 797 1346 de
832 1285 904 1348 vico
937 1287 1071 1349 Abbatis
1107 1287 1212 1369 primo
1248 1285 1362 1348 citatus
1398 1305 1462 1348 non

199 1392 387 1474 comparuit.

303 1517 381 1578 ltem
407 1516 481 1599 quia
500 1516 651 1579 mulieres
676 1515 875 1600 infrascripte
898 1517 1049 1581 videlicet
1065 1519 1209 1603 lalsyeza
1234 1539 1313 1581 uxor
1340 1518 1462 1582 Cosme

200 1637 228 1685 et
251 1622 412 1706 Mayhena
436 1643 516 1685 uxor
545 1623 700 1706 Stephani
733 1625 849 1687 sutoris
880 1645 917 1686 ae
950 1625 1149 1706 Margaretha
1181 1645 1261 1688 uxor
1287 1627 1464 1688 Laczkonis

200 1729 387 1812 carpentarii
412 1750 448 1791 ac
473 1729 651 1812 Elyzabeth
676 1749 755 1792 uxor
781 1729 913 1812 Georgii
942 1729 1207 1814 Ker(ch)marych
1232 1747 1263 1794 et
1287 1733 1462 1796 Katherina

199 1834 260 1898 filia
285 1836 476 1898 eommdem
503 1835 680 1918 Elyzabeth
705 1849 736 1898 et
753 1834 885 1918 Georgii
903 1835 1131 1899 Kerchmarich
1156 1837 1188 1899 in
1208 1837 1377 1902 manifesto
1395 1859 1461 1902 me-

199 1942 323 2004 retricio
347 1955 378 2004 et
393 1942 539 2025 pluribus
563 1941 731 2005 maleficiis
754 1956 828 2004 sunt
848 1956 1006 2026 repperte,
1030 1963 1092 2024 que
1110 1944 1185 2007 licet
1209 1959 1338 2028 propter
1355 1945 1463 2007 huius·

199 2048 286 2110 modi
313 2067 424 2112 earum
449 2049 532 2110 mala
558 2046 639 2111 lacta
664 2067 781 2130 penam
805 2068 903 2130 quarn
929 2048 1153 2112 demeruerant
1176 2051 1240 2133 pati
1265 2051 1462 2130 debuissent,

199 2171 305 2218 tamen
330 2155 407 2237 quia
431 2174 490 2237 pro
514 2155 559 2217 eis
584 2169 630 2218 est
654 2155 748 2216 nobis
763 2155 979 2237 supplicatum
1004 2157 1184 2240 perplures
1207 2158 1334 2221 nobiles
1357 2173 1389 2221 et
1406 2159 1462 2220 ho·

200 2276 306 2324 nestos
329 2262 416 2323 viros
440 2276 475 2324 ut
500 2262 578 2344 ipsis
601 2261 741 2342 graciam
776 2261 972 2342 fecissemus,
1004 2263 1143 2345 ideoque
1168 2284 1227 2327 noa
1251 2266 1465 2348 peticionibus

199 2387 310 2431 eorum
334 2382 513 2430 annuentes
538 2381 569 2430 et
593 2368 738 2430 inclinati
754 2368 853 2431 talem
877 2369 1016 2450 graciam
1042 2369 1088 2432 eis
1104 2369 1249 2450 fecimus,
1274 2385 1309 2434 ut
1332 2372 1399 2454 ipse
1424 2372 1463 2434 de

199 2488 302 2537 cetero
327 2487 359 2537 et
390 2493 447 2558 per
478 2475 617 2558 amplius
648 2475 688 2538 ad
721 2475 882 2537 civitatem
914 2487 945 2538 et
976 2475 1045 2537 eius
1075 2477 1272 2540 territorium
1296 2497 1463 2560 nunquam

199 2581 336 2644 debeant
360 2581 489 2660 intrare,
513 2601 563 2643 res
587 2595 694 2644 autem
719 2601 829 2645 earum
853 2595 918 2644 tam
947 2583 1085 2645 mobiles
1109 2604 1207 2666 quam
1232 2585 1406 2648 inmobiles
1430 2585 1462 2648 in

199 2687 309 2750 eadem
334 2687 462 2751 civitate
487 2701 519 2750 et
543 2689 611 2750 eius
635 2689 796 2752 territorio
820 2701 894 2751 sunt
927 2689 1107 2754 voluntarie
1131 2690 1271 2754 vendere
1295 2707 1326 2754 et
1349 2711 1459 2754 aecum

199 2795 350 2876 pecunias
372 2795 424 2856 vel
450 2814 499 2856 res
523 2813 632 2856 earum
657 2794 795 2857 mobiles
819 2795 851 2856 in
875 2795 982 2877 specie
1006 2796 1147 2879 recipere
1179 2811 1209 2860 et
1232 2811 1414 2881 asportare;
1438 2797 1463 2860 si

198 2920 273 2964 vero
297 2901 338 2962 de
363 2913 469 2963 cetero
501 2914 532 2963 et
555 2921 611 2984 per
642 2901 782 2983 amplius
813 2901 844 2963 in
878 2901 962 2964 dicta
994 2902 1121 2966 civitate
1146 2904 1269 2966 eteius
1299 2904 1460 2967 territorio

199 3021 346 3091 repperte
370 3005 490 3070 fuerint
513 3027 588 3070 mox
613 3008 699 3090 juxta
723 3027 832 3070 earum
854 3008 1008 3071 demerita
1033 3028 1149 3091 penam
1174 3029 1271 3092 quam
1296 3011 1463 3073 demerue-

200 3113 261 3176 rint
284 3113 452 3197 pacientur
476 3127 506 3176 et
530 3127 778 3196 consequentur.

303 3238 382 3301 ltem
409 3257 489 3300 uxor
512 3239 603 3300 Pauli
637 3237 886 3321 Kusarenchyeh
917 3238 1014 3301 tercia
1038 3258 1072 3302 se
1095 3239 1242 3322 personis
1271 3254 1385 3304 octavo
1410 3241 1461 3303 die

199 3363 397 3427 superarem
421 3357 531 3408 contra
549 3344 749 3428 Stephanum
769 3359 912 3408 sutorem
934 3363 1088 3427 magnum
1106 3365 1163 3429 per
1186 3346 1464 3429 adjudicationem

199 3449 375 3532 juratorum
400 3449 505 3532 jurare
530 3451 690 3514 tenebitur
714 3470 809 3534 super
833 3471 883 3530 eo,
909 3465 944 3514 ut
976 3452 1044 3535 ipsa
1068 3453 1173 3516 nullas
1198 3473 1247 3514 res
1270 3453 1371 3535 ipsius
1396 3453 1464 3516 Ste-

201 3557 295 3640 phani
319 3558 448 3638 sutoris,
473 3577 552 3640 quas
575 3558 643 3642 ipse
676 3572 786 3621 contra
814 3577 886 3621 eam
917 3559 1093 3641 suspiciose
1124 3559 1230 3622 taliter
1253 3561 1464 3644 proponebat,

201 3678 234 3725 ut
256 3665 324 3747 ipsa
351 3664 451 3728 dictas
468 3685 517 3728 res
541 3665 640 3748 ipsius
657 3664 810 3748 Stephani
836 3665 952 3727 sutoris
968 3665 1183 3745 subtraxisset,
1207 3666 1273 3749 ipsa
1292 3685 1367 3728 vero
1385 3685 1465 3728 uxor

202 3769 299 3852 ipsius
323 3770 415 3832 Pauli
441 3770 690 3854 Kusarenchych
708 3771 813 3833 taliter
836 3771 943 3852 jurare
967 3771 1139 3851 tenebitur,
1164 3785 1199 3834 ut
1216 3773 1283 3854 ipsa
1306 3771 1465 3856 predictas

203 3895 249 3938 res
272 3877 373 3960 ipsius
397 3875 549 3958 Stephani
573 3877 690 3938 sutoris
714 3897 779 3939 non
804 3877 1020 3941 subtraxisset.

306 4001 386 4064 ltem
418 4021 545 4064 causam
577 4002 734 4065 Anthonii
766 4003 860 4084 jurati
892 4003 1039 4066 moderni
1071 4003 1153 4066 inter
1184 4003 1289 4087 ipsum
1321 4018 1352 4066 et
1383 4005 1465 4067 inter

205 4105 365 4169 Thomam
391 4106 570 4191 Michalych
595 4109 716 4172 dictum
741 4108 948 4191 jobagionem
974 4109 1137 4172 Valentini
1161 4109 1201 4173 de
1224 4111 1392 4190 Vrbowez,
1416 4110 1464 4193 ju·

204 4213 539 4296 ratipresentisanni
564 4215 730 4296 usquead
762 4219 903 4299 primum
931 4215 1089 4298 judicium
1120 4231 1193 4299 post
1216 4215 1333 4280 festum
1357 4233 1464 4281 sancte

206 4317 371 4381 Trinitatis
394 4319 539 4402 proxime
562 4341 732 4383 occurrens
763 4341 914 4405 supereo
939 4323 1224 4405 prolongaverunt,
1248 4337 1283 4386 ut
1306 4325 1374 4408 ipse
1398 4329 1464 4386 An·

205 4426 332 4488 thonius
356 4425 477 4508 juratus
502 4427 629 4490 interim
654 4427 750 4492 debet
771 4429 874 4490 maius
890 4429 1111 4492 testimonium
1136 4450 1171 4491 ac
1195 4429 1350 4512 majorem
1373 4432 1464 4494 certi·

206 4533 349 4596 tudinem
374 4534 406 4594 in
431 4531 514 4596 facto
538 4535 748 4616 pecuniarum
773 4553 852 4616 quas
880 4547 989 4597 contra
1022 4536 1126 4618 ipsum
1152 4535 1315 4598 Thomam
1346 4556 1464 4619 propo-

206 4641 308 4718 nebat,
334 4659 388 4702 eaa
412 4640 451 4701 ab
476 4639 546 4722 ipso
570 4654 735 4722 tamquam
760 4659 826 4702 rem
858 4640 1057 4723 deperditam
1088 4643 1326 4724 prosequendo,
1351 4643 1404 4723 ita,
1431 4657 1465 4706 ut

208 4745 271 4826 ipse
293 4745 440 4807 Thomas
464 4746 503 4807 ad
529 4747 633 4828 ipsum
666 4747 838 4809 terminum
862 4747 1034 4828 juridicum
1066 4747 1126 4810 sibi
1151 4762 1182 4810 et
1206 4749 1265 4831 ipsi
1297 4750 1463 4812 Anthonio

208 4849 305 4929 jurato
321 4851 489 4933 prefixum,
507 4871 614 4914 coram
632 4853 725 4914 nobis
741 4853 861 4933 judicio
878 4867 909 4916 et
932 4853 1168 4934 adjudicacioni
1186 4869 1293 4918 nostre
1311 4857 1461 4921 interesse

209 4971 237 5018 et
258 4977 453 5042 comparere,
477 4959 531 5041 qui
557 4959 671 5022 sinon
696 4961 911 5043 comparuerit
935 4961 966 5024 in
991 4962 1086 5046 culpa
1110 4963 1297 5030 remanebit.
