3738 5786
485 1532 634 1631 (hnno
665 1529 848 1622 Domini
876 1526 1147 1648 htcccttvl.

754 1743 858 1752 ...η-

178 1900 257 1978 ltent
287 1901 487 1978 notandum
507 1909 575 1994 est,
604 1901 699 2002 quod
719 1903 752 1978 in
773 1925 867 1978 anno
892 1900 1036 1976 Domini
1057 1901 1244 1976 millesimo
1274 1901 1438 2002 quadrin-

179 2027 379 2124 gentesimo
422 2026 720 2126 quinquagesimo
758 2034 899 2127 quarto,
936 2025 1027 2102 feria
1065 2031 1169 2102 sexta
1206 2025 1369 2126 proxima
1405 2026 1439 2103 in

181 2149 353 2226 dominica
389 2149 573 2226 invocavit
605 2172 673 2240 me,
706 2149 797 2226 feria
823 2149 993 2226 videlicet
1028 2157 1134 2226 sexta
1162 2149 1325 2250 proxima
1352 2157 1439 2250 post

181 2271 307 2350 festum
336 2274 453 2350 sancti
482 2272 654 2374 Gregorii
682 2297 776 2374 pape
808 2281 918 2374 atque
947 2271 1121 2366 doctoris,
1158 2289 1322 2374 ternpore
1346 2271 1438 2371 judi-

182 2407 277 2473 catus
316 2397 463 2474 secundi
490 2398 555 2474 vin'
593 2397 731 2498 providi
760 2407 797 2473 et
834 2397 978 2472 honesti
1007 2395 1190 2472 Valentini
1219 2395 1343 2490 judicis
1380 2395 1440 2473 filii

182 2518 359 2598 Michaelis
388 2522 473 2598 dicti
503 2519 700 2623 Saronych,
719 2545 869 2622 presens
899 2522 1085 2597 katernunt
1111 2529 1169 2598 est
1197 2522 1439 2622 conscriptum

182 2666 283 2744 super
318 2645 410 2720 actis
444 2655 482 2721 et
513 2644 655 2744 judiciis
692 2653 857 2745 tempore
898 2647 1078 2746 presentis
1111 2643 1293 2744 judicatus
1325 2645 1437 2745 ipsius

181 2763 356 2844 Valentini
380 2768 510 2867 judicis
545 2769 653 2846 modo
683 2775 721 2845 et
745 2769 869 2846 ordine
888 2767 1124 2869 infrascriptis
1150 2769 1435 2845 occurrentibus.

690 3019 751 3090 (15.
782 3015 905 3090 martir).

747 3155 859 3220 iurati.

597 3297 674 3361 ltem
701 3298 839 3362 Michael
863 3295 1005 3380 pellifex.

596 3403 674 3467 ltem
699 3403 881 3487 Stephanus
906 3403 1041 3468 institor.

592 3509 668 3573 ltenr
694 3509 878 3572 anthonius
902 3509 1057 3573 literatus.

595 3617 672 3679 ltem
698 3615 880 3699 Stephanus
904 3614 1053 3678 carnifex.

592 3723 670 3786 item
695 3723 840 3785 Andreas
863 3735 965 3784 sartor
990 3719 1188 3805 Symunych.

477 3897 479 3902 ,
595 3829 673 3892 ltern
699 3827 891 3890 Benedictus
915 3825 1085 3890 aurifaber.

594 3935 672 3998 Item
696 3935 842 3997 Thomas
866 3933 1001 3997 institor.

595 4041 672 4104 ltern
696 4041 800 4103 Lucas
823 4053 922 4104 sutor.

712 4251 909 4317 Consiliarii.

595 4398 673 4461 ltem
698 4396 887 4458 Franciscus
910 4395 1065 4458 literatus.

595 4503 672 4566 ltern
698 4501 837 4566 Michael
861 4501 1014 4564 literatus.

593 4609 671 4672 ltem
696 4607 864 4671 Ladislaus
888 4605 1176 4690 Czaranthowych.

594 4715 672 4778 ltem
698 4715 824 4778 Marcus
847 4713 932 4776 filius
956 4713 1046 4776 Pauli
1076 4709 1314 4795 Zydowchych.

594 4821 672 4884 ltem
698 4820 829 4882 Mathlco
854 4820 990 4882 institor.

593 4927 670 4990 ltem
697 4927 809 4990 Petrus
833 4926 975 5009 Dragyn.

591 5033 669 5096 ltern
694 5031 855 5114 Georgius
879 5047 980 5094 sartor
1008 5029 1223 5113 Jelowchych.
