3838 5786
629 549 713 605 Anno
737 559 825 622 1471.
851 581 891 590 -
917 558 962 621 15.
987 544 1158 605 novembris.

374 760 452 822 Item
477 760 552 842 quia
576 759 685 821 relicta
711 758 848 820 condam
869 757 995 819 Nicolai
1013 756 1165 818 aurifabri
1190 769 1298 819 contra
1323 755 1530 818 Valentinum

268 867 436 952 Marysych
461 867 567 949 primo
592 866 685 928 citata
710 885 775 927 non
801 864 980 946 comparuit
1003 864 1035 924 in
1061 861 1181 942 judicio
1206 881 1313 924 coram
1338 861 1441 923 nobis.

375 975 451 1035 ltem
477 974 552 1055 quia
577 972 768 1034 Valentinus
793 970 882 1032 faber
906 984 1016 1031 contra
1039 968 1233 1050 Gregorium
1258 981 1399 1030 sutorem
1425 967 1530 1050 primo

267 1083 382 1143 citatus
406 1101 471 1142 non
500 1079 689 1162 comparuit.

374 1189 451 1250 ltem
476 1187 552 1270 quia
577 1187 699 1272 Symon
733 1183 828 1248 frater
852 1184 981 1246 Martini
1013 1183 1143 1268 Banych
1176 1199 1285 1246 contra
1311 1181 1530 1267 Gywrlronem

269 1294 413 1379 Ventyclr
438 1295 544 1376 primo
569 1295 682 1356 citatus
705 1311 770 1354 non
795 1291 986 1373 comparuit.

374 1401 450 1462 ltem
484 1400 561 1482 quia
592 1398 776 1460 Anthonius
808 1397 892 1459 filius
925 1397 1074 1480 Dyonisii
1106 1397 1190 1457 ribar
1226 1414 1358 1456 uxorem
1382 1393 1531 1455 Damiani

268 1507 437 1569 Mezouwz
462 1508 623 1583 citaverat,
647 1519 678 1566 et
700 1505 774 1586 quia
800 1506 867 1586 ipsa
893 1523 971 1565 uxor
989 1503 1088 1586 ipsius
1105 1502 1253 1564 Damiani
1278 1515 1325 1562 ter
1342 1501 1531 1581 comparuit,

268 1613 334 1695 ipse
359 1632 435 1674 vero
460 1612 644 1674 Anthonius
668 1631 733 1673 non
758 1611 947 1692 comparuit.

373 1719 452 1781 ltem
478 1718 552 1801 quia
578 1718 711 1799 quidam
737 1717 904 1800 Philippus
929 1717 969 1778 de
993 1717 1064 1778 vico
1083 1716 1284 1794 Latinorum,
1308 1715 1363 1796 qui
1382 1715 1533 1776 citaverat

268 1825 451 1888 Emericum
470 1824 644 1900 Craltalio;
669 1824 736 1906 ipse
761 1823 930 1905 Philippus
948 1843 1012 1886 non
1037 1823 1226 1906 comparuit,
1252 1823 1319 1906 ipse
1337 1841 1412 1883 vero
1437 1820 1531 1881 Eme-

267 1933 350 1994 ricus
374 1931 565 2014 comparuit.

373 2037 451 2100 Item
476 2038 553 2119 quia
577 2035 779 2118 Margaretha
804 2037 922 2098 inclina
959 2037 1069 2099 relicta
1095 2035 1273 2098 Clementis
1297 2035 1433 2096 Suskam
1456 2033 1532 2096 cita·

267 2160 367 2225 verat,
403 2145 470 2227 ipsa
503 2144 605 2206 Suska
640 2144 821 2225 comparuit
856 2157 887 2205 et
923 2143 990 2226 ipsa
1022 2141 1223 2223 Margaretha
1255 2161 1320 2202 non
1352 2139 1533 2222 comparuit

269 2266 303 2312 ut
331 2251 439 2312 actrix.
1097 2237 1100 2244 ’

377 2357 454 2419 ltern
480 2357 588 2418 relicta
607 2355 801 2442 Mychgolen
826 2356 930 2438 primo
955 2355 1049 2417 citata
1077 2369 1185 2416 contra
1204 2353 1389 2437 Philippum
1415 2353 1531 2437 Dudey

270 2463 375 2544 primo
400 2465 494 2526 citata
519 2483 583 2524 non
609 2463 789 2545 comparuit
813 2463 844 2524 in
870 2461 1001 2544 judicio.

374 2570 451 2632 ltem
484 2571 559 2651 quia
592 2569 717 2653 Myrk0,
749 2569 804 2651 qui
838 2583 884 2631 est
914 2567 1082 2631 fideiussor
1114 2588 1172 2651 pro
1206 2567 1365 2649 Gregorio
1398 2567 1438 2627 de
1473 2567 1531 2628 Za·

267 2697 402 2762 wersya,
426 2697 491 2738 non
518 2676 698 2759 comparuit
722 2689 831 2738 contra
849 2677 963 2738 Berlek
979 2695 1194 2738 successorem
1208 2675 1338 2737 Martini
1362 2673 1487 2755 judicis.

426 2910 523 2986 Faria
551 2921 649 2986 sexta
678 2916 833 3004 proxima
860 2921 937 3004 post
969 2915 1092 2986 festum
1120 2915 1211 2986 beati
1239 2909 1372 2984 Briccii.

767 3069 828 3145 (15.
852 3068 1031 3144 novembrii).

374 3207 453 3269 ltem
478 3207 571 3270 datus
594 3221 640 3271 est
664 3209 820 3271 terminus
853 3211 983 3292 egregio
1008 3208 1167 3291 Gregorio
1192 3206 1335 3270 Bradach
1362 3207 1530 3288 capitaneo

268 3313 538 3394 Nandoralbensi,
563 3315 687 3377 concivi
712 3330 833 3394 nostro,
865 3317 1091 3398 quindecimus
1114 3315 1184 3378 dies
1217 3330 1289 3398 post
1313 3313 1429 3375 festum
1456 3313 1532 3395 Epi-

268 3421 461 3504 phaniarum
493 3421 568 3483 dare
599 3422 678 3484 scire
710 3442 767 3504 per
798 3421 946 3484 homines
982 3439 1013 3486 et
1044 3439 1267 3506 procuratores
1297 3442 1373 3484 suos
1403 3421 1532 3482 racione

268 3528 435 3590 cuiusdam
461 3528 578 3589 domus
602 3548 639 3589 ex
670 3529 820 3612 opposito
856 3531 978 3612 capelle
1010 3532 1101 3594 beate
1134 3531 1308 3592 Katherine
1333 3529 1466 3610 virginis
1498 3527 1530 3588 in

267 3636 351 3698 dicta
373 3636 501 3697 civitate
534 3634 660 3714 habite,
693 3656 790 3718 quam
823 3634 934 3699 fratres
966 3639 1097 3700 ecclesie
1130 3657 1186 3700 seu
1211 3637 1398 3700 monasterii
1430 3633 1529 3697 sancti

267 3741 393 3804 Nicolai
419 3743 562 3824 ipsorum
588 3757 619 3804 et
642 3743 726 3804 dicte
751 3744 874 3825 capelle
899 3763 967 3806 esse
991 3759 1146 3808 asserunt.

372 3849 451 3911 ltem
475 3850 579 3932 prima
602 3850 670 3911 vice
695 3863 742 3911 est
769 3850 1003 3931 proclamatum
1036 3871 1092 3933 per
1115 3871 1271 3934 precones
1295 3863 1420 3911 nostros
1444 3867 1530 3909 com-

269 3974 384 4016 munes
407 3975 503 4038 super
528 3955 667 4037 quadam
692 3957 791 4017 domo
807 3976 863 4018 seu
884 3957 1009 4039 palacio
1027 3972 1154 4020 murato
1179 3959 1330 4042 Symonis
1355 3955 1451 4017 ltalici
1470 3954 1530 4016 Vc·

268 4061 333 4123 neti
358 4063 390 4123 in
416 4063 501 4125 dicta
532 4064 658 4125 civitate
691 4062 810 4142 habita,
839 4065 877 4125 de
910 4083 974 4146 qua
1006 4065 1105 4128 domo
1136 4079 1220 4128 certe
1250 4079 1321 4126 taxe
1346 4077 1411 4125 tarn
1443 4063 1529 4142 regie

268 4169 427 4230 Maiestati
452 4189 549 4251 quam
575 4185 606 4231 et
623 4171 716 4231 nobis
732 4170 854 4232 scilicet
877 4173 1100 4234 communitati
1118 4173 1201 4233 dicte
1230 4170 1366 4234 civitatis
1390 4187 1529 4230 necnon

268 4275 439 4356 vigilatura
463 4297 480 4338 a
506 4277 599 4338 certis
630 4277 814 4360 retrolapsis
846 4279 1045 4360 temporibus
1069 4294 1099 4341 et
1131 4280 1232 4341 eciam
1265 4277 1461 4340 conducture
1486 4274 1530 4336 la·

268 4380 392 4463 pidum,
416 4384 570 4445 roborum
595 4397 626 4445 et
651 4383 786 4444 aliarum
807 4384 1064 4464 attinenciarum,
1086 4404 1149 4466 que
1174 4387 1290 4448 domus
1314 4385 1442 4446 racione
1460 4402 1530 4465 pre-

268 4487 439 4550 missorum
464 4489 504 4551 ad
530 4510 589 4551 nos
612 4489 732 4551 scilicet
760 4491 1026 4552 communitatem
1059 4492 1141 4553 dicte
1166 4492 1302 4554 civitatis
1326 4505 1373 4553 est
1396 4489 1531 4552 condes·

268 4614 361 4656 censa
385 4611 415 4658 et
439 4597 584 4673 redacta;
609 4596 683 4658 ideo
714 4597 739 4657 si
764 4611 810 4658 cst
841 4598 907 4679 ipse
934 4598 1055 4682 Symon
1081 4599 1208 4660 Italicus
1242 4599 1291 4661 hic
1316 4598 1529 4680 personaliter

268 4715 323 4764 aut
346 4723 405 4784 pro
429 4723 468 4766 eo
492 4703 609 4785 aliquis
633 4718 819 4786 procurator
843 4724 930 4782 suus,
963 4705 1018 4786 qui
1043 4706 1150 4766 veniat
1174 4719 1204 4767 et
1228 4707 1337 4766 venire
1361 4706 1475 4766 debeat
1500 4717 1530 4766 et

268 4809 436 4892 premissas
460 4823 546 4871 taxas
570 4823 601 4872 et
625 4811 687 4872 alia
711 4811 843 4872 servicia
861 4811 900 4872 de
923 4811 1035 4872 eadem
1054 4811 1152 4874 domo
1177 4813 1271 4874 nobis
1288 4827 1318 4874 et
1342 4815 1425 4874 dicte
1443 4832 1529 4874 com·

269 4917 418 4978 munitati
443 4917 607 4979 exsolvere
631 4918 756 4996 debeat,
789 4918 934 4999 alioquin
960 4937 1018 4980 nos
1050 4919 1263 4981 communitas
1288 4920 1371 4981 dicte
1395 4919 1530 4981 civitatis

269 5023 404 5085 eandem
431 5023 564 5085 domum
597 5043 655 5106 pro
688 5044 752 5085 non
785 5025 972 5107 explecione
1008 5026 1237 5107 premissorum
1270 5027 1407 5088 vendere
1439 5047 1527 5088 cura·
