3694 5782
385 547 448 608 250
749 579 752 584 .
787 527 874 586 Anno
896 522 990 603 1464.
1016 557 1056 568 -
1078 536 1111 598 9.
1135 523 1243 584 martii.

385 741 546 823 Georgius
570 739 699 801 debebit
723 738 827 820 jurare
852 735 981 820 propria
1006 736 1037 798 in
1062 755 1199 818 persona
1236 753 1301 796 non
1327 745 1459 816 propter
1484 731 1574 794 aliud
1591 730 1648 792 nisi

301 831 303 836 ⁵
383 861 513 930 propter
537 846 783 908 molestaciones
815 843 958 906 eiusdem
984 841 1116 924 Georgii
1141 839 1368 918 delowochicz,
1396 853 1427 901 et
1458 839 1484 899 si
1509 839 1577 920 ipse
1601 836 1649 918 ju-

384 954 476 1032 rabit,
500 969 575 1014 tunc
601 951 761 1034 Georgius
783 949 998 1012 Jelowochicz
1022 949 1125 1012 solvet
1148 947 1291 1030 precium
1316 946 1403 1008 illius
1427 945 1514 1007 anni.

491 1059 568 1120 Item
594 1059 676 1120 inter
699 1057 867 1118 dominum
902 1057 1083 1120 Barnabam
1115 1068 1146 1117 et
1171 1053 1372 1116 Anthonium
1405 1052 1573 1115 Termsicz
1597 1051 1643 1134 ju·

384 1166 442 1228 rati
468 1179 723 1249 prorogaverunt
748 1163 788 1224 ad
813 1163 954 1245 primum
979 1161 1134 1244 judicium
1159 1159 1365 1222 concordare.

490 1272 568 1334 Item
593 1271 686 1354 jurati
711 1269 976 1351 adjudicaverunt
1001 1268 1083 1330 inter
1108 1266 1226 1328 Radlin
1252 1281 1283 1328 et
1307 1266 1482 1328 Martinum
1507 1264 1647 1345 judicem

383 1397 554 1461 supereo,
587 1391 620 1440 ut
645 1377 711 1460 ipse
746 1376 876 1438 debebit
904 1375 1006 1453 jurare
1037 1375 1069 1436 in
1104 1393 1157 1436 ara
1189 1386 1297 1435 sancte
1321 1372 1445 1452 Crucis,
1470 1371 1559 1454 quod
1585 1371 1651 1454 ipse

383 1505 449 1546 non
474 1484 605 1546 haberet
629 1484 737 1565 aliqua
761 1503 829 1564 jura
854 1482 998 1544 eiusdem
1023 1481 1152 1543 Martini
1175 1479 1301 1562 judicis.

489 1591 566 1654 item
593 1590 783 1652 Dominicus
814 1589 919 1672 primo
951 1589 1065 1651 citatus
1088 1601 1198 1650 contra
1231 1585 1386 1648 Mathiam
1418 1585 1542 1648 dictum
1568 1585 1647 1647 Ter·

382 1717 513 1779 gowecz
538 1717 603 1759 non
631 1697 821 1780 comparuit.

464 1933 561 2008 Faria
589 1945 686 2008 sexta
716 1939 870 2026 proxima
899 1943 977 2008 ante
1014 1937 1136 2007 festum
1173 1936 1263 2006 beati
1294 1933 1446 2022 Gregorii
1476 1952 1571 2021 pape.

921 2096 965 2167 (9.
990 2091 1115 2164 martti).

490 2231 569 2294 Item
594 2231 751 2293 Martinus
774 2245 863 2293 sutor
888 2231 1018 2314 Ranych
1049 2230 1152 2292 dictus
1176 2243 1286 2292 contra
1304 2229 1440 2290 Paulum
1467 2228 1584 2289 Werin
1601 2247 1650 2288 su·

383 2353 487 2400 torem
511 2339 617 2421 primo
642 2338 755 2400 citatus
780 2358 843 2400 non
868 2339 1048 2421 comparuit
1072 2337 1103 2398 in
1129 2336 1249 2418 judicio
1274 2355 1383 2398 coram
1407 2336 1512 2397 nobis.

490 2445 569 2508 Item
594 2465 723 2508 causam
750 2447 831 2506 inter
847 2445 1016 2507 dominum
1035 2445 1216 2508 Barnabatn
1240 2444 1452 2527 presbiterum
1477 2455 1509 2505 et
1525 2442 1647 2504 Antho-

383 2551 473 2613 nium
487 2552 687 2635 Thermsych
708 2553 836 2614 racione
850 2551 1108 2634 disponsicionis,
1130 2552 1218 2632 quod
1236 2551 1303 2633 ipse
1320 2550 1473 2611 dominus
1486 2549 1648 2611 Barnabas

383 2659 583 2720 convenisset
597 2679 669 2720 curn
687 2659 802 2720 eodem
821 2659 987 2721 Anthonio
1001 2658 1088 2740 quod
1104 2659 1171 2741 ipse
1187 2658 1288 2720 libere
1302 2657 1402 2739 possit
1419 2656 1573 2734 balneari,
1591 2673 1648 2738 pro

383 2783 449 2844 quo
474 2762 558 2826 facto
584 2765 650 2846 ipse
668 2764 851 2826 Anthonius
868 2763 1069 2846 Thermsych
1095 2763 1198 2844 jurare
1215 2763 1376 2824 tenebitur
1394 2763 1425 2823 in
1450 2761 1554 2843 prima
1572 2759 1647 2823 feria

383 2883 471 2931 sexta
504 2884 576 2952 post
607 2883 752 2932 octavam
787 2870 906 2932 Pasche
938 2871 970 2932 in
1003 2889 1055 2932 ara
1087 2883 1195 2930 sancte
1227 2868 1352 2948 Crucis,
1376 2867 1466 2950 quod
1491 2868 1559 2950 ipse
1584 2887 1647 2929 non

383 2976 545 3037 consensit
570 2977 601 3037 in
634 2977 701 3059 ipsa
733 2976 971 3058 disponsicione
996 2977 1095 3058 ipsius
1127 2975 1325 3055 balneature,
1358 2988 1389 3036 et
1421 2973 1499 3036 dum
1523 2973 1647 3054 jurabit,

382 3097 458 3144 tunc
484 3082 587 3144 dictus
612 3083 774 3145 Barnabas
797 3085 959 3146 tenebitur
984 3084 1043 3166 ipsi
1069 3083 1236 3146 Anthonio
1260 3083 1385 3144 solvere
1410 3101 1468 3165 pro
1492 3101 1559 3164 quo
1584 3080 1647 3142 bal·

384 3201 495 3252 neatus
519 3204 583 3266 est;
609 3189 676 3272 ipse
700 3209 777 3252 vero
801 3189 985 3252 Anthonius
1016 3191 1131 3252 subam
1156 3190 1215 3273 ipsi
1249 3188 1383 3252 domino
1409 3189 1556 3251 Barnabe
1580 3186 1647 3249 red·

383 3295 470 3374 dere,
499 3297 632 3378 ipseque
657 3297 809 3360 dominus
833 3297 995 3359 Barnabas
1023 3297 1111 3379 quod
1135 3311 1331 3379 conquestus
1355 3310 1402 3359 est
1425 3296 1524 3378 judici
1549 3309 1579 3358 et
1602 3295 1646 3376 ju·

383 3401 459 3464 ratis
482 3400 736 3464 satisfaccionem
763 3403 968 3486 impendere;
992 3403 1032 3465 de
1064 3423 1129 3486 quo
1163 3403 1283 3484 judicio
1308 3404 1375 3486 ipse
1400 3403 1552 3465 dominus
1574 3403 1646 3464 Bar-

383 3509 482 3570 nabas
507 3527 571 3569 non
597 3523 766 3572 contentus
789 3510 829 3571 ad
852 3510 997 3573 seniores
1020 3510 1196 3593 appellavit
1219 3510 1350 3592 judices.

490 3615 567 3676 Item
592 3635 721 3677 causam
747 3616 829 3678 inter
853 3615 1019 3678 dominam
1044 3617 1192 3680 Vrsulam
1215 3617 1357 3679 relictam
1376 3615 1590 3680 wathironis
1617 3629 1647 3677 et

383 3723 539 3784 Jacobum
565 3721 693 3784 racione
718 3723 916 3805 recepcionis
937 3735 1039 3806 porte,
1061 3723 1199 3785 Jacobus
1223 3723 1409 3786 terciusmet
1432 3721 1537 3804 jurare
1561 3737 1646 3784 tene-

383 3829 467 3891 bitur
492 3830 522 3890 in
549 3849 602 3890 ara
625 3842 734 3890 sancte
751 3829 865 3892 Crucis
889 3828 967 3892 feria
991 3843 1077 3892 sexta
1095 3843 1167 3912 post
1191 3843 1337 3892 octavam
1360 3829 1480 3892 Psscbe
1504 3829 1647 3907 Domini,

383 3936 472 4018 quod
497 3936 564 4018 ipsa
589 3949 679 4018 porta
704 3932 764 3998 fuit
796 3949 920 4019 portata
952 3955 1008 4018 per
1032 3935 1205 3998 drabantos
1236 3935 1277 3997 ad
1301 3936 1435 3997 domurn
1461 3955 1551 3997 suam
1575 3947 1647 3998 aute

383 4043 503 4105 exitum
528 4042 717 4104 eorumdem
743 4042 984 4122 drabantorum,
1004 4057 1035 4105 et
1058 4043 1136 4104 dum
1153 4041 1282 4123 jurabit,
1305 4056 1382 4105 tunc
1406 4041 1541 4104 reddere
1557 4055 1645 4104 teue-

383 4149 468 4211 bitur
492 4149 627 4212 eandem
653 4164 778 4231 portam
804 4149 908 4210 eidem
934 4149 1065 4211 domine
1090 4148 1215 4212 Vrsule.

490 4256 568 4318 ltenr
591 4256 684 4336 jurati
718 4255 984 4336 adjudicaverunt
1017 4275 1146 4318 causam
1178 4256 1260 4318 inter
1284 4255 1440 4318 Mathiam
1467 4256 1647 4339 Spilwsych

383 4373 414 4423 et
437 4362 606 4423 dominum
640 4361 831 4442 Barnabam,
863 4361 952 4444 quod
985 4362 1137 4425 dominus
1169 4363 1332 4424 Barnabas
1359 4361 1464 4444 jurare
1487 4362 1648 4426 tenebitur

383 4467 461 4532 feria
485 4483 571 4530 sexta
595 4482 667 4551 post
691 4483 837 4532 octavam
867 4469 987 4533 Pascbe
1003 4471 1128 4532 domini
1154 4471 1185 4532 in
1203 4490 1257 4532 ara
1281 4485 1389 4532 sancte
1414 4469 1529 4533 Crucis
1545 4471 1646 4533 solus-

382 4588 458 4653 met,
483 4575 570 4656 quod
597 4575 663 4658 ipse
688 4576 787 4638 nichil
812 4577 973 4657 obligatur
1007 4578 1112 4640 eidem
1138 4576 1269 4656 Mathis,
1294 4597 1353 4640 nec
1377 4577 1510 4659 aliquod
1535 4577 1645 4640 vinum

382 4701 439 4742 seu
463 4696 603 4744 mustum
629 4682 819 4747 conducere.

491 4789 567 4850 Item
593 4809 719 4851 causam
744 4790 826 4852 inter
851 4789 1041 4852 Michaelem
1075 4790 1288 4853 baccalarium
1321 4803 1353 4853 et
1377 4791 1522 4853 Marcum
1546 4789 1645 4854 carni·

382 4892 475 4956 ficem
501 4893 726 4978 Gurakowych
751 4897 879 4958 racione
913 4896 1080 4958 cuiusdam
1104 4897 1248 4960 mortarii
1273 4897 1378 4976 ferrei,
1402 4897 1497 4979 jurati
1522 4897 1643 4981 adjudi-

384 5014 547 5081 caverunt,
564 5000 653 5083 quod
671 5001 812 5084 prefatus
830 5001 968 5066 Michael
986 5003 1182 5066 baccalarius
1198 4999 1276 5066 feria
1300 5017 1387 5068 sexta
1403 5019 1477 5087 post
1501 5019 1642 5068 octavam
