3852 5814
624 559 711 616 Anno
735 555 826 636 1478.
852 592 893 602 -
917 555 968 620 18.
994 560 1153 620 decembris.
1454 561 1513 640 481

377 666 387 671 ,
396 665 546 671 —-—.-
552 665 680 670 —--—--

318 795 411 868 Feria
441 805 537 868 sexta
574 796 725 886 proxima
756 805 833 866 ante
861 796 982 868 festum
1021 796 1109 868 beati
1138 797 1262 869 Thone
1291 797 1447 887 apostoli.

747 947 814 1028 (18.
838 949 1014 1020 decembris).

362 1091 446 1165 Quia
472 1092 562 1152 litere
586 1111 681 1172 super
706 1091 860 1172 (h)ortum
885 1091 993 1152 relicte
1012 1092 1148 1152 condam
1177 1091 1274 1153 Bella
1300 1093 1463 1174 perierunt
1488 1106 1518 1154 et

254 1197 292 1257 ad
317 1197 432 1258 trinam
459 1196 619 1258 forensem
649 1198 813 1279 publicam
840 1198 1129 1279 proclamacionem
1149 1198 1277 1259 easdem
1295 1200 1432 1281 reperire
1451 1219 1516 1261 non

254 1317 439 1385 potuerunt,
463 1307 574 1381 (deest).

361 1409 439 1471 Item
466 1409 548 1470 livan
574 1425 663 1470 sutor
688 1411 718 1471 in
744 1410 863 1490 judicio
896 1431 961 1472 non
987 1412 1166 1493 comparuit
1191 1413 1296 1494 primo
1321 1413 1359 1474 ad
1386 1412 1514 1474 citacio·

256 1535 328 1576 nem
356 1516 495 1577 Emerici
523 1515 728 1578 Bahahwricz
757 1517 842 1578 dicti.

360 1621 439 1683 Item
465 1641 593 1683 causam
613 1623 694 1684 inter
720 1623 919 1704 Stephanum
938 1625 1087 1684 marisam
1114 1637 1144 1684 et
1161 1625 1243 1685 inter
1267 1625 1436 1686 mulierem
1454 1624 1518 1686 Jal-

255 1729 371 1790 siczam
397 1729 514 1789 dictam
541 1728 668 1790 racione
686 1729 901 1810 quorumdam
925 1749 1095 1810 peccorum
1113 1731 1258 1811 quinque
1276 1730 1369 1810 jurati
1394 1729 1518 1810 adjudi-

257 1851 419 1912 caverunt,
444 1835 531 1915 quod
558 1835 642 1895 idem
669 1834 800 1896 Jalsicza
833 1835 928 1897 dehet
952 1835 1054 1916 jurare
1087 1855 1245 1917 supereo
1270 1835 1433 1898 terciamet
1457 1835 1518 1896 sibi

254 1942 423 2020 similibus,
448 1941 537 2022 quod
563 1941 647 2002 idem
674 1941 855 2024 Stephanus
876 1942 991 2002 marisa
1017 1941 1194 2002 nonhabet
1218 1961 1276 2003 nec
1302 1941 1438 2003 multum
1458 1960 1516 2003 nec

254 2071 387 2132 parvum
421 2051 608 2132 porcionem
640 2050 671 2110 in
705 2050 768 2112 illis
800 2051 1006 2132 peccoribus;
1037 2063 1068 2111 et
1106 2050 1181 2130 quia
1214 2049 1298 2110 idem
1336 2048 1517 2132 Stephanus

257 2157 383 2219 nullum
407 2157 629 2218 testimonium
664 2157 840 2238 producere
872 2157 976 2238 potuit
1000 2171 1030 2217 et
1058 2176 1115 2217 nec
1147 2157 1250 2218 voluit
1273 2177 1305 2217 se
1329 2156 1458 2218 credere
1483 2156 1515 2217 in

254 2265 476 2338 testimonium
502 2264 534 2324 in
559 2265 690 2345 proprie
715 2265 824 2325 uxoris
848 2283 915 2325 sue.

364 2370 440 2431 Item
466 2389 594 2431 causam
620 2369 701 2430 inter
725 2369 890 2431 Andream
919 2370 959 2431 de
985 2369 1150 2430 Kralewcz
1183 2381 1213 2430 et
1237 2368 1407 2430 Nicolaum
1433 2369 1518 2430 Vite-

257 2497 330 2558 sycz
354 2496 389 2536 ac
415 2475 556 2536 Blasium
583 2475 764 2559 Ztenyczky
796 2475 926 2537 racione
959 2476 1054 2536 unius
1078 2475 1166 2557 porci
1199 2473 1291 2554 jurati
1316 2474 1518 2554 adjudicave-

257 2597 340 2660 runt,
365 2582 452 2664 quod
478 2581 564 2644 idem
590 2583 736 2642 Andreas
761 2582 856 2643 debet
880 2583 983 2664 jurare
1001 2581 1177 2644 solusmeth
1203 2581 1234 2642 in
1260 2581 1392 2642 ecclesia
1417 2582 1520 2642 sancti

258 2689 354 2750 Marci
382 2691 411 2750 in
438 2710 490 2750 ara
513 2702 619 2750 sancte
652 2689 765 2751 Crucis
797 2710 891 2771 super
921 2709 970 2766 eo,
1003 2689 1091 2770 quod
1116 2708 1211 2750 verus
1242 2707 1358 2770 porcus
1382 2687 1436 2749 ille
1461 2686 1520 2749 luit

256 2815 331 2856 suus
356 2810 386 2856 et
410 2815 467 2877 pro
502 2810 620 2876 quanta
654 2814 802 2877 sumpma
837 2796 973 2878 pecunie
1005 2793 1075 2873 fuit,
1107 2794 1210 2875 jurare
1243 2794 1348 2872 debet,
1374 2807 1404 2855 et
1435 2807 1519 2875 post-

257 2921 353 2982 quam
386 2901 599 2982 iuramentum
633 2921 727 2962 suum
762 2901 955 2983 deposuerit,
986 2915 1062 2962 tunc
1092 2901 1158 2982 ipse
1192 2900 1313 2961 Miliula
1340 2914 1370 2960 et
1395 2899 1519 2960 Blasius

257 3009 438 3090 Ztenyczlty
464 3007 519 3068 filii
545 3009 673 3070 Andree
699 3008 883 3089 persolvant
907 3028 1040 3089 porcum
1067 3021 1096 3069 et
1125 3007 1220 3089 judex
1247 3007 1334 3068 dabit
1359 3007 1435 3088 ipsis
1458 3019 1519 3067 ter-

256 3113 378 3174 minum
405 3113 591 3174 solutionis.

362 3219 437 3280 ltem
464 3239 591 3279 causam
619 3220 699 3280 inter
724 3219 887 3280 Thomam
916 3219 1089 3300 agricolam
1123 3233 1153 3280 et
1180 3219 1306 3278 Petrum
1333 3217 1444 3278 Plusar
1469 3237 1516 3279 ra·

255 3326 347 3386 cione
373 3326 539 3386 cuiusdam
558 3326 650 3386 bovis
666 3326 758 3406 jurati
778 3325 1054 3407 adjudicaverunt,
1068 3327 1155 3406 quod
1175 3325 1259 3385 idem
1278 3326 1389 3386 Petrus
1408 3325 1518 3386 Plusar

254 3434 351 3494 debet
375 3433 478 3512 jurare
503 3452 599 3512 super
624 3452 672 3510 eo,
699 3433 785 3512 quod
811 3433 870 3493 sibi
896 3453 954 3515 pro
980 3434 1123 3515 dampno
1149 3433 1234 3493 illius
1259 3452 1321 3492 non
1348 3431 1520 3513 assumpsit

255 3560 312 3600 nec
337 3554 382 3600 est
406 3539 576 3620 culpabilis
601 3543 630 3598 in
657 3539 726 3618 ipso
752 3540 834 3599 bove
859 3539 1038 3620 quitquam.

360 3647 437 3708 Item
463 3666 590 3706 causam
625 3647 706 3706 inter
731 3646 894 3707 Thomam
921 3646 1133 3706 Ztruzkouicz
1168 3659 1197 3706 et
1222 3644 1414 3726 Gregorium
1440 3645 1519 3706 alias

256 3751 393 3830 juratum
430 3754 558 3814 racione
595 3751 810 3833 quorumdam
847 3752 1069 3812 clenodiorum
1107 3751 1200 3832 jurati
1241 3751 1517 3831 adjudicaverunt,

255 3859 340 3920 idem
368 3859 543 3940 Gregorius
569 3859 664 3920 debet
680 3859 783 3940 jurare
808 3879 903 3940 super
929 3877 977 3935 eo,
1003 3859 1091 3939 quod
1118 3859 1182 3940 ipse
1208 3859 1261 3919 illa
1287 3859 1436 3919 clenodia
1454 3878 1518 3919 non

254 3964 386 4026 reclusit
410 3979 439 4026 et
464 3986 521 4027 nec
546 3979 592 4027 est
616 3966 762 4026 conscius
780 3984 837 4025 nec
862 3965 998 4025 multum
1016 3985 1073 4026 nec
1097 3985 1229 4046 parvurn
1254 3979 1288 4024 ut
1313 3963 1446 4026 luissent
1464 3965 1518 4026 illa

254 4071 403 4132 clenodia
428 4071 514 4152 apud
540 4069 668 4155 fratrem
701 4090 812 4146 suum;
848 4071 931 4131 idem
958 4071 1053 4131 debet
1076 4071 1179 4150 jurare
1211 4090 1369 4152 supereo
1396 4071 1426 4131 in
1453 4090 1519 4132 ma·

256 4178 350 4238 nibus
374 4177 489 4258 judicis
526 4177 613 4257 quod
639 4177 707 4257 ipse
732 4196 796 4237 non
830 4177 987 4238 laboravit
1012 4196 1084 4237 cum
1118 4177 1186 4257 ipso
1211 4176 1351 4254 Thoma,
1377 4197 1435 4239 nec
1459 4177 1519 4238 sibi

255 4283 416 4364 obligatur
440 4303 498 4344 nec
523 4281 661 4343 multum
687 4303 744 4343 nec
769 4303 902 4364 parvum
928 4297 958 4343 et
983 4303 1040 4344 nec
1062 4297 1107 4344 est
1132 4283 1277 4344 conscius
1302 4283 1333 4344 in
1361 4282 1423 4343 illis
1440 4303 1517 4364 qua·

254 4403 326 4451 tuor
351 4405 381 4450 et
405 4390 511 4451 media
536 4391 643 4471 pensis
673 4389 889 4452 denariorum.

360 4495 438 4556 ltem
471 4515 597 4556 causam
634 4495 715 4556 inter
747 4495 890 4556 relictam
924 4497 1146 4578 Mryzlepycza
1180 4511 1210 4558 et
1243 4497 1339 4557 aliam
1375 4496 1517 4556 relictam

255 4602 452 4663 Herihouicz
478 4601 595 4662 dictam
629 4602 755 4662 racione
789 4603 1027 4683 possessionum
1060 4603 1091 4662 in
1124 4623 1183 4663 suo
1207 4615 1398 4663 testamento
1424 4599 1519 4680 laem,

257 4709 350 4789 jurati
378 4708 654 4789 adjudicaverunt,
680 4709 783 4789 ipsum
809 4722 1033 4769 testamentum
1063 4707 1253 4769 confirmant
1277 4722 1306 4768 et
1332 4727 1389 4768 nec
1414 4709 1519 4789 ipsum

255 4829 482 4876 testamentum
500 4815 641 4896 judicare
655 4815 769 4876 volunt
786 4815 861 4896 quia
875 4815 995 4895 judices
1009 4816 1095 4876 illius
1111 4813 1293 4876 testamenti
1309 4813 1375 4874 fieri
1393 4813 1518 4874 nolunt.

361 4921 438 4982 Item
465 4941 591 4983 causam
618 4921 699 4982 inter
725 4920 860 4982 Paulum
894 4922 1084 4982 modernum
1110 4918 1251 5000 judicem
1277 4935 1307 4981 et
1333 4919 1517 5000 Philippum

254 5028 381 5088 racione
406 5029 571 5090 cuiusdam
607 5029 693 5090 bladi
726 5027 819 5107 jurati
852 5027 1126 5108 adjudicaverunt,
1158 5027 1246 5107 quod
1282 5027 1367 5087 idem
1402 5025 1518 5086 Paulus

1413 5136 1478 5213 3¹„
