3738 5786
596 509 799 591 Ana01456.
824 546 866 556 —
887 527 920 588 9.
945 515 1058 588 aprilis.

562 726 639 788 Item
666 727 813 789 Thomas
837 724 978 808 lrenIpar
1002 725 1128 807 longus.

562 833 640 896 Item
666 834 813 895 Andreas
837 831 988 916 lreuipsr.

561 939 638 1003 Item
663 939 827 1002 Iohannes
849 937 1004 1021 gurthler.

561 1047 638 1108 Item
664 1046 812 1130 Mathyss
836 1045 1022 1129 waarych.

559 1154 638 1216 Item
664 1153 775 1215 Petrus
800 1151 1000 1215 Mechotreb.

559 1260 638 1323 Item
663 1259 782 1322 Paulus
806 1257 957 1322 carnifex.

560 1367 636 1429 Item
664 1367 831 1430 Emericus
855 1365 895 1428 de
920 1365 1099 1448 Zepnycza.

560 1473 639 1534 Item
663 1471 797 1556 Mykula
822 1470 999 1555 Jagodych.

561 1579 639 1642 Item
664 1578 809 1640 Andreas
832 1597 921 1640 rasor
944 1596 1138 1660 pannorum.

561 1687 639 1749 Item
665 1686 807 1748 Briccius
830 1699 930 1749 sutor.

560 1793 639 1854 Item
665 1793 818 1855 Clemens
842 1805 931 1853 sutor
956 1790 1098 1854 Kechlta.

561 1899 639 1962 Item
665 1899 872 1962 Sebastianus
896 1911 995 1962 sutor.

563 2009 640 2070 Item
666 2007 834 2090 Philippus
857 2021 958 2069 sutor.

561 2113 639 2177 Item
665 2113 854 2175 Franciscus
877 2127 976 2176 sutor.

292 2310 374 2374 Item
399 2307 513 2392 prelati
540 2305 710 2370 Conradus
733 2305 829 2386 judex
854 2319 885 2368 et
909 2307 1002 2388 jurati
1031 2327 1067 2370 ac
1091 2305 1265 2368 consiliarii
1291 2323 1362 2367 cum
1381 2323 1456 2365 con·

190 2437 281 2479 sensu
304 2429 336 2478 et
361 2415 557 2477 admissione
591 2433 626 2476 ac
650 2413 796 2475 unanimi
829 2432 865 2474 ac
893 2413 1045 2475 concordi
1074 2412 1239 2474 voluntate
1261 2430 1296 2472 ac
1328 2410 1456 2471 decreto

192 2525 289 2586 tocius
318 2521 560 2585 communitatis
588 2521 697 2582 omnia
722 2520 848 2582 decreta
865 2533 896 2582 et
919 2533 1035 2582 statuta
1051 2533 1116 2581 tam
1142 2519 1174 2580 in
1199 2517 1339 2602 presenti
1357 2535 1454 2598 quam

192 2630 222 2690 io
252 2628 395 2710 antiquis
418 2626 558 2688 katernis
580 2638 729 2689 contenta
755 2637 786 2688 et
811 2625 999 2708 conscripta,
1024 2625 1131 2707 quoad
1157 2643 1271 2686 omnes
1294 2623 1456 2710 articulos,

192 2751 304 2818 puncta
332 2747 363 2797 et
388 2733 547 2796 clausulas
571 2733 759 2796 eorumdem
781 2745 971 2794 statutorum
990 2745 1021 2794 et
1045 2731 1246 2794 decretorum
1273 2750 1328 2812 per
1351 2743 1455 2792 totum

193 2861 307 2904 anuum
333 2839 490 2923 presentis
521 2839 679 2920 judicatus
711 2839 811 2922 ipsius
844 2838 988 2901 Conradi
1012 2837 1127 2920 judicis
1151 2851 1182 2900 et
1222 2849 1456 2918 consequenter

192 2968 226 3010 ac
242 2949 395 3030 deinceps
411 2946 480 3029 jure
497 2959 653 3030 perpetuo
671 2959 702 3008 et
720 2945 971 3008 Irrevocabiliter
988 2943 1217 3006 confirmarunt
1235 2963 1361 3026 semper
1378 2942 1455 3003 vali-

192 3068 258 3117 tura
282 3069 313 3118 et
337 3054 471 3117 firmiter
495 3051 705 3116 observanda.

257 3291 351 3366 Ieria
380 3301 481 3365 sexta
510 3295 666 3382 proxima
691 3299 769 3381 post
796 3291 922 3363 leston
950 3291 1040 3362 beati
1070 3291 1205 3380 Mathye
1234 3289 1391 3379 apostoli.

691 3443 756 3524 (27.
773 3443 953 3522 februarii).

299 3587 375 3650 Item
396 3585 541 3648 Andreas
565 3597 667 3648 sartor
682 3603 781 3666 gener
798 3583 953 3646 Iohannis
977 3584 1092 3666 judicis
1108 3597 1218 3646 contra
1243 3583 1453 3646 Valentinum

194 3695 398 3756 tributarium
423 3693 528 3776 primo
553 3692 666 3754 citatus
691 3710 757 3753 non
782 3691 971 3773 comparuit.

414 3928 512 4004 lesia
540 3936 639 4002 sexta
667 3937 744 4018 post
772 3936 928 4002 octavam
958 3929 1062 4002 Pasce
1090 3929 1232 4000 Domini.

724 4083 768 4158 (9·
793 4084 919 4159 apsilis).

298 4224 374 4288 Item
398 4224 569 4308 Philippus
593 4236 682 4287 sutor
713 4237 824 4286 contra
856 4223 1000 4286 Blasium
1025 4237 1166 4286 sutorem
1200 4224 1305 4306 primo
1339 4223 1452 4286 citatus

194 4350 261 4392 non
285 4332 472 4415 comparuit.
626 4313 629 4320 ¹

300 4437 374 4501 Item
401 4437 548 4500 Thomas
564 4437 686 4518 juratus
704 4437 839 4500 Cheden
856 4449 966 4498 contra
985 4438 1129 4500 Marcum
1148 4437 1330 4500 carnificem
1347 4437 1453 4519 primo

195 4543 306 4605 citatus
327 4565 393 4606 non
418 4545 608 4627 comparuit.

300 4650 375 4714 Item
412 4650 499 4714 idem
535 4651 682 4714 Thomas
717 4650 838 4733 juratus
878 4619 988 4714 chatra
1025 4651 1219 4734 Gregorium
1259 4649 1453 4733 lreniparem

196 4753 348 4838 Bdudych
372 4757 480 4841 primo
505 4758 618 4820 citatus
642 4777 707 4819 non
732 4759 924 4840 comparuit.

302 4863 376 4926 Item
412 4863 500 4927 idem
536 4864 681 4926 Thomas
716 4863 836 4946 juratus
874 4878 983 4928 contra
1024 4865 1223 4928 Anthonium
1263 4863 1451 4948 Oprasnych

196 4967 302 5050 prImo
323 4971 434 5034 citatus
458 4991 523 5032 non
547 4971 736 5053 comparuit.
