3838 5786
656 543 853 618 Ann01471.
877 573 921 584 -
945 557 990 602 11.
1008 543 1159 616 januan'r'.
1471 561 1535 622 379

275 752 518 815 Mathwhawser
542 753 737 833 obligantur,
761 753 953 830 asserebant,
978 772 1034 834 per
1058 751 1178 832 juratos
1202 752 1418 834 adjudicatam
1443 770 1473 816 et
1499 755 1538 816 ad

273 879 331 921 nos
364 860 507 921 seniores
531 879 587 942 per
618 858 749 920 eosdem
782 859 906 919 vicinos
939 858 1083 919 eiusdem
1116 857 1206 920 fundi
1241 860 1280 920 ad
1310 879 1368 921 nos
1397 861 1540 923 seniores

273 966 467 1048 appellatam
493 965 627 1048 judices,
644 966 751 1028 taliter
768 966 961 1043 invenimus,
986 967 1074 1047 quod
1094 966 1153 1048 ipsi
1174 967 1298 1029 Blasius
1325 982 1355 1030 et
1379 967 1541 1030 lohannes

273 1072 395 1154 judices
423 1073 601 1156 juramenta
619 1072 746 1134 solimet
763 1085 902 1155 prestare
919 1073 1115 1134 tenebuntur
1139 1087 1296 1154 quantum
1314 1073 1434 1136 eisdem
1452 1074 1538 1136 idem

273 1179 410 1241 condam
445 1177 703 1241 Mathanbawser
733 1178 955 1259 obligabatur3
988 1191 1019 1240 et
1043 1178 1120 1240 dum
1152 1179 1320 1259 jurabunt,
1353 1193 1428 1243 tunc
1460 1180 1538 1262 ipsis

273 1285 472 1364 admisimus,
498 1285 586 1367 quod
611 1304 708 1366 quarn
733 1284 821 1366 prius
845 1297 932 1345 taxas
949 1284 1052 1365 regias
1076 1298 1107 1345 et
1132 1286 1373 1348 communitatis
1398 1285 1437 1348 de
1463 1287 1539 1368 ipsis

273 1390 382 1452 lundis
406 1405 437 1453 et
461 1392 522 1452 alia
548 1391 680 1452 servicia
704 1390 829 1452 solvere
850 1392 1056 1470 tenebuntur,
1081 1404 1112 1452 et
1129 1391 1204 1473 ipsis
1221 1391 1392 1474 persolutis
1416 1393 1455 1453 de
1472 1413 1538 1454 am·

274 1497 378 1560 bobus
402 1496 510 1558 lundis
543 1497 643 1580 ipsius
675 1495 903 1558 Mathohauser
927 1497 958 1558 in
994 1497 1077 1559 dicta
1108 1499 1235 1560 civitate
1267 1497 1384 1560 habitis
1415 1499 1537 1581 procla·

273 1625 360 1666 mare
387 1605 427 1666 ad
453 1604 584 1666 eosdem
610 1602 728 1665 lundos
752 1617 783 1665 et
807 1603 957 1682 vendere,
982 1617 1013 1664 et
1039 1605 1210 1686 peccunias
1234 1603 1412 1686 superfluas
1436 1618 1466 1666 et
1490 1625 1537 1666 re·

273 1711 381 1772 siduas
405 1711 487 1772 inter
511 1731 544 1772 se
577 1711 739 1786 dividere3
773 1725 804 1772 et
834 1711 859 1771 si
892 1711 1031 1773 vendere
1059 1711 1190 1773 eosdem
1225 1710 1343 1773 fundos
1368 1727 1398 1774 et
1423 1711 1539 1773 domos

272 1818 411 1879 vendere
436 1837 501 1879 non
526 1817 659 1899 possint,
691 1829 806 1878 extunc
830 1817 961 1878 eosdem
996 1818 1133 1880 interae
1160 1818 1316 1898 dividere,
1352 1820 1394 1880 ita
1419 1833 1537 1896 tamen,

271 1924 359 2007 quod
386 1925 445 2007 ipsi
471 1924 596 1985 Blasius
628 1937 658 1984 et
689 1922 851 1984 lohannes
881 1922 1001 2005 judices
1034 1924 1153 1986 ibidem
1186 1923 1324 2006 (hlorrea
1365 1944 1536 2007 preparare

271 2051 336 2092 non
362 2031 545 2108 debebunt;
569 2031 594 2092 si
618 2045 726 2092 autem
750 2049 808 2113 pro
827 2029 940 2092 maiori
966 2031 1074 2113 precio
1098 2031 1323 2111 venderentur,
1348 2031 1436 2113 quod
1460 2045 1536 2093 tunc

270 2137 522 2220 superfluitatem
540 2137 767 2220 peccuniarum
791 2138 1027 2216 communitati,
1052 2157 1110 2219 pro
1127 2158 1190 2219 qua
1208 2138 1432 2217 venderentur,
1457 2137 1536 2200 dare

271 2247 476 2308 tenebuntur.
502 2245 542 2306 Et
573 2243 677 2324 jurare
711 2245 906 2305 tenebuntur
939 2243 1041 2325 prima
1073 2242 1151 2305 feria
1182 2259 1267 2306 sexta
1300 2258 1372 2327 post
1396 2243 1535 2327 Epipha-

272 2351 398 2412 niarum
431 2351 463 2412 in
496 2371 548 2412 ara
581 2363 688 2411 sancte
722 2349 836 2411 Crucis
867 2350 899 2410 in
932 2349 1065 2412 ecclesia
1097 2364 1204 2413 nostra
1237 2350 1409 2433 parochiali
1435 2350 1535 2412 sancti

273 2457 370 2519 Marci
396 2457 612 2537 ewangeliste.

272 2673 367 2748 laria
396 2687 494 2748 sexta
523 2679 678 2766 proxima
716 2685 794 2766 post
830 2678 952 2748 festum
981 2678 1071 2748 beati
1102 2677 1199 2749 Pauli
1228 2681 1327 2767 primi
1358 2677 1534 2764 Heremlte,

707 2803 859 2889 proxime
886 2799 1096 2890 preteritum.

669 2955 727 3030 (11.
743 2955 894 3031 januarii,
918 2975 988 3015 ann.
1016 2956 1117 3034 1471).

377 3095 454 3156 ltem
474 3095 636 3156 lohannes
653 3094 748 3173 judex
771 3095 898 3172 Bolsak,
915 3095 1022 3156 senior
1038 3095 1133 3176 judex
1150 3095 1286 3158 civitatis
1303 3095 1434 3178 prefate,
1452 3095 1533 3176 jura·

271 3215 417 3263 mentum
450 3221 509 3282 pro
541 3201 651 3263 debito
684 3201 819 3262 condam
852 3199 1017 3262 Michaelis
1051 3201 1314 3281 Mathonhauser‚
1339 3221 1404 3283 quo
1429 3202 1533 3264 eidem

270 3309 475 3389 obligabatur
497 3306 648 3369 videlicet
672 3327 789 3369 novem
815 3321 846 3370 et
871 3308 979 3369 medio
1004 3307 1085 3388 lior,
1109 3321 1204 3390 prout
1228 3309 1288 3370 sibi
1313 3329 1369 3392 per
1393 3309 1535 3370 seniores

271 3412 391 3493 judices
416 3413 634 3494 adjudicatum
660 3411 729 3492 luit,
755 3414 913 3495 deposuit.
943 3403 946 3410 ’

376 3519 454 3582 ltem
479 3540 517 3582 ex
541 3519 737 3582 admissione
761 3520 922 3580 seniorum
949 3519 1091 3598 judicum
1110 3520 1326 3600 juramentum
1349 3523 1437 3603 quod
1462 3522 1533 3584 Bla-

268 3627 333 3688 sius
357 3625 568 3709 Ztoymylych
605 3627 711 3687 senior
728 3625 822 3706 judex
849 3647 905 3706 pro
928 3625 1038 3687 debito
1056 3647 1123 3708 quo
1149 3629 1255 3690 eidem
1281 3627 1365 3690 idem
1395 3629 1532 3690 condam

270 3731 530 3794 Mathonhawser
553 3733 761 3812 obligaretur,
786 3733 919 3794 sabbato
941 3733 1085 3813 proxime
1109 3749 1181 3795 ante
1206 3735 1321 3795 lestum
1340 3735 1423 3796 beati
1442 3735 1532 3796 Pauli

268 3838 364 3920 primi
398 3837 582 3918 Heremlte,
615 3839 759 3919 proxime
792 3839 990 3920 preteritum,
1015 3839 1164 3900 videlicet
1196 3861 1253 3921 pro
1289 3841 1531 3922 quatuordecim

269 3943 367 4004 luntis
390 3943 596 4005 denariorum
621 3945 770 4025 deposuit
795 3957 828 4005 ut
852 3943 975 4007 debuit.

377 4050 453 4112 ltem
480 4070 606 4112 causam
641 4052 722 4111 inter
747 4049 924 4132 Georgium
959 4070 1131 4132 preconem
1164 4067 1270 4113 nostre
1295 4053 1533 4114 communitatis

269 4169 298 4217 et
324 4157 405 4217 inter
431 4157 549 4218 Lucam
568 4171 720 4218 sartorem
740 4157 902 4234 claudum,
923 4157 1088 4218 concivem
1107 4171 1262 4235 nostrum,
1286 4177 1321 4218 ac
1340 4158 1419 4219 inter
1445 4159 1532 4220 Con·

268 4261 382 4323 radum
419 4263 550 4323 Rawsar
581 4262 774 4324 modernum
819 4261 958 4342 judicem
996 4282 1032 4324 ac
1064 4277 1137 4324 octo
1171 4263 1290 4342 juratos
1321 4265 1531 4345 supradictos,

268 4380 378 4428 contra
410 4386 506 4448 quem
540 4369 606 4450 ipse
632 4367 792 4449 Georgius
824 4388 920 4450 preco
954 4390 989 4430 ex
1022 4369 1249 4431 commissione
1274 4371 1388 4452 judicis
1412 4384 1442 4431 et
1466 4376 1530 4432 An·

267 4473 370 4534 thonii
396 4473 597 4556 Thermsych
616 4475 728 4536 decani
754 4475 881 4536 racione
909 4475 1078 4555 vigilature
1103 4496 1200 4556 quam
1220 4477 1286 4558 ipse
1313 4478 1414 4538 Lucas
1430 4491 1531 4540 sartor

268 4579 299 4639 in
324 4593 410 4640 turre
434 4581 534 4640 sancti
559 4580 658 4642 Marci
684 4599 835 4662 peragere
861 4580 1009 4660 debebat,
1033 4595 1064 4643 et
1092 4583 1151 4642 sibi
1178 4582 1263 4643 idem
1289 4581 1384 4662 judex
1410 4597 1440 4644 et
1464 4588 1530 4643 An-

267 4683 400 4746 thonius
424 4685 564 4747 decanus
589 4686 718 4747 vadium
745 4687 885 4768 recipere
910 4688 1147 4765 commiserant,
1180 4703 1210 4751 et
1234 4690 1311 4750 dum
1337 4690 1402 4772 ipse
1428 4689 1530 4750 Geor·

267 4773 338 4852 gius
362 4773 403 4834 ad
438 4774 541 4856 ipsum
575 4774 704 4836 vadium
738 4775 957 4857 recipiendum
991 4777 1071 4837 circa
1103 4777 1205 4859 ipsum
1241 4779 1358 4839 Lucam
1391 4797 1529 4839 unacum

268 4881 421 4942 consocio
452 4900 510 4942 auo
543 4881 725 4960 advenerat,
754 4897 830 4943 tunc
863 4881 929 4963 ipse
964 4882 1064 4942 Lucas
1097 4883 1227 4943 vadium
1259 4882 1363 4943 eidem
1389 4884 1529 4965 recipere

269 5003 333 5047 nnn
359 4987 489 5049 admisit
512 4987 566 5050 sed
593 4987 732 5050 eundem
751 4987 928 5070 Georgium
950 5001 1061 5070 arepto
1078 4989 1192 5050 baculo
1218 4987 1355 5050 eundem
1374 4988 1529 5051 dedomo
