3738 5786
593 593 680 650 Anno
702 603 791 670 1457.
815 625 860 637 -
881 605 933 669 29.
949 594 1034 670 felii.
1388 609 1446 674 ¹²9

177 804 274 885 vulgo
292 817 467 887 preztycza
491 803 609 865 dictam
626 815 658 865 et
685 803 751 865 duo
781 803 994 886 manutergia,
1019 821 1083 886 que
1107 803 1181 866 licet
1197 817 1327 886 propter
1344 804 1448 886 ipsum

180 908 299 972 lurtum
323 910 481 992 suspendi
504 910 677 990 debuisset,
708 923 816 973 tamen
849 909 1069 972 misericordia
1102 910 1194 988 moti,
1217 909 1320 993 ipsam
1351 909 1449 992 virgis

179 1016 314 1080 lecimus
338 1018 477 1101 turpiter
500 1017 614 1079 cedere
638 1032 669 1079 et
693 1017 733 1078 de
758 1017 886 1079 civitate
910 1017 1045 1100 turpiter
1069 1017 1228 1099 expellere
1253 1015 1398 1095 lecimus,
1415 1029 1451 1079 ut

179 1125 218 1186 ad
242 1126 408 1187 civitatem
434 1138 465 1187 et
489 1125 557 1188 eiua
579 1126 777 1188 territorium
801 1125 842 1188 de
866 1140 973 1188 cetero
997 1145 1063 1188 non
1093 1125 1209 1190 debeat
1233 1125 1361 1204 intrare,
1385 1142 1449 1207 que

179 1232 204 1292 si
228 1232 268 1293 de
292 1245 402 1293 cetero
426 1232 460 1293 in
484 1231 611 1293 civitate
637 1231 759 1294 eteius
783 1232 945 1294 territorio
976 1245 1124 1316 repperts
1148 1231 1255 1311 fuerit,
1279 1230 1366 1314 juxte
1390 1251 1448 1294 aua

180 1338 337 1401 demerita
361 1337 523 1420 punietur.

285 1445 366 1508 ltem
383 1445 528 1528 predicta
552 1462 643 1506 soror
659 1443 783 1526 Agathe
800 1445 945 1508 mulieris
962 1445 1104 1508 secundo
1129 1445 1169 1508 ad
1194 1444 1449 1528 comparendum

180 1565 226 1614 est
250 1552 460 1634 proclamata.

296 1751 394 1826 Faria
422 1763 520 1826 sexta
549 1757 704 1844 proxima
733 1761 811 1827 ante
838 1755 961 1826 festum
989 1761 1106 1827 sancte
1134 1754 1328 1827 Trinitatis.

721 1909 784 1984 (ιο.
798 1908 907 1986 junia).

286 2050 364 2112 ltem
390 2048 512 2132 prelata
536 2069 627 2112 soror
652 2050 736 2112 dicte
760 2049 886 2132 Agathe
910 2051 1055 2112 mulieris
1078 2051 1175 2114 tercia
1199 2051 1269 2112 vice
1293 2051 1333 2112 ad
1357 2069 1446 2112 com·

179 2156 361 2238 parendum
393 2174 501 2217 coram
526 2156 631 2235 nobis,
663 2175 729 2218 non
761 2156 849 2218 venit
880 2175 985 2238 neque
1010 2158 1096 2218 misit
1128 2175 1236 2220 coram
1261 2157 1365 2236 nobis,
1390 2175 1448 2220 nec

179 2264 211 2323 in
245 2263 445 2344 presenciam
481 2263 581 2324 nostri
621 2277 656 2324 ut
689 2262 853 2324 racionem
886 2263 1026 2324 dedisset
1057 2263 1096 2324 de
1129 2264 1272 2326 vestibus
1304 2263 1446 2345 predicte

180 2370 382 2450 Margarethe
407 2370 551 2432 mulieris
575 2369 726 2432 videlicet
750 2369 789 2430 de
814 2368 901 2431 lurtu
925 2370 1113 2432 earumdem
1137 2370 1287 2434 vestium.

286 2477 365 2538 ltem
390 2475 553 2538 lohannes
569 2475 665 2558 judex
691 2475 865 2558 Perowych
883 2489 992 2537 contra
1011 2475 1223 2538 Benedictum
1248 2473 1446 2538 aurifabrum

179 2583 321 2644 secundo
346 2584 462 2645 citatus
484 2602 550 2644 non
575 2583 765 2666 comparuit.

285 2688 364 2750 ltem
399 2689 503 2750 Bensa
539 2688 765 2772 Zydowchych
806 2701 916 2752 contra
949 2689 1112 2752 Thomam
1153 2689 1446 2771 molendinatorem

180 2793 284 2876 primo
309 2795 425 2856 citatus
448 2814 514 2856 non
539 2796 730 2878 comparuit.

285 2993 382 3068 Faria
412 3005 510 3069 sexta
538 3000 691 3086 proxima
719 3005 796 3088 post
822 2999 944 3071 leston
973 3005 1090 3070 sancte
1116 2997 1340 3086 llargaretbe.

638 3202 646 3212 .
724 3155 786 3228 (15.
802 3154 901 3230 julii).

287 3293 366 3355 ltem
392 3293 585 3355 Benedictus
609 3291 694 3354 filius
719 3293 839 3356 Cosme
869 3293 908 3354 de
933 3305 1043 3355 sancto
1068 3293 1258 3371 Laurencio,
1282 3311 1338 3374 per
1361 3291 1445 3374 jura·

180 3413 288 3460 torum
314 3415 498 3462 nostrorum
524 3399 754 3461 modernorum
784 3399 1062 3482 adjudicacionem
1087 3398 1303 3480 juramentum
1327 3399 1387 3461 sibi
1412 3400 1445 3461 in

180 3503 267 3567 sacto
290 3505 354 3568 leni
379 3507 489 3571 relicte
514 3507 652 3568 condam
677 3506 774 3568 Blasii
799 3505 914 3588 judicis
934 3505 1164 3586 adjudicatum,
1189 3525 1228 3567 eo
1253 3505 1351 3568 modo
1375 3525 1445 3589 pre·

179 3612 262 3674 stitit
285 3627 316 3675 et
338 3613 490 3696 deposuit
525 3627 561 3675 ut
584 3614 651 3696 ipse
677 3611 787 3675 lenum
812 3613 912 3696 ipsius
945 3613 1077 3674 domine
1103 3613 1303 3694 Margarethe
1328 3613 1360 3674 in
1384 3627 1445 3676 sta·

179 3719 263 3780 bulo
286 3719 384 3802 ipsius
409 3740 474 3782 non
498 3720 654 3782 subtraxit
677 3739 736 3781 nec
760 3733 807 3782 est
830 3739 904 3781 cum
928 3721 1009 3781 scitu
1033 3739 1092 3782 suo
1114 3721 1323 3782 subtractum.

252 3871 258 3886 .
290 3825 366 3888 ltem
393 3826 589 3887 Laurencius
613 3825 806 3908 Bithowych
831 3824 871 3887 de
888 3825 1032 3909 predicto
1056 3839 1166 3888 sancto
1192 3825 1381 3905 Laurentio,
1405 3826 1445 3887 ad

177 3931 435 4012 comparendum
468 3951 575 3994 coram
608 3931 702 3994 nobis
733 3945 764 3994 et
795 3932 835 3994 ad
869 3933 1067 3996 reddendam
1099 3931 1263 3994 racionem
1288 3931 1328 3993 de
1360 3931 1446 3994 furtu

177 4038 316 4121 predicti
341 4039 406 4101 leni
432 4053 463 4102 et
487 4039 526 4101 ad
545 4039 790 4122 expurgandum
813 4059 846 4100 se
871 4039 911 4100 de
929 4039 1044 4102 eodem
1066 4037 1151 4100 lurtu
1180 4039 1263 4100 trina
1287 4039 1356 4101 vice
1373 4059 1446 4122 pro·

177 4144 348 4225 clamatus,
379 4159 521 4208 nostram
553 4145 585 4206 in
619 4146 817 4228 presenciam
850 4164 915 4206 non
948 4147 1036 4207 venit
1067 4165 1126 4206 nec
1158 4145 1301 4227 aliquem
1325 4163 1383 4227 pro
1414 4165 1446 4206 se

176 4251 282 4328 misit,
306 4252 360 4314 sed
384 4273 416 4314 ae
441 4273 458 4314 a
484 4249 564 4314 facie
589 4251 667 4334 juris
691 4263 722 4313 et
744 4251 869 4333 justicie
894 4253 1021 4334 penitus
1045 4253 1234 4314 absentavit.

342 4451 440 4527 Ferla
468 4461 567 4526 sexta
595 4457 748 4544 proxima
777 4461 853 4544 post
891 4455 1014 4525 lestum
1042 4459 1158 4524 sancte
1187 4451 1289 4524 llnne.

724 4609 788 4688 (29.
804 4607 903 4685 julii).

293 4749 369 4812 ltem
393 4749 589 4813 Benedictus
612 4749 697 4811 filius
722 4747 855 4830 Georgii
879 4747 920 4810 de
945 4747 1197 4830 Wllrachynecz,
1223 4746 1384 4808 districtus
1408 4747 1448 4807 de

178 4855 305 4936 Crisio,
321 4856 537 4938 juramentum
554 4857 614 4918 sibi
632 4857 664 4917 in
683 4854 767 4917 lacto
784 4855 1015 4917 subtraccionis
1032 4871 1138 4915 rerum
1156 4851 1334 4915 Clementis
1351 4850 1449 4913 freni-

179 4965 274 5047 paris
298 4965 436 5025 concivis
453 4963 564 5040 nostri,
589 4961 646 5024 lilii
665 4963 774 5041 Blasii,
800 4981 856 5044 per
876 4961 996 5042 juratos
1013 4961 1231 5041 adjudicatum
1256 4959 1449 5041 nuperrime,

179 5069 324 5155 prestitit
345 5070 441 5133 hodie
467 5083 498 5132 et
521 5069 673 5151 deposuit
692 5070 747 5132 tali
774 5069 883 5147 modo,
909 5083 944 5130 ur
960 5069 1026 5149 ipse
1052 5069 1157 5130 nullas
1181 5085 1230 5130 res
1255 5067 1354 5148 ipsius
1371 5064 1449 5128 Cle-

1344 5175 1362 5238 9
