3644 5788
359 563 419 606 202
750 547 837 604 Anno
860 542 951 624 1461.
977 579 1018 592 -
1042 557 1090 622 17.
1114 545 1230 620 apn'lr's.

356 757 591 819 testamentaria
616 756 781 839 legacione
807 756 927 818 verbali
956 757 1088 818 terciam
1120 771 1244 840 partem
1268 758 1405 820 duarum
1430 770 1617 841 quartarum

357 863 444 925 curie
469 863 501 924 in
526 863 640 925 eadem
664 864 790 926 civitate
815 883 914 945 penes
937 877 968 926 et
993 863 1026 924 in
1051 863 1214 926 vicinitate
1238 864 1352 926 civilis.
1377 868 1488 942 (deest).

460 969 537 1031 ltem
561 969 656 1050 jurati
680 969 946 1051 adjudicaverunt
970 989 1100 1032 causam
1134 971 1217 1032 inter
1247 971 1430 1033 Emericum
1457 970 1619 1034 Croacum

357 1074 605 1138 inhabitatorem
629 1076 776 1138 suburbii
808 1076 953 1156 civitatis,
978 1089 1009 1138 et
1036 1076 1118 1139 inter
1149 1077 1321 1139 Nicolaum
1353 1075 1616 1160 Ferencheychin

355 1182 427 1244 zeth
451 1195 483 1244 et
508 1183 661 1246 Mathiam
687 1182 876 1266 Spylwsych
892 1183 1013 1246 dictum
1038 1183 1167 1246 racione
1184 1182 1351 1246 cuiusdam
1368 1184 1461 1245 bovis
1484 1183 1616 1263 mortui,

355 1289 556 1368 invenerunt,
581 1289 670 1371 quod
702 1290 769 1372 ipse
801 1289 968 1352 Emericus
1000 1288 1143 1352 Croacus
1167 1289 1270 1370 jurare
1303 1290 1435 1352 debebit
1458 1303 1618 1371 quantum

354 1395 455 1458 valuit
479 1397 547 1475 bos,
573 1409 649 1458 tunc
673 1395 741 1478 ipse
765 1396 918 1457 Nicolaus
946 1409 977 1458 et
1009 1396 1146 1458 Mathias
1173 1395 1361 1479 Spylwaych
1395 1395 1516 1458 debent
1538 1397 1620 1457 duas

355 1513 458 1584 partes
483 1501 588 1563 eidem
613 1502 762 1564 Emerico
778 1501 914 1581 solvere,
938 1503 1070 1564 terciam
1094 1522 1171 1564 vero
1188 1517 1311 1584 partem
1336 1501 1423 1563 idem
1449 1501 1618 1564 Emericus

354 1628 450 1690 super
473 1628 506 1670 se
530 1628 768 1691 assumpmere;
793 1609 832 1670 de
857 1628 922 1690 quo
938 1608 1059 1690 judicio
1080 1609 1140 1691 ipsi
1166 1608 1320 1670 Nicolaus
1343 1623 1375 1670 et
1398 1608 1536 1672 Mathias
1553 1628 1619 1670 non

354 1705 497 1778 contenti
521 1729 711 1798 receperunt
734 1716 774 1778 ad
798 1716 940 1778 seniores
963 1715 1094 1797 judices.

459 1821 536 1884 ltem
562 1841 688 1884 causam
715 1822 797 1884 inter
828 1821 1008 1884 Johannem
1033 1821 1297 1904 Wenthecheych
1331 1822 1449 1882 dictum
1476 1835 1508 1882 et
1532 1822 1615 1882 inter

356 1927 529 1988 Martinum
548 1927 774 2009 aliasjudicem
785 1929 912 1990 racione
929 1928 1116 1989 succisionis
1134 1927 1432 1990 cuiusdamarboris
1445 1928 1573 1989 metalis
1587 1943 1617 1988 et

356 2033 431 2114 quia
454 2033 650 2096 concordant
674 2033 764 2094 litere
789 2033 954 2115 utriusque
987 2035 1094 2116 partis,
1119 2033 1194 2095 ideo
1226 2033 1354 2096 easdem
1380 2035 1620 2120 aprobaverunt

353 2153 385 2200 et
408 2139 513 2221 ipsum
539 2139 713 2200 Martinum
738 2139 878 2219 judicem
903 2153 1013 2201 contra
1045 2141 1151 2222 ipsum
1176 2139 1356 2201 Johannem
1382 2137 1524 2202 infacto
1562 2160 1622 2222 po-

352 2244 455 2306 tencie
479 2243 755 2324 adjudicaverunt,
780 2246 903 2327 dequo
927 2246 1047 2329 judicio
1065 2246 1132 2328 ipse
1151 2247 1307 2308 Martinus
1330 2247 1426 2328 judex
1450 2266 1515 2308 non
1542 2266 1621 2309 con·

352 2365 460 2413 tentus
483 2351 523 2412 ad
548 2351 691 2413 seniores
714 2351 836 2433 judices
860 2352 962 2433 ipsam
987 2371 1114 2414 causam
1140 2352 1326 2434 appellavit.

459 2456 537 2519 ltem
555 2476 683 2519 causam
701 2458 782 2519 inter
799 2459 933 2520 Luciam
958 2471 989 2519 et
1012 2459 1093 2520 inter
1110 2457 1282 2519 Nicolaum
1300 2457 1464 2540 Jagodych
1482 2457 1621 2536 dictum,

352 2563 480 2625 racione
505 2563 671 2624 cuiusdam
695 2564 816 2644 galline
839 2564 1114 2646 adjudicaverunt,
1135 2563 1223 2646 quod
1249 2565 1316 2647 ipse
1341 2565 1469 2647 Mycula
1488 2565 1622 2626 racione

350 2670 460 2752 previa
484 2668 589 2751 jurare
620 2670 781 2732 tenebitur
811 2667 890 2732 feria
913 2671 1009 2733 tercia
1041 2671 1186 2752 proxima
1218 2683 1292 2733 ante
1325 2670 1470 2753 Georgii,
1494 2671 1529 2731 in
1552 2690 1621 2747 ara,

350 2775 545 2838 terciusmet.

456 2881 534 2944 Item
559 2900 687 2943 causam
720 2881 803 2944 inter
828 2881 1008 2945 Akacbium
1041 2896 1072 2944 et
1104 2897 1289 2946 executores
1322 2883 1459 2946 condam
1483 2883 1623 2945 domine

351 2987 552 3068 Margarethe
570 2988 758 3071 Rybarycza
775 2988 871 3066 dicte,
888 2989 1154 3070 adjudicaverunt
1171 2989 1214 3052 ita
1239 2989 1391 3053 videlicet
1403 2989 1492 3071 quod
1510 2991 1622 3072 ipsum

349 3107 577 3155 testamentum
610 3095 812 3173 roborarunt,
837 3095 891 3156 sed
924 3095 987 3156 alia
1023 3094 1104 3158 facta
1136 3109 1223 3158 extra
1248 3097 1354 3179 ipsum
1386 3109 1621 3159 testamentum

350 3200 502 3262 videlicet
518 3201 700 3282 peccunias,
724 3203 913 3282 argenteria,
930 3203 1110 3281 existentes,
1128 3203 1281 3264 omnibus
1296 3203 1329 3264 in
1354 3203 1450 3264 simul
1468 3223 1622 3284 querere,

349 3307 405 3368 sed
428 3320 534 3389 preter
558 3308 632 3369 illos
655 3309 831 3389 nonaginta
855 3308 924 3371 flor.
949 3310 1028 3390 auri,
1063 3329 1145 3392 quos
1169 3311 1229 3393 ipsi
1254 3324 1440 3373 executores
1464 3311 1624 3373 dicebant

348 3432 407 3492 pro
431 3413 539 3474 anima
563 3414 663 3495 ipsius
687 3413 819 3476 domine
844 3416 1062 3497 exponendos,
1084 3417 1160 3498 quia
1177 3417 1209 3478 in
1232 3429 1424 3478 testamento
1450 3435 1517 3478 non
1543 3432 1624 3480 sunt

349 3519 519 3598 nominati,
546 3520 606 3601 ipsi
631 3519 772 3582 Achacio
789 3519 1031 3602 adjudicarunt;
1056 3522 1179 3604 dequo
1203 3523 1323 3604 judicio
1341 3523 1401 3606 ipsi
1425 3537 1623 3586 executores

348 3643 414 3684 non
439 3626 581 3687 contenti
607 3625 645 3687 ad
671 3627 814 3688 seniores
837 3627 959 3708 judices
984 3628 1237 3710 appellaverunt.

454 3731 531 3793 Item
556 3751 683 3794 causam
709 3733 791 3794 inter
813 3733 1004 3814 gardianum
1028 3747 1060 3796 et
1088 3735 1169 3797 inter
1194 3735 1319 3796 Franek
1339 3748 1370 3796 et
1394 3733 1500 3797 filium
1527 3738 1618 3800 eius·

347 3837 432 3916 dem,
458 3838 741 3918 molendinatores‚
777 3839 905 3900 racione
929 3837 1140 3902 subfossionis
1165 3853 1195 3902 et
1223 3840 1453 3902 destruccionis
1485 3843 1623 3905 molen-

347 3943 415 4003 dini
441 3943 540 4024 ipsius
556 3944 683 4006 claustri
700 3946 799 4008 sancti
818 3945 988 4024 Francisci,
1006 3946 1281 4028 adjudicaverunt,
1299 3948 1387 4029 quod
1404 3948 1464 4029 ipsi
1483 3949 1510 4009 F
1513 3954 1622 4012 ranek

347 4061 378 4111 et
402 4047 486 4110 filius
518 4050 662 4112 eiusdem
686 4049 764 4112 feria
796 4052 892 4113 tercia
924 4054 1069 4134 proxima
1101 4067 1174 4115 ante
1205 4052 1322 4115 festum
1357 4055 1441 4115 beati
1476 4055 1625 4140 Georgii

346 4155 485 4216 martiris
509 4156 613 4238 jurare
637 4159 842 4238 tenebuntur,
867 4159 954 4240 quod
980 4159 1105 4221 nullum
1129 4160 1306 4242 dampnum
1332 4161 1364 4222 in
1389 4161 1460 4243 ipso
1485 4165 1625 4227 molen-

347 4261 424 4322 dino
449 4261 641 4341 intulissent,
665 4264 802 4344 quilibet
818 4285 929 4327 eorum
955 4267 1110 4328 solusmet
1132 4268 1164 4328 in
1189 4286 1242 4328 ara
1270 4281 1378 4329 sancte
1396 4267 1512 4330 Crucis
1530 4271 1624 4353 jura-

346 4380 490 4429 mentum
516 4381 656 4449 prestare
680 4372 886 4433 tenebuntur.

452 4473 530 4535 ltem
556 4493 684 4536 causam
709 4477 838 4538 racione
862 4475 968 4539 fenilis
992 4498 1048 4560 per
1072 4479 1242 4542 Nicolaum
1267 4494 1432 4560 sartorem,
1457 4481 1544 4544 alias
1571 4485 1625 4568 ju·

345 4591 461 4658 ratum,
485 4579 651 4641 monachis
675 4583 776 4644 sancti
793 4583 954 4646 Francisci
979 4585 1048 4646 sine
1065 4586 1145 4647 scitu
1170 4585 1351 4647 vicinorum
1376 4599 1407 4649 et
1429 4586 1624 4668 juratorum

345 4683 621 4766 adjudicaverunt,
654 4689 744 4771 quod
768 4690 913 4752 Andreas
945 4691 1140 4774 Symwnych
1171 4692 1307 4772 vicinus,
1339 4693 1449 4755 decern
1474 4693 1553 4760 flor.
1591 4715 1625 4762 et

344 4807 407 4854 tres
431 4813 545 4875 pensas
570 4794 788 4876 denariorum,
814 4818 872 4879 pro
897 4799 1015 4879 quibus
1039 4799 1124 4860 idern
1153 4797 1250 4860 senile
1282 4801 1482 4879 vendiderat,
1511 4803 1624 4888 depo·

345 4919 419 4960 nere
445 4899 565 4982 (debet)
591 4901 622 4961 in
648 4902 753 4982 primo
778 4903 898 4980 judicio
923 4905 982 4987 ipsi
1007 4905 1152 4985 Nicolao,
1179 4906 1236 4990 ipsi
1262 4927 1338 4970 vero
1363 4907 1492 4970 Andree
1520 4910 1624 4976 litere

344 5005 384 5070 ad
411 5006 497 5069 idern
523 5003 620 5073 fenile
645 5008 906 5079 extradabuntur.
