3694 5782
595 491 790 574 Anno1466.
816 529 857 538 -
881 510 933 572 29.
948 496 1102 572 januarii.
1423 494 1485 579 287

325 707 423 780 Quod
457 708 627 788 religiosus
659 707 708 768 vir
740 705 836 768 frater
867 708 1024 770 Martinus
1059 721 1166 770 custos
1198 709 1321 771 ordinis
1351 707 1483 770 fratrum

217 813 380 875 minorum
407 814 536 876 claustri
567 813 669 876 sancti
701 813 863 876 Francisci
892 814 932 876 de
956 815 1124 896 Zagrabia,
1157 814 1188 876 id
1214 834 1287 877 cum
1311 805 1482 876 sufficienti

218 932 249 982 et
273 920 414 982 evidenti
439 921 625 984 testimonio
651 933 811 982 certorum
837 921 1012 1002 proborum
1039 921 1192 999 virorum,
1220 933 1402 983 nostrorum
1426 921 1484 982 sci·

216 1027 292 1089 licet
315 1028 511 1106 concivium,
545 1028 627 1089 clare
652 1047 760 1089 coram
794 1027 887 1088 nobis
919 1027 950 1088 in
984 1025 1105 1108 judicio
1137 1028 1371 1110 comprobavit,
1396 1028 1485 1109 quod

217 1135 296 1195 dum
320 1134 476 1217 providus
500 1135 637 1196 condam
671 1114 718 1194 vi'r
743 1132 919 1214 Gregorius
944 1132 1163 1216 Wrecbarych
1196 1133 1309 1212 dictus,
1334 1133 1411 1195 olim
1437 1131 1484 1214 iu·

217 1255 304 1303 ratus
329 1257 361 1303 et
385 1242 527 1304 concivis
551 1255 668 1320 noster,
695 1242 726 1302 in
752 1241 902 1303 extremis
926 1241 989 1302 vite
1014 1261 1069 1303 sue
1087 1241 1274 1323 temporalis
1298 1241 1483 1318 laborasset,

216 1367 378 1431 suumque
403 1347 529 1410 lecisset
553 1361 583 1410 et
607 1347 805 1410 condidisset
826 1361 1064 1424 testamentum,
1089 1347 1143 1408 ubi
1163 1347 1230 1428 ipse
1255 1347 1417 1410 universas
1435 1367 1484 1431 res

216 1469 249 1516 et
272 1455 417 1536 quelibet
441 1456 526 1516 bona
551 1475 620 1534 sua,
644 1455 782 1516 mobiles
813 1453 963 1516 videlicet
988 1453 1019 1514 in
1047 1453 1216 1516 inmobilia
1242 1455 1273 1515 in
1299 1453 1382 1516 dicta
1408 1453 1482 1515 civi-

216 1575 280 1622 tate
305 1575 336 1623 et
361 1561 429 1622 eius
453 1561 613 1622 territorio
638 1561 763 1622 habitas
787 1573 818 1622 et
834 1560 1015 1637 existencia,
1041 1560 1110 1620 viro
1132 1559 1270 1622 condam
1295 1560 1432 1642 provido
1449 1573 1480 1621 et

216 1671 353 1730 honesto
387 1668 527 1730 Martino
562 1667 660 1729 rasori
691 1686 892 1749 pannorum,
925 1666 1050 1727 concivi
1082 1681 1203 1745 nostro,
1235 1666 1302 1728 filio
1334 1665 1484 1728 videlicet

217 1775 317 1836 Marci
343 1774 383 1835 de
401 1773 653 1857 Hrwssewycza,
671 1774 913 1854 consanguineo
938 1772 1088 1834 videlicet
1104 1793 1173 1846 su0,
1191 1773 1352 1835 vendendi
1378 1785 1409 1835 et
1425 1791 1483 1854 pro

216 1882 324 1942 anima
349 1881 494 1944 eiusdem
520 1880 668 1962 Gregorii
694 1894 725 1943 et
755 1899 886 1942 suorum
912 1879 1174 1961 predecessorum
1208 1879 1402 1941 attribuisset
1426 1899 1482 1960 po·

216 1990 338 2052 testatis
362 1989 567 2065 facultatem
599 2001 629 2050 et
663 1989 738 2070 quia
770 1986 911 2070 prefatus
942 1985 1079 2049 condam
1114 1985 1270 2047 Martinus
1294 2005 1382 2048 rasor
1406 2005 1482 2068 pan·

216 2117 332 2159 norum
366 2097 443 2159 dum
469 2097 501 2158 in
534 2097 683 2158 extremis
715 2095 778 2156 vite
810 2114 867 2156 sue
903 2093 1089 2175 temporalis
1121 2092 1296 2156 laborasset
1320 2113 1481 2174 suumque

216 2205 367 2266 ultimum
391 2204 485 2265 scribi
511 2201 635 2264 fecisset
666 2213 905 2279 testamentum,
936 2213 1012 2262 tunc
1045 2199 1112 2282 ipse
1145 2199 1302 2261 Martinus
1327 2200 1408 2261 inter
1432 2219 1481 2261 ce-

215 2325 299 2370 teras
322 2329 395 2372 suas
427 2309 620 2390 legaciones,
652 2307 815 2389 quandam
841 2307 968 2368 vineam
1000 2305 1143 2367 annotati
1169 2305 1306 2368 condam
1333 2305 1480 2386 Gregorii

215 2417 248 2477 in
272 2417 433 2479 territorio
458 2429 569 2478 nostro
594 2429 625 2477 et
656 2415 793 2476 civitatis
825 2411 945 2495 prefate
979 2411 1121 2474 habitam
1153 2411 1304 2474 iratribus
1337 2413 1482 2474 eiusdem

216 2523 403 2585 monasterii
428 2522 527 2584 sancti
553 2521 712 2584 Francisci
743 2519 905 2581 vendendi
923 2519 1118 2580 attribuisset
1135 2517 1329 2597 facultatem,
1355 2533 1386 2580 et
1410 2539 1483 2601 pec-

215 2631 327 2691 cunias
350 2649 409 2712 pro
434 2630 552 2711 quibus
570 2627 682 2690 eadem
708 2627 801 2689 vinea
819 2626 977 2689 vendetur
994 2625 1035 2686 ad
1059 2623 1139 2688 lacta
1165 2639 1196 2687 et
1212 2625 1381 2688 utilitatem
1400 2625 1483 2688 dicte

218 2736 352 2798 ecclesie
377 2736 475 2798 sancti
502 2734 662 2796 Francisci
687 2733 878 2816 exponenda
902 2733 1083 2814 legavisset.

218 2957 312 3030 Faria
341 2965 466 3046 quarta
496 2955 650 3046 proxima
689 2963 769 3028 ante
799 2955 921 3026 lestans
951 2953 1208 3026 Purificacionis
1247 2955 1343 3026 beate
1380 2957 1485 3026 llarie

562 3079 712 3169 virginis,
741 3099 826 3151 auno
856 3088 918 3152 etc.
947 3077 999 3152 LX
1027 3087 1133 3150 sexto.

620 3229 688 3311 (29.
704 3233 855 3310 januarii,
878 3251 948 3292 ann.
973 3228 1084 3310 1466).

321 3376 388 3437 Nos
419 3374 561 3437 seniores
593 3373 715 3455 judices
749 3373 832 3434 dicte
864 3373 1001 3434 civitatis
1033 3391 1161 3435 causam
1194 3373 1275 3432 inter
1308 3372 1482 3454 providum

217 3482 320 3542 virum
347 3481 533 3558 Martinam,
565 3480 725 3541 seniorem
757 3479 896 3560 judicem
931 3491 961 3540 et
993 3479 1159 3540 concivem
1191 3493 1347 3556 nostrum,
1379 3478 1481 3540 hlium

215 3587 356 3666 Thome,
382 3601 415 3650 ut
439 3602 580 3649 actorem
612 3589 652 3648 ab
679 3607 752 3665 una,
777 3607 812 3648 ac
841 3585 1008 3667 providam
1044 3599 1074 3646 et
1097 3585 1266 3647 honestam
1304 3585 1482 3664 dominam,

215 3693 359 3756 relictam
384 3715 419 3755 ac
445 3693 649 3771 Michaelem,
674 3692 864 3768 Iohannem,
900 3691 1075 3771 Thomam,
1109 3691 1307 3774 Stephanum
1333 3705 1364 3753 et
1388 3691 1482 3752 Ladi-

215 3801 320 3861 slaum
346 3799 430 3861 filios
447 3799 584 3861 condam
603 3798 729 3860 Nicolai
747 3797 909 3877 aurifabri,
935 3798 1014 3859 olim
1032 3797 1147 3878 judicis
1164 3811 1195 3860 et
1212 3797 1353 3859 concivis
1370 3798 1480 3877 nostri,

217 3920 252 3968 ut
266 3907 296 3967 in
310 3925 437 3968 causam
452 3919 611 3984 attractos,
629 3905 772 3987 partibus
789 3906 829 3965 ab
846 3905 954 3982 altera,
974 3905 1101 3967 racione
1127 3905 1339 3984 quarumdam
1358 3923 1482 3986 posses·

216 4015 346 4076 sionum
371 4013 508 4076 condam
535 4012 667 4075 Seboldi
685 4012 796 4094 Mayer
821 4011 852 4072 in
877 4011 1037 4072 territorio
1055 4011 1137 4071 dicte
1160 4010 1306 4088 civitatis,
1330 4009 1481 4072 videlicet

216 4119 383 4182 cuiusdam
408 4119 528 4202 (h)orti‚
552 4119 669 4182 stabuli
695 4132 726 4180 et
758 4116 922 4179 cuiusdam
954 4117 1071 4178 domus
1103 4130 1134 4178 et
1157 4116 1219 4177 loci
1245 4116 1423 4177 molendini
1450 4117 1480 4176 in

216 4228 371 4289 suburbio
396 4227 481 4288 dicte
506 4225 642 4288 civitatis
666 4225 860 4303 habitarum,
885 4243 964 4305 quas
989 4221 1083 4303 jurati
1109 4223 1192 4284 dicte
1217 4222 1354 4283 civitatis
1378 4221 1482 4282 adhuc

216 4331 295 4394 feria
318 4345 404 4394 sexta
429 4333 574 4414 proxima
598 4345 670 4394 ante
696 4329 812 4392 festum
837 4330 920 4391 beati
939 4329 1066 4390 Andree
1092 4327 1229 4410 apostoli
1250 4327 1393 4409 proxime
1412 4347 1480 4408 pre·

214 4441 356 4519 teritum,
380 4439 467 4522 juxta
493 4439 703 4500 literatorium
729 4437 916 4499 mandatum
941 4437 1028 4516 regie
1048 4435 1220 4497 Maiestatis
1239 4434 1332 4495 nobis
1358 4433 1481 4514 injunc-

215 4561 297 4624 tum,
320 4546 451 4608 racione
487 4544 730 4607 recolleccionis
762 4563 817 4625 per
850 4542 1027 4605 Seboldum
1062 4541 1140 4603 alias
1173 4541 1374 4623 capitaneum
1400 4539 1483 4600 dicte

214 4652 352 4714 civitatis
376 4651 544 4713 cuiusdam
571 4652 663 4713 vinee
692 4647 804 4731 prelati
832 4648 959 4710 Martini
996 4648 1110 4729 judicis
1142 4659 1357 4708 trecentorum
1384 4647 1482 4706 cubu-

214 4760 320 4820 lorum
345 4759 424 4838 vini,
448 4758 536 4840 quod
562 4759 673 4819 vinum
692 4757 758 4839 ipse
785 4757 940 4817 Martinus
965 4754 1061 4836 judex
1079 4753 1247 4816 estimabat
1265 4769 1393 4814 centum
1412 4751 1482 4815 flor.

213 4865 302 4942 auri;
327 4877 358 4926 et
382 4865 458 4946 quia
484 4864 542 4947 ipsi
567 4863 661 4946 jurati
687 4863 769 4923 dicte
795 4861 932 4924 civitatis
964 4861 1069 4921 eidem
1097 4861 1235 4922 Martino
1265 4859 1361 4939 judici
1387 4877 1484 4940 super

212 4971 322 5034 valore
347 4971 423 5032 dicti
448 4971 514 5032 vini
532 4991 627 5052 super
653 4971 753 5052 ipsam
772 4969 899 5030 vineam
917 4966 992 5028 dicti
1013 4965 1142 5027 Martini
1166 4965 1280 5046 judicis
1298 4985 1353 5047 per
1374 4965 1481 5046 ipsum
