<?xml version="1.0" encoding="UTF-8"?>
<!DOCTYPE html PUBLIC "-//W3C//DTD XHTML 1.0 Transitional//EN"
    "http://www.w3.org/TR/xhtml1/DTD/xhtml1-transitional.dtd">
<html xmlns="http://www.w3.org/1999/xhtml" xml:lang="en" lang="en">
 <head>
  <title>
</title>
<meta http-equiv="Content-Type" content="text/html;charset=utf-8" />
  <meta name='ocr-system' content='tesseract 3.04.00' />
  <meta name='ocr-capabilities' content='ocr_page ocr_carea ocr_par ocr_line ocrx_word'/>
</head>
<body>
  <div class='ocr_page' id='page_1' title='image "./monumentahistor13laszgoog_0324.png"; bbox 0 0 3694 5782; ppageno 0'>
   <div class='ocr_carea' id='block_1_1' title="bbox 421 479 1306 560">
    <p class='ocr_par' dir='ltr' id='par_1_1' title="bbox 421 479 1306 560">
     <span class='ocr_line' id='line_1_1' title="bbox 421 479 1306 560; baseline 0.001 -18"><span class='ocrx_word' id='word_1_1' title='bbox 421 480 484 560; x_wconf 83' lang='lat'>264</span> <span class='ocrx_word' id='word_1_2' title='bbox 801 479 999 560; x_wconf 69' lang='lat' dir='ltr'>Arm1465.</span> <span class='ocrx_word' id='word_1_3' title='bbox 1024 516 1065 526; x_wconf 87' lang='lat'>—</span> <span class='ocrx_word' id='word_1_4' title='bbox 1089 496 1139 543; x_wconf 88' lang='lat'>22.</span> <span class='ocrx_word' id='word_1_5' title='bbox 1155 484 1306 559; x_wconf 77' lang='lat' dir='ltr'>januarr&#39;r&#39;.</span> 
     </span>
    </p>
   </div>
   <div class='ocr_carea' id='block_1_2' title="bbox 457 701 1646 920">
    <p class='ocr_par' dir='ltr' id='par_1_2' title="bbox 457 701 1646 920">
     <span class='ocr_line' id='line_1_2' title="bbox 457 701 1646 794; baseline 0 -16"><span class='ocrx_word' id='word_1_6' title='bbox 457 701 553 778; x_wconf 85' lang='lat' dir='ltr'>Feria</span> <span class='ocrx_word' id='word_1_7' title='bbox 582 702 687 778; x_wconf 87' lang='lat' dir='ltr'>tercia</span> <span class='ocrx_word' id='word_1_8' title='bbox 716 703 868 794; x_wconf 87' lang='lat' dir='ltr'>proxima</span> <span class='ocrx_word' id='word_1_9' title='bbox 897 711 976 777; x_wconf 86' lang='lat' dir='ltr'>ante</span> <span class='ocrx_word' id='word_1_10' title='bbox 1015 704 1138 778; x_wconf 79' lang='lat' dir='ltr'>festam</span> <span class='ocrx_word' id='word_1_11' title='bbox 1172 703 1407 779; x_wconf 83' lang='lat' dir='ltr'>eonverstonts</span> <span class='ocrx_word' id='word_1_12' title='bbox 1435 708 1525 779; x_wconf 86' lang='lat' dir='ltr'>beati</span> <span class='ocrx_word' id='word_1_13' title='bbox 1555 706 1646 779; x_wconf 85' lang='lat' dir='ltr'>Pauli</span> 
     </span>
     <span class='ocr_line' id='line_1_3' title="bbox 975 829 1132 920; baseline 0.013 -20"><span class='ocrx_word' id='word_1_14' title='bbox 975 829 1132 920; x_wconf 87' lang='lat' dir='ltr'>apostoli.</span> 
     </span>
    </p>
   </div>
   <div class='ocr_carea' id='block_1_3' title="bbox 923 981 1172 1065">
    <p class='ocr_par' dir='ltr' id='par_1_3' title="bbox 923 981 1172 1065">
     <span class='ocr_line' id='line_1_4' title="bbox 923 981 1172 1065; baseline 0.008 -23"><span class='ocrx_word' id='word_1_15' title='bbox 923 985 987 1059; x_wconf 89' lang='lat'><em>(22.</em></span> <span class='ocrx_word' id='word_1_16' title='bbox 1003 981 1172 1065; x_wconf 63' lang='lat' dir='ltr'>januaris).</span> 
     </span>
    </p>
   </div>
   <div class='ocr_carea' id='block_1_4' title="bbox 421 1123 1690 4843">
    <p class='ocr_par' dir='ltr' id='par_1_4' title="bbox 421 1123 1685 1956">
     <span class='ocr_line' id='line_1_5' title="bbox 528 1123 1680 1191; baseline 0.002 -5"><span class='ocrx_word' id='word_1_17' title='bbox 528 1123 605 1188; x_wconf 85' lang='lat' dir='ltr'><strong>Item</strong></span> <span class='ocrx_word' id='word_1_18' title='bbox 631 1143 759 1188; x_wconf 86' lang='lat' dir='ltr'>causam</span> <span class='ocrx_word' id='word_1_19' title='bbox 784 1124 867 1188; x_wconf 91' lang='lat' dir='ltr'>inter</span> <span class='ocrx_word' id='word_1_20' title='bbox 891 1123 1059 1191; x_wconf 85' lang='lat' dir='ltr'><strong>Simonem</strong></span> <span class='ocrx_word' id='word_1_21' title='bbox 1081 1124 1207 1191; x_wconf 90' lang='lat' dir='ltr'>blesum</span> <span class='ocrx_word' id='word_1_22' title='bbox 1232 1137 1263 1188; x_wconf 90' lang='lat' dir='ltr'>et</span> <span class='ocrx_word' id='word_1_23' title='bbox 1281 1123 1474 1188; x_wconf 84' lang='lat' dir='ltr'>Michaelern</span> <span class='ocrx_word' id='word_1_24' title='bbox 1497 1124 1597 1190; x_wconf 87' lang='lat' dir='ltr'>filiurn</span> <span class='ocrx_word' id='word_1_25' title='bbox 1622 1124 1680 1188; x_wconf 82' lang='lat' dir='ltr'>Vt·</span> 
     </span>
     <span class='ocr_line' id='line_1_6' title="bbox 422 1229 1680 1314; baseline 0.003 -22"><span class='ocrx_word' id='word_1_26' title='bbox 422 1229 535 1292; x_wconf 90' lang='lat' dir='ltr'>lentini</span> <span class='ocrx_word' id='word_1_27' title='bbox 560 1229 686 1311; x_wconf 86' lang='lat' dir='ltr'>judicis,</span> <span class='ocrx_word' id='word_1_28' title='bbox 710 1229 839 1293; x_wconf 81' lang='lat' dir='ltr'>racione</span> <span class='ocrx_word' id='word_1_29' title='bbox 872 1230 1039 1294; x_wconf 86' lang='lat' dir='ltr'>cuiusdam</span> <span class='ocrx_word' id='word_1_30' title='bbox 1072 1231 1322 1314; x_wconf 75' lang='lat' dir='ltr'>composicionis</span> <span class='ocrx_word' id='word_1_31' title='bbox 1355 1245 1386 1294; x_wconf 92' lang='lat' dir='ltr'>et</span> <span class='ocrx_word' id='word_1_32' title='bbox 1409 1230 1680 1296; x_wconf 84' lang='lat' dir='ltr'>confederacionis</span> 
     </span>
     <span class='ocr_line' id='line_1_7' title="bbox 421 1337 1680 1424; baseline 0.002 -24"><span class='ocrx_word' id='word_1_33' title='bbox 421 1337 599 1420; x_wconf 89' lang='lat' dir='ltr'>empcionis</span> <span class='ocrx_word' id='word_1_34' title='bbox 637 1338 852 1420; x_wconf 88' lang='lat' dir='ltr'>quorumdam</span> <span class='ocrx_word' id='word_1_35' title='bbox 884 1357 1069 1422; x_wconf 89' lang='lat' dir='ltr'>porcorum,</span> <span class='ocrx_word' id='word_1_36' title='bbox 1102 1339 1241 1404; x_wconf 88' lang='lat' dir='ltr'>Michael</span> <span class='ocrx_word' id='word_1_37' title='bbox 1268 1337 1373 1420; x_wconf 90' lang='lat' dir='ltr'>jurare</span> <span class='ocrx_word' id='word_1_38' title='bbox 1412 1341 1572 1424; x_wconf 82' lang='lat' dir='ltr'>tenebitur</span> <span class='ocrx_word' id='word_1_39' title='bbox 1602 1339 1680 1402; x_wconf 82' lang='lat' dir='ltr'>ieris</span> 
     </span>
     <span class='ocr_line' id='line_1_8' title="bbox 422 1443 1681 1529; baseline 0.004 -22"><span class='ocrx_word' id='word_1_40' title='bbox 422 1445 518 1508; x_wconf 89' lang='lat' dir='ltr'>tercia</span> <span class='ocrx_word' id='word_1_41' title='bbox 543 1459 614 1528; x_wconf 93' lang='lat' dir='ltr'>post</span> <span class='ocrx_word' id='word_1_42' title='bbox 637 1445 818 1528; x_wconf 89' lang='lat' dir='ltr'>predictum</span> <span class='ocrx_word' id='word_1_43' title='bbox 844 1443 961 1510; x_wconf 79' lang='lat' dir='ltr'>festum</span> <span class='ocrx_word' id='word_1_44' title='bbox 990 1446 1075 1510; x_wconf 87' lang='lat' dir='ltr'>besti</span> <span class='ocrx_word' id='word_1_45' title='bbox 1100 1445 1191 1510; x_wconf 83' lang='lat' dir='ltr'>Pauli</span> <span class='ocrx_word' id='word_1_46' title='bbox 1223 1446 1361 1529; x_wconf 83' lang='lat' dir='ltr'>apostoli</span> <span class='ocrx_word' id='word_1_47' title='bbox 1385 1445 1490 1528; x_wconf 91' lang='lat' dir='ltr'>jurare</span> <span class='ocrx_word' id='word_1_48' title='bbox 1513 1447 1681 1524; x_wconf 77' lang='lat' dir='ltr'>tenebitur,</span> 
     </span>
     <span class='ocr_line' id='line_1_9' title="bbox 422 1551 1683 1636; baseline 0.002 -22"><span class='ocrx_word' id='word_1_49' title='bbox 422 1551 510 1634; x_wconf 90' lang='lat' dir='ltr'>quod</span> <span class='ocrx_word' id='word_1_50' title='bbox 535 1553 603 1634; x_wconf 90' lang='lat' dir='ltr'>ipse</span> <span class='ocrx_word' id='word_1_51' title='bbox 626 1553 731 1636; x_wconf 89' lang='lat' dir='ltr'>ipsum</span> <span class='ocrx_word' id='word_1_52' title='bbox 757 1553 934 1636; x_wconf 88' lang='lat' dir='ltr'>Syrnonem</span> <span class='ocrx_word' id='word_1_53' title='bbox 963 1573 1029 1616; x_wconf 92' lang='lat' dir='ltr'>non</span> <span class='ocrx_word' id='word_1_54' title='bbox 1062 1554 1234 1636; x_wconf 70' lang='lat' dir='ltr'>assumpsit</span> <span class='ocrx_word' id='word_1_55' title='bbox 1259 1554 1292 1616; x_wconf 94' lang='lat' dir='ltr'>in</span> <span class='ocrx_word' id='word_1_56' title='bbox 1324 1553 1460 1634; x_wconf 88' lang='lat' dir='ltr'>socium,</span> <span class='ocrx_word' id='word_1_57' title='bbox 1485 1567 1516 1616; x_wconf 89' lang='lat' dir='ltr'>et</span> <span class='ocrx_word' id='word_1_58' title='bbox 1538 1553 1614 1616; x_wconf 91' lang='lat' dir='ltr'>dum</span> <span class='ocrx_word' id='word_1_59' title='bbox 1638 1553 1683 1636; x_wconf 91' lang='lat' dir='ltr'>ju·</span> 
     </span>
     <span class='ocr_line' id='line_1_10' title="bbox 422 1659 1683 1742; baseline 0.001 -22"><span class='ocrx_word' id='word_1_60' title='bbox 422 1659 514 1738; x_wconf 90' lang='lat' dir='ltr'>rabit,</span> <span class='ocrx_word' id='word_1_61' title='bbox 538 1673 615 1722; x_wconf 90' lang='lat' dir='ltr'>tunc</span> <span class='ocrx_word' id='word_1_62' title='bbox 638 1660 705 1741; x_wconf 89' lang='lat' dir='ltr'>ipse</span> <span class='ocrx_word' id='word_1_63' title='bbox 731 1659 869 1722; x_wconf 87' lang='lat' dir='ltr'>Michael</span> <span class='ocrx_word' id='word_1_64' title='bbox 893 1660 1000 1726; x_wconf 89' lang='lat' dir='ltr'>eidem</span> <span class='ocrx_word' id='word_1_65' title='bbox 1025 1659 1151 1724; x_wconf 87' lang='lat' dir='ltr'>Simoni</span> <span class='ocrx_word' id='word_1_66' title='bbox 1174 1660 1299 1724; x_wconf 88' lang='lat' dir='ltr'>solvere</span> <span class='ocrx_word' id='word_1_67' title='bbox 1323 1661 1486 1724; x_wconf 85' lang='lat' dir='ltr'>tenebitur</span> <span class='ocrx_word' id='word_1_68' title='bbox 1508 1659 1595 1742; x_wconf 92' lang='lat' dir='ltr'>quod</span> <span class='ocrx_word' id='word_1_69' title='bbox 1621 1679 1683 1722; x_wconf 89' lang='lat' dir='ltr'>ser·</span> 
     </span>
     <span class='ocr_line' id='line_1_11' title="bbox 422 1765 1685 1849; baseline 0.002 -25"><span class='ocrx_word' id='word_1_70' title='bbox 422 1765 501 1828; x_wconf 88' lang='lat' dir='ltr'>vivit</span> <span class='ocrx_word' id='word_1_71' title='bbox 524 1766 604 1844; x_wconf 89' lang='lat' dir='ltr'>sibi;</span> <span class='ocrx_word' id='word_1_72' title='bbox 629 1766 668 1828; x_wconf 90' lang='lat' dir='ltr'>de</span> <span class='ocrx_word' id='word_1_73' title='bbox 693 1785 758 1848; x_wconf 91' lang='lat' dir='ltr'>quo</span> <span class='ocrx_word' id='word_1_74' title='bbox 783 1765 905 1848; x_wconf 90' lang='lat' dir='ltr'>judicio</span> <span class='ocrx_word' id='word_1_75' title='bbox 929 1785 995 1829; x_wconf 92' lang='lat' dir='ltr'>non</span> <span class='ocrx_word' id='word_1_76' title='bbox 1024 1779 1194 1830; x_wconf 90' lang='lat' dir='ltr'>contentus</span> <span class='ocrx_word' id='word_1_77' title='bbox 1225 1766 1292 1849; x_wconf 88' lang='lat' dir='ltr'>ipse</span> <span class='ocrx_word' id='word_1_78' title='bbox 1318 1765 1457 1830; x_wconf 87' lang='lat' dir='ltr'>Michael</span> <span class='ocrx_word' id='word_1_79' title='bbox 1481 1765 1522 1828; x_wconf 90' lang='lat' dir='ltr'>ad</span> <span class='ocrx_word' id='word_1_80' title='bbox 1545 1765 1685 1828; x_wconf 88' lang='lat' dir='ltr'>seniores</span> 
     </span>
     <span class='ocr_line' id='line_1_12' title="bbox 423 1871 755 1956; baseline 0.012 -24"><span class='ocrx_word' id='word_1_81' title='bbox 423 1872 597 1955; x_wconf 88' lang='lat' dir='ltr'>appellavit</span> <span class='ocrx_word' id='word_1_82' title='bbox 624 1871 755 1956; x_wconf 87' lang='lat' dir='ltr'>judices.</span> 
     </span>
    </p>

    <p class='ocr_par' dir='ltr' id='par_1_5' title="bbox 425 1977 1685 2596">
     <span class='ocr_line' id='line_1_13' title="bbox 531 1977 1684 2064; baseline -0.003 -22"><span class='ocrx_word' id='word_1_83' title='bbox 531 1979 609 2042; x_wconf 89' lang='lat' dir='ltr'>ltem</span> <span class='ocrx_word' id='word_1_84' title='bbox 633 2000 762 2043; x_wconf 89' lang='lat' dir='ltr'>causam</span> <span class='ocrx_word' id='word_1_85' title='bbox 794 1981 875 2042; x_wconf 89' lang='lat' dir='ltr'>inter</span> <span class='ocrx_word' id='word_1_86' title='bbox 908 1980 1088 2064; x_wconf 88' lang='lat' dir='ltr'>Mylyczam</span> <span class='ocrx_word' id='word_1_87' title='bbox 1121 1993 1153 2042; x_wconf 91' lang='lat' dir='ltr'>et</span> <span class='ocrx_word' id='word_1_88' title='bbox 1176 1979 1340 2042; x_wconf 88' lang='lat' dir='ltr'>Thomarn</span> <span class='ocrx_word' id='word_1_89' title='bbox 1372 1993 1526 2042; x_wconf 87' lang='lat' dir='ltr'>sartorem</span> <span class='ocrx_word' id='word_1_90' title='bbox 1558 1977 1684 2040; x_wconf 86' lang='lat' dir='ltr'>racione</span> 
     </span>
     <span class='ocr_line' id='line_1_14' title="bbox 428 2083 1683 2172; baseline -0.002 -23"><span class='ocrx_word' id='word_1_91' title='bbox 428 2101 566 2169; x_wconf 90' lang='lat' dir='ltr'>quatuor</span> <span class='ocrx_word' id='word_1_92' title='bbox 590 2086 659 2150; x_wconf 93' lang='lat' dir='ltr'>flor.</span> <span class='ocrx_word' id='word_1_93' title='bbox 684 2087 764 2166; x_wconf 89' lang='lat' dir='ltr'>auri,</span> <span class='ocrx_word' id='word_1_94' title='bbox 788 2087 906 2169; x_wconf 89' lang='lat' dir='ltr'>quibus</span> <span class='ocrx_word' id='word_1_95' title='bbox 923 2087 990 2172; x_wconf 87' lang='lat' dir='ltr'>ipse</span> <span class='ocrx_word' id='word_1_96' title='bbox 1015 2086 1161 2149; x_wconf 83' lang='lat' dir='ltr'>Thomas</span> <span class='ocrx_word' id='word_1_97' title='bbox 1178 2087 1393 2168; x_wconf 77' lang='lat' dir='ltr'>obligabatur,</span> <span class='ocrx_word' id='word_1_98' title='bbox 1418 2087 1564 2170; x_wconf 75' lang='lat' dir='ltr'>Mylycze</span> <span class='ocrx_word' id='word_1_99' title='bbox 1581 2083 1683 2166; x_wconf 86' lang='lat' dir='ltr'>jurare</span> 
     </span>
     <span class='ocr_line' id='line_1_15' title="bbox 425 2190 1684 2276; baseline -0.003 -20"><span class='ocrx_word' id='word_1_100' title='bbox 425 2193 588 2256; x_wconf 89' lang='lat' dir='ltr'>tenebitur</span> <span class='ocrx_word' id='word_1_101' title='bbox 612 2194 644 2254; x_wconf 93' lang='lat' dir='ltr'>in</span> <span class='ocrx_word' id='word_1_102' title='bbox 669 2214 722 2255; x_wconf 91' lang='lat' dir='ltr'>ara</span> <span class='ocrx_word' id='word_1_103' title='bbox 746 2207 853 2256; x_wconf 88' lang='lat' dir='ltr'>sancte</span> <span class='ocrx_word' id='word_1_104' title='bbox 878 2193 991 2256; x_wconf 90' lang='lat' dir='ltr'>Crucis</span> <span class='ocrx_word' id='word_1_105' title='bbox 1016 2191 1093 2255; x_wconf 84' lang='lat' dir='ltr'>ieris</span> <span class='ocrx_word' id='word_1_106' title='bbox 1121 2193 1218 2256; x_wconf 91' lang='lat' dir='ltr'>tercia</span> <span class='ocrx_word' id='word_1_107' title='bbox 1243 2194 1388 2276; x_wconf 86' lang='lat' dir='ltr'>proxima</span> <span class='ocrx_word' id='word_1_108' title='bbox 1412 2205 1484 2275; x_wconf 90' lang='lat' dir='ltr'>post</span> <span class='ocrx_word' id='word_1_109' title='bbox 1507 2190 1684 2275; x_wconf 89' lang='lat' dir='ltr'>predictum</span> 
     </span>
     <span class='ocr_line' id='line_1_16' title="bbox 427 2299 1684 2383; baseline -0.002 -21"><span class='ocrx_word' id='word_1_110' title='bbox 427 2299 542 2362; x_wconf 81' lang='lat' dir='ltr'>festum</span> <span class='ocrx_word' id='word_1_111' title='bbox 556 2301 640 2362; x_wconf 90' lang='lat' dir='ltr'>beati</span> <span class='ocrx_word' id='word_1_112' title='bbox 655 2299 757 2380; x_wconf 83' lang='lat' dir='ltr'>Pauli,</span> <span class='ocrx_word' id='word_1_113' title='bbox 770 2299 858 2382; x_wconf 90' lang='lat' dir='ltr'>quod</span> <span class='ocrx_word' id='word_1_114' title='bbox 873 2300 940 2383; x_wconf 89' lang='lat' dir='ltr'>ipse</span> <span class='ocrx_word' id='word_1_115' title='bbox 954 2299 1101 2383; x_wconf 87' lang='lat' dir='ltr'>Mylycza</span> <span class='ocrx_word' id='word_1_116' title='bbox 1115 2299 1146 2362; x_wconf 92' lang='lat' dir='ltr'>in</span> <span class='ocrx_word' id='word_1_117' title='bbox 1162 2299 1253 2362; x_wconf 91' lang='lat' dir='ltr'>nullo</span> <span class='ocrx_word' id='word_1_118' title='bbox 1271 2299 1321 2362; x_wconf 89' lang='lat' dir='ltr'>vel</span> <span class='ocrx_word' id='word_1_119' title='bbox 1337 2299 1468 2362; x_wconf 88' lang='lat' dir='ltr'>modico</span> <span class='ocrx_word' id='word_1_120' title='bbox 1485 2299 1517 2360; x_wconf 91' lang='lat' dir='ltr'>in</span> <span class='ocrx_word' id='word_1_121' title='bbox 1533 2299 1610 2361; x_wconf 88' lang='lat' dir='ltr'>vino</span> <span class='ocrx_word' id='word_1_122' title='bbox 1627 2317 1684 2360; x_wconf 91' lang='lat' dir='ltr'>suo</span> 
     </span>
     <span class='ocr_line' id='line_1_17' title="bbox 428 2404 1684 2490; baseline -0.002 -22"><span class='ocrx_word' id='word_1_123' title='bbox 428 2406 552 2489; x_wconf 89' lang='lat' dir='ltr'>aliquid</span> <span class='ocrx_word' id='word_1_124' title='bbox 570 2406 702 2490; x_wconf 86' lang='lat' dir='ltr'>dampni</span> <span class='ocrx_word' id='word_1_125' title='bbox 722 2407 839 2484; x_wconf 89' lang='lat' dir='ltr'>intulit,</span> <span class='ocrx_word' id='word_1_126' title='bbox 856 2419 887 2469; x_wconf 93' lang='lat' dir='ltr'>et</span> <span class='ocrx_word' id='word_1_127' title='bbox 903 2407 980 2469; x_wconf 93' lang='lat' dir='ltr'>dum</span> <span class='ocrx_word' id='word_1_128' title='bbox 997 2405 1124 2488; x_wconf 90' lang='lat' dir='ltr'>jurabit,</span> <span class='ocrx_word' id='word_1_129' title='bbox 1140 2419 1217 2468; x_wconf 94' lang='lat' dir='ltr'>tunc</span> <span class='ocrx_word' id='word_1_130' title='bbox 1234 2406 1301 2488; x_wconf 85' lang='lat' dir='ltr'>ipse</span> <span class='ocrx_word' id='word_1_131' title='bbox 1318 2405 1465 2469; x_wconf 81' lang='lat' dir='ltr'>Thomas</span> <span class='ocrx_word' id='word_1_132' title='bbox 1489 2404 1684 2486; x_wconf 83' lang='lat' dir='ltr'>obligabitur</span> 
     </span>
     <span class='ocr_line' id='line_1_18' title="bbox 425 2511 1685 2596; baseline -0.003 -19"><span class='ocrx_word' id='word_1_133' title='bbox 425 2515 530 2577; x_wconf 89' lang='lat' dir='ltr'>eidem</span> <span class='ocrx_word' id='word_1_134' title='bbox 541 2514 665 2577; x_wconf 89' lang='lat' dir='ltr'>solvere</span> <span class='ocrx_word' id='word_1_135' title='bbox 675 2514 892 2577; x_wconf 79' lang='lat' dir='ltr'>assiduitatem</span> <span class='ocrx_word' id='word_1_136' title='bbox 905 2513 1034 2576; x_wconf 89' lang='lat' dir='ltr'>illorum</span> <span class='ocrx_word' id='word_1_137' title='bbox 1045 2525 1184 2596; x_wconf 89' lang='lat' dir='ltr'>quatuor</span> <span class='ocrx_word' id='word_1_138' title='bbox 1192 2513 1262 2576; x_wconf 88' lang='lat' dir='ltr'>flor.</span> <span class='ocrx_word' id='word_1_139' title='bbox 1273 2526 1501 2595; x_wconf 82' lang='lat' dir='ltr'>qnantumnon</span> <span class='ocrx_word' id='word_1_140' title='bbox 1509 2511 1685 2574; x_wconf 89' lang='lat' dir='ltr'>solvitsibi.</span> 
     </span>
    </p>

    <p class='ocr_par' dir='ltr' id='par_1_6' title="bbox 426 2617 1687 3024">
     <span class='ocr_line' id='line_1_19' title="bbox 531 2617 1687 2703; baseline -0.003 -22"><span class='ocrx_word' id='word_1_141' title='bbox 531 2619 610 2683; x_wconf 90' lang='lat' dir='ltr'>ltem</span> <span class='ocrx_word' id='word_1_142' title='bbox 634 2639 762 2682; x_wconf 89' lang='lat' dir='ltr'>causam</span> <span class='ocrx_word' id='word_1_143' title='bbox 786 2619 931 2682; x_wconf 88' lang='lat' dir='ltr'>eiusdem</span> <span class='ocrx_word' id='word_1_144' title='bbox 963 2619 1110 2703; x_wconf 88' lang='lat' dir='ltr'>Mylycze</span> <span class='ocrx_word' id='word_1_145' title='bbox 1137 2620 1266 2682; x_wconf 89' lang='lat' dir='ltr'>racione</span> <span class='ocrx_word' id='word_1_146' title='bbox 1290 2617 1380 2680; x_wconf 83' lang='lat' dir='ltr'>XXV</span> <span class='ocrx_word' id='word_1_147' title='bbox 1399 2636 1552 2680; x_wconf 90' lang='lat' dir='ltr'>curruum</span> <span class='ocrx_word' id='word_1_148' title='bbox 1583 2617 1687 2695; x_wconf 92' lang='lat' dir='ltr'>tritici,</span> 
     </span>
     <span class='ocr_line' id='line_1_20' title="bbox 426 2723 1686 2810; baseline -0.003 -21"><span class='ocrx_word' id='word_1_149' title='bbox 426 2725 690 2810; x_wconf 77' lang='lat' dir='ltr'>interpretatum</span> <span class='ocrx_word' id='word_1_150' title='bbox 724 2727 887 2790; x_wconf 89' lang='lat' dir='ltr'>Thomam</span> <span class='ocrx_word' id='word_1_151' title='bbox 919 2739 1087 2806; x_wconf 88' lang='lat' dir='ltr'>sartorem,</span> <span class='ocrx_word' id='word_1_152' title='bbox 1118 2725 1186 2810; x_wconf 90' lang='lat' dir='ltr'>ipse</span> <span class='ocrx_word' id='word_1_153' title='bbox 1211 2725 1357 2788; x_wconf 86' lang='lat' dir='ltr'>Thomas</span> <span class='ocrx_word' id='word_1_154' title='bbox 1388 2724 1492 2808; x_wconf 89' lang='lat' dir='ltr'>jurare</span> <span class='ocrx_word' id='word_1_155' title='bbox 1516 2723 1686 2802; x_wconf 86' lang='lat' dir='ltr'>tenebitur,</span> 
     </span>
     <span class='ocr_line' id='line_1_21' title="bbox 426 2830 1687 2916; baseline -0.003 -20"><span class='ocrx_word' id='word_1_156' title='bbox 426 2832 515 2916; x_wconf 92' lang='lat' dir='ltr'>quod</span> <span class='ocrx_word' id='word_1_157' title='bbox 539 2831 681 2916; x_wconf 84' lang='lat' dir='ltr'>prefatus</span> <span class='ocrx_word' id='word_1_158' title='bbox 704 2832 856 2895; x_wconf 89' lang='lat' dir='ltr'>dominns</span> <span class='ocrx_word' id='word_1_159' title='bbox 881 2833 992 2896; x_wconf 87' lang='lat' dir='ltr'>Petrus</span> <span class='ocrx_word' id='word_1_160' title='bbox 1016 2831 1263 2895; x_wconf 90' lang='lat' dir='ltr'>Thenthonicus</span> <span class='ocrx_word' id='word_1_161' title='bbox 1286 2831 1326 2895; x_wconf 91' lang='lat' dir='ltr'>de</span> <span class='ocrx_word' id='word_1_162' title='bbox 1350 2832 1421 2916; x_wconf 89' lang='lat' dir='ltr'>ipso</span> <span class='ocrx_word' id='word_1_163' title='bbox 1445 2831 1552 2895; x_wconf 91' lang='lat' dir='ltr'>tritico</span> <span class='ocrx_word' id='word_1_164' title='bbox 1577 2831 1622 2894; x_wconf 93' lang='lat' dir='ltr'>nil</span> <span class='ocrx_word' id='word_1_165' title='bbox 1639 2830 1687 2893; x_wconf 87' lang='lat' dir='ltr'>vel</span> 
     </span>
     <span class='ocr_line' id='line_1_22' title="bbox 426 2939 1623 3024; baseline 0.001 -21"><span class='ocrx_word' id='word_1_166' title='bbox 426 2940 591 3004; x_wconf 91' lang='lat' dir='ltr'>modicum</span> <span class='ocrx_word' id='word_1_167' title='bbox 616 2940 721 3003; x_wconf 88' lang='lat' dir='ltr'>eidem</span> <span class='ocrx_word' id='word_1_168' title='bbox 747 2939 876 3021; x_wconf 87' lang='lat' dir='ltr'>legavit,</span> <span class='ocrx_word' id='word_1_169' title='bbox 901 2940 941 3002; x_wconf 92' lang='lat' dir='ltr'>de</span> <span class='ocrx_word' id='word_1_170' title='bbox 965 2940 1035 3022; x_wconf 92' lang='lat' dir='ltr'>ipso</span> <span class='ocrx_word' id='word_1_171' title='bbox 1059 2940 1165 3004; x_wconf 91' lang='lat' dir='ltr'>tritico</span> <span class='ocrx_word' id='word_1_172' title='bbox 1191 2939 1297 3002; x_wconf 90' lang='lat' dir='ltr'>eidem</span> <span class='ocrx_word' id='word_1_173' title='bbox 1321 2939 1469 3024; x_wconf 84' lang='lat' dir='ltr'>Mylycze</span> <span class='ocrx_word' id='word_1_174' title='bbox 1492 2939 1623 3020; x_wconf 86' lang='lat' dir='ltr'>legavit.</span> 
     </span>
    </p>

    <p class='ocr_par' dir='ltr' id='par_1_7' title="bbox 426 3045 1689 3452">
     <span class='ocr_line' id='line_1_23' title="bbox 531 3045 1688 3130; baseline -0.001 -21"><span class='ocrx_word' id='word_1_175' title='bbox 531 3047 609 3110; x_wconf 88' lang='lat' dir='ltr'>ltem</span> <span class='ocrx_word' id='word_1_176' title='bbox 634 3047 674 3110; x_wconf 91' lang='lat' dir='ltr'>de</span> <span class='ocrx_word' id='word_1_177' title='bbox 698 3047 763 3108; x_wconf 92' lang='lat' dir='ltr'>illis</span> <span class='ocrx_word' id='word_1_178' title='bbox 787 3046 914 3109; x_wconf 90' lang='lat' dir='ltr'>duobus</span> <span class='ocrx_word' id='word_1_179' title='bbox 945 3047 1050 3109; x_wconf 88' lang='lat' dir='ltr'>bobus</span> <span class='ocrx_word' id='word_1_180' title='bbox 1082 3047 1150 3130; x_wconf 91' lang='lat' dir='ltr'>ipse</span> <span class='ocrx_word' id='word_1_181' title='bbox 1178 3046 1325 3109; x_wconf 91' lang='lat' dir='ltr'>Thomas</span> <span class='ocrx_word' id='word_1_182' title='bbox 1355 3065 1456 3108; x_wconf 91' lang='lat' dir='ltr'>unum</span> <span class='ocrx_word' id='word_1_183' title='bbox 1481 3045 1588 3107; x_wconf 90' lang='lat' dir='ltr'>eidem</span> <span class='ocrx_word' id='word_1_184' title='bbox 1620 3046 1688 3128; x_wconf 83' lang='lat' dir='ltr'>My·</span> 
     </span>
     <span class='ocr_line' id='line_1_24' title="bbox 426 3151 1689 3237; baseline -0.002 -23"><span class='ocrx_word' id='word_1_185' title='bbox 426 3153 516 3237; x_wconf 86' lang='lat' dir='ltr'>lycze</span> <span class='ocrx_word' id='word_1_186' title='bbox 540 3153 665 3216; x_wconf 89' lang='lat' dir='ltr'>solvere</span> <span class='ocrx_word' id='word_1_187' title='bbox 689 3153 862 3233; x_wconf 87' lang='lat' dir='ltr'>tenebitur,</span> <span class='ocrx_word' id='word_1_188' title='bbox 887 3152 927 3216; x_wconf 92' lang='lat' dir='ltr'>de</span> <span class='ocrx_word' id='word_1_189' title='bbox 952 3153 1017 3216; x_wconf 92' lang='lat' dir='ltr'>alio</span> <span class='ocrx_word' id='word_1_190' title='bbox 1034 3173 1112 3216; x_wconf 86' lang='lat' dir='ltr'>vero</span> <span class='ocrx_word' id='word_1_191' title='bbox 1136 3153 1203 3236; x_wconf 90' lang='lat' dir='ltr'>ipse</span> <span class='ocrx_word' id='word_1_192' title='bbox 1227 3165 1413 3216; x_wconf 89' lang='lat' dir='ltr'>contentare</span> <span class='ocrx_word' id='word_1_193' title='bbox 1436 3152 1599 3215; x_wconf 88' lang='lat' dir='ltr'>tenebitur</span> <span class='ocrx_word' id='word_1_194' title='bbox 1615 3151 1689 3234; x_wconf 85' lang='lat' dir='ltr'>quia</span> 
     </span>
     <span class='ocr_line' id='line_1_25' title="bbox 426 3257 1689 3344; baseline 0 -22"><span class='ocrx_word' id='word_1_195' title='bbox 426 3279 540 3326; x_wconf 89' lang='lat' dir='ltr'>omnes</span> <span class='ocrx_word' id='word_1_196' title='bbox 563 3261 779 3324; x_wconf 90' lang='lat' dir='ltr'>communiter</span> <span class='ocrx_word' id='word_1_197' title='bbox 802 3261 935 3322; x_wconf 87' lang='lat' dir='ltr'>eosdem</span> <span class='ocrx_word' id='word_1_198' title='bbox 952 3261 1175 3341; x_wconf 88' lang='lat' dir='ltr'>comederunt,</span> <span class='ocrx_word' id='word_1_199' title='bbox 1200 3261 1276 3343; x_wconf 90' lang='lat' dir='ltr'>quia</span> <span class='ocrx_word' id='word_1_200' title='bbox 1300 3260 1361 3344; x_wconf 91' lang='lat' dir='ltr'>ipsi</span> <span class='ocrx_word' id='word_1_201' title='bbox 1385 3259 1451 3322; x_wconf 90' lang='lat' dir='ltr'>duo</span> <span class='ocrx_word' id='word_1_202' title='bbox 1475 3259 1576 3322; x_wconf 90' lang='lat' dir='ltr'>boves</span> <span class='ocrx_word' id='word_1_203' title='bbox 1591 3257 1689 3342; x_wconf 84' lang='lat' dir='ltr'>ipsius</span> 
     </span>
     <span class='ocr_line' id='line_1_26' title="bbox 427 3367 882 3452; baseline 0.004 -24"><span class='ocrx_word' id='word_1_204' title='bbox 427 3367 573 3452; x_wconf 89' lang='lat' dir='ltr'>Mylycze</span> <span class='ocrx_word' id='word_1_205' title='bbox 597 3368 720 3450; x_wconf 92' lang='lat' dir='ltr'>proprii</span> <span class='ocrx_word' id='word_1_206' title='bbox 744 3367 882 3430; x_wconf 82' lang='lat' dir='ltr'>suerunt.</span> 
     </span>
    </p>

    <p class='ocr_par' dir='ltr' id='par_1_8' title="bbox 428 3473 1688 3663">
     <span class='ocr_line' id='line_1_27' title="bbox 534 3473 1688 3557; baseline -0.001 -22"><span class='ocrx_word' id='word_1_207' title='bbox 534 3474 611 3536; x_wconf 86' lang='lat' dir='ltr'>ltent</span> <span class='ocrx_word' id='word_1_208' title='bbox 636 3493 694 3557; x_wconf 92' lang='lat' dir='ltr'>pro</span> <span class='ocrx_word' id='word_1_209' title='bbox 719 3474 879 3556; x_wconf 88' lang='lat' dir='ltr'>pulvinari</span> <span class='ocrx_word' id='word_1_210' title='bbox 904 3487 936 3536; x_wconf 92' lang='lat' dir='ltr'>et</span> <span class='ocrx_word' id='word_1_211' title='bbox 967 3493 1025 3557; x_wconf 93' lang='lat' dir='ltr'>pro</span> <span class='ocrx_word' id='word_1_212' title='bbox 1049 3473 1183 3536; x_wconf 88' lang='lat' dir='ltr'>mensali</span> <span class='ocrx_word' id='word_1_213' title='bbox 1215 3475 1283 3557; x_wconf 87' lang='lat' dir='ltr'>ipse</span> <span class='ocrx_word' id='word_1_214' title='bbox 1306 3473 1452 3536; x_wconf 85' lang='lat' dir='ltr'>Thomas</span> <span class='ocrx_word' id='word_1_215' title='bbox 1475 3473 1580 3556; x_wconf 89' lang='lat' dir='ltr'>jurare</span> <span class='ocrx_word' id='word_1_216' title='bbox 1603 3485 1688 3536; x_wconf 89' lang='lat' dir='ltr'>tene·</span> 
     </span>
     <span class='ocr_line' id='line_1_28' title="bbox 428 3579 871 3663; baseline 0 -21"><span class='ocrx_word' id='word_1_217' title='bbox 428 3581 512 3644; x_wconf 91' lang='lat' dir='ltr'>bitur</span> <span class='ocrx_word' id='word_1_218' title='bbox 536 3581 624 3663; x_wconf 94' lang='lat' dir='ltr'>quod</span> <span class='ocrx_word' id='word_1_219' title='bbox 648 3601 705 3644; x_wconf 87' lang='lat' dir='ltr'>sua</span> <span class='ocrx_word' id='word_1_220' title='bbox 732 3579 871 3643; x_wconf 84' lang='lat' dir='ltr'>fuerunt.</span> 
     </span>
    </p>

    <p class='ocr_par' dir='ltr' id='par_1_9' title="bbox 427 3684 1688 3964">
     <span class='ocr_line' id='line_1_29' title="bbox 533 3684 1688 3770; baseline -0.001 -22"><span class='ocrx_word' id='word_1_221' title='bbox 533 3686 610 3750; x_wconf 90' lang='lat' dir='ltr'>ltem</span> <span class='ocrx_word' id='word_1_222' title='bbox 642 3707 700 3770; x_wconf 92' lang='lat' dir='ltr'>pro</span> <span class='ocrx_word' id='word_1_223' title='bbox 732 3685 921 3749; x_wconf 88' lang='lat' dir='ltr'>molendino</span> <span class='ocrx_word' id='word_1_224' title='bbox 953 3701 984 3750; x_wconf 90' lang='lat' dir='ltr'>et</span> <span class='ocrx_word' id='word_1_225' title='bbox 1015 3686 1086 3749; x_wconf 90' lang='lat' dir='ltr'>aliis</span> <span class='ocrx_word' id='word_1_226' title='bbox 1113 3687 1370 3770; x_wconf 87' lang='lat' dir='ltr'>possessionibus</span> <span class='ocrx_word' id='word_1_227' title='bbox 1401 3684 1495 3768; x_wconf 87' lang='lat' dir='ltr'>(jura)</span> <span class='ocrx_word' id='word_1_228' title='bbox 1520 3685 1552 3748; x_wconf 93' lang='lat' dir='ltr'>in</span> <span class='ocrx_word' id='word_1_229' title='bbox 1584 3685 1688 3769; x_wconf 90' lang='lat' dir='ltr'>primo</span> 
     </span>
     <span class='ocr_line' id='line_1_30' title="bbox 427 3791 1687 3876; baseline 0 -22"><span class='ocrx_word' id='word_1_230' title='bbox 427 3792 547 3876; x_wconf 89' lang='lat' dir='ltr'>judicio</span> <span class='ocrx_word' id='word_1_231' title='bbox 572 3793 749 3876; x_wconf 91' lang='lat' dir='ltr'>producere</span> <span class='ocrx_word' id='word_1_232' title='bbox 782 3795 985 3873; x_wconf 90' lang='lat' dir='ltr'>tenebuntur,</span> <span class='ocrx_word' id='word_1_233' title='bbox 1010 3807 1041 3856; x_wconf 90' lang='lat' dir='ltr'>et</span> <span class='ocrx_word' id='word_1_234' title='bbox 1065 3793 1141 3856; x_wconf 84' lang='lat' dir='ltr'>visis</span> <span class='ocrx_word' id='word_1_235' title='bbox 1170 3792 1294 3876; x_wconf 87' lang='lat' dir='ltr'>juribus</span> <span class='ocrx_word' id='word_1_236' title='bbox 1317 3791 1507 3855; x_wconf 87' lang='lat' dir='ltr'>eorumdem</span> <span class='ocrx_word' id='word_1_237' title='bbox 1532 3792 1687 3875; x_wconf 87' lang='lat' dir='ltr'>justiciam</span> 
     </span>
     <span class='ocr_line' id='line_1_31' title="bbox 427 3899 854 3964; baseline 0 0"><span class='ocrx_word' id='word_1_238' title='bbox 427 3902 509 3964; x_wconf 88' lang='lat' dir='ltr'>inter</span> <span class='ocrx_word' id='word_1_239' title='bbox 534 3900 665 3964; x_wconf 86' lang='lat' dir='ltr'>eosdem</span> <span class='ocrx_word' id='word_1_240' title='bbox 690 3899 854 3964; x_wconf 86' lang='lat' dir='ltr'>faciemus.</span> 
     </span>
    </p>

    <p class='ocr_par' dir='ltr' id='par_1_10' title="bbox 427 4007 1690 4519">
     <span class='ocr_line' id='line_1_32' title="bbox 533 4007 1689 4091; baseline 0 -21"><span class='ocrx_word' id='word_1_241' title='bbox 533 4007 612 4070; x_wconf 89' lang='lat' dir='ltr'>Item</span> <span class='ocrx_word' id='word_1_242' title='bbox 636 4025 764 4070; x_wconf 89' lang='lat' dir='ltr'>causam</span> <span class='ocrx_word' id='word_1_243' title='bbox 790 4007 872 4071; x_wconf 91' lang='lat' dir='ltr'>inter</span> <span class='ocrx_word' id='word_1_244' title='bbox 896 4007 1090 4090; x_wconf 85' lang='lat' dir='ltr'>Dyonisium</span> <span class='ocrx_word' id='word_1_245' title='bbox 1107 4007 1295 4091; x_wconf 89' lang='lat' dir='ltr'>scriptorem</span> <span class='ocrx_word' id='word_1_246' title='bbox 1321 4021 1352 4072; x_wconf 87' lang='lat' dir='ltr'>et</span> <span class='ocrx_word' id='word_1_247' title='bbox 1369 4009 1545 4075; x_wconf 87' lang='lat' dir='ltr'>Martinum</span> <span class='ocrx_word' id='word_1_248' title='bbox 1569 4007 1689 4091; x_wconf 88' lang='lat' dir='ltr'>presbi-</span> 
     </span>
     <span class='ocr_line' id='line_1_33' title="bbox 428 4112 1690 4199; baseline -0.002 -21"><span class='ocrx_word' id='word_1_249' title='bbox 428 4127 532 4178; x_wconf 89' lang='lat' dir='ltr'>terum</span> <span class='ocrx_word' id='word_1_250' title='bbox 557 4113 685 4176; x_wconf 90' lang='lat' dir='ltr'>racione</span> <span class='ocrx_word' id='word_1_251' title='bbox 709 4112 876 4176; x_wconf 89' lang='lat' dir='ltr'>cuiusdam</span> <span class='ocrx_word' id='word_1_252' title='bbox 906 4113 1072 4196; x_wconf 90' lang='lat' dir='ltr'>scripture,</span> <span class='ocrx_word' id='word_1_253' title='bbox 1104 4113 1171 4196; x_wconf 88' lang='lat' dir='ltr'>ipse</span> <span class='ocrx_word' id='word_1_254' title='bbox 1195 4114 1371 4199; x_wconf 83' lang='lat' dir='ltr'>Dyonisius</span> <span class='ocrx_word' id='word_1_255' title='bbox 1401 4114 1507 4198; x_wconf 86' lang='lat' dir='ltr'>jurare</span> <span class='ocrx_word' id='word_1_256' title='bbox 1529 4115 1690 4178; x_wconf 90' lang='lat' dir='ltr'>tenebitur</span> 
     </span>
     <span class='ocr_line' id='line_1_34' title="bbox 427 4220 1688 4304; baseline 0 -20"><span class='ocrx_word' id='word_1_257' title='bbox 427 4241 522 4304; x_wconf 87' lang='lat' dir='ltr'>snper</span> <span class='ocrx_word' id='word_1_258' title='bbox 539 4221 596 4284; x_wconf 92' lang='lat' dir='ltr'>illo</span> <span class='ocrx_word' id='word_1_259' title='bbox 620 4220 708 4303; x_wconf 93' lang='lat' dir='ltr'>quod</span> <span class='ocrx_word' id='word_1_260' title='bbox 725 4221 890 4284; x_wconf 89' lang='lat' dir='ltr'>reservivit</span> <span class='ocrx_word' id='word_1_261' title='bbox 919 4221 951 4284; x_wconf 91' lang='lat' dir='ltr'>in</span> <span class='ocrx_word' id='word_1_262' title='bbox 974 4222 1141 4304; x_wconf 89' lang='lat' dir='ltr'>scriptura,</span> <span class='ocrx_word' id='word_1_263' title='bbox 1158 4221 1225 4304; x_wconf 87' lang='lat' dir='ltr'>ipss</span> <span class='ocrx_word' id='word_1_264' title='bbox 1242 4221 1394 4285; x_wconf 88' lang='lat' dir='ltr'>dominus</span> <span class='ocrx_word' id='word_1_265' title='bbox 1411 4223 1568 4286; x_wconf 87' lang='lat' dir='ltr'>Martinus</span> <span class='ocrx_word' id='word_1_266' title='bbox 1584 4221 1688 4286; x_wconf 86' lang='lat' dir='ltr'>eidem</span> 
     </span>
     <span class='ocr_line' id='line_1_35' title="bbox 428 4326 1689 4413; baseline -0.001 -22"><span class='ocrx_word' id='word_1_267' title='bbox 428 4327 586 4411; x_wconf 89' lang='lat' dir='ltr'>Dyonisio</span> <span class='ocrx_word' id='word_1_268' title='bbox 609 4327 733 4390; x_wconf 85' lang='lat' dir='ltr'>solvere</span> <span class='ocrx_word' id='word_1_269' title='bbox 755 4327 934 4406; x_wconf 89' lang='lat' dir='ltr'>tenebitnr;</span> <span class='ocrx_word' id='word_1_270' title='bbox 959 4326 999 4390; x_wconf 88' lang='lat' dir='ltr'>de</span> <span class='ocrx_word' id='word_1_271' title='bbox 1023 4347 1088 4410; x_wconf 91' lang='lat' dir='ltr'>quo</span> <span class='ocrx_word' id='word_1_272' title='bbox 1112 4326 1234 4409; x_wconf 90' lang='lat' dir='ltr'>judicio</span> <span class='ocrx_word' id='word_1_273' title='bbox 1257 4329 1325 4412; x_wconf 89' lang='lat' dir='ltr'>ipse</span> <span class='ocrx_word' id='word_1_274' title='bbox 1355 4329 1512 4393; x_wconf 86' lang='lat' dir='ltr'>Martinus</span> <span class='ocrx_word' id='word_1_275' title='bbox 1534 4329 1689 4413; x_wconf 89' lang='lat' dir='ltr'>presbiter</span> 
     </span>
     <span class='ocr_line' id='line_1_36' title="bbox 429 4434 1274 4519; baseline -0.001 -18"><span class='ocrx_word' id='word_1_276' title='bbox 429 4455 493 4502; x_wconf 85' lang='lat' dir='ltr'>oon</span> <span class='ocrx_word' id='word_1_277' title='bbox 518 4448 688 4498; x_wconf 87' lang='lat' dir='ltr'>contentus</span> <span class='ocrx_word' id='word_1_278' title='bbox 711 4434 751 4496; x_wconf 93' lang='lat' dir='ltr'>ad</span> <span class='ocrx_word' id='word_1_279' title='bbox 775 4436 917 4498; x_wconf 90' lang='lat' dir='ltr'>seniores</span> <span class='ocrx_word' id='word_1_280' title='bbox 941 4435 1119 4518; x_wconf 85' lang='lat' dir='ltr'>appellavit</span> <span class='ocrx_word' id='word_1_281' title='bbox 1141 4435 1274 4519; x_wconf 87' lang='lat' dir='ltr'>judices.</span> 
     </span>
    </p>

    <p class='ocr_par' dir='ltr' id='par_1_11' title="bbox 428 4539 1688 4843">
     <span class='ocr_line' id='line_1_37' title="bbox 534 4539 1688 4626; baseline 0.003 -24"><span class='ocrx_word' id='word_1_282' title='bbox 534 4541 612 4603; x_wconf 89' lang='lat' dir='ltr'>Item</span> <span class='ocrx_word' id='word_1_283' title='bbox 636 4539 820 4604; x_wconf 83' lang='lat' dir='ltr'>Anthonius</span> <span class='ocrx_word' id='word_1_284' title='bbox 836 4541 1050 4626; x_wconf 89' lang='lat' dir='ltr'>Thermsych,</span> <span class='ocrx_word' id='word_1_285' title='bbox 1067 4542 1210 4605; x_wconf 87' lang='lat' dir='ltr'>Briccius</span> <span class='ocrx_word' id='word_1_286' title='bbox 1226 4541 1315 4606; x_wconf 81' lang='lat' dir='ltr'>faber</span> <span class='ocrx_word' id='word_1_287' title='bbox 1332 4557 1363 4607; x_wconf 89' lang='lat' dir='ltr'>et</span> <span class='ocrx_word' id='word_1_288' title='bbox 1378 4542 1525 4606; x_wconf 90' lang='lat' dir='ltr'>Thomas</span> <span class='ocrx_word' id='word_1_289' title='bbox 1542 4543 1688 4608; x_wconf 84' lang='lat' dir='ltr'>Herkach</span> 
     </span>
     <span class='ocr_line' id='line_1_38' title="bbox 428 4647 1687 4735; baseline 0.002 -23"><span class='ocrx_word' id='word_1_290' title='bbox 428 4648 607 4731; x_wconf 85' lang='lat' dir='ltr'>juramenta</span> <span class='ocrx_word' id='word_1_291' title='bbox 631 4667 694 4730; x_wconf 89' lang='lat' dir='ltr'>que</span> <span class='ocrx_word' id='word_1_292' title='bbox 719 4647 846 4710; x_wconf 84' lang='lat' dir='ltr'>racione</span> <span class='ocrx_word' id='word_1_293' title='bbox 863 4649 949 4710; x_wconf 90' lang='lat' dir='ltr'>necis</span> <span class='ocrx_word' id='word_1_294' title='bbox 973 4668 1030 4712; x_wconf 84' lang='lat' dir='ltr'>seu</span> <span class='ocrx_word' id='word_1_295' title='bbox 1054 4649 1166 4712; x_wconf 90' lang='lat' dir='ltr'>mortis</span> <span class='ocrx_word' id='word_1_296' title='bbox 1182 4649 1320 4714; x_wconf 90' lang='lat' dir='ltr'>condam</span> <span class='ocrx_word' id='word_1_297' title='bbox 1338 4649 1471 4733; x_wconf 80' lang='lat' dir='ltr'>Georgii</span> <span class='ocrx_word' id='word_1_298' title='bbox 1487 4651 1615 4733; x_wconf 89' lang='lat' dir='ltr'>sutoris,</span> <span class='ocrx_word' id='word_1_299' title='bbox 1631 4671 1687 4735; x_wconf 92' lang='lat' dir='ltr'>pro</span> 
     </span>
     <span class='ocr_line' id='line_1_39' title="bbox 430 4753 1688 4843; baseline 0.003 -25"><span class='ocrx_word' id='word_1_300' title='bbox 430 4775 494 4837; x_wconf 86' lang='lat' dir='ltr'>qna</span> <span class='ocrx_word' id='word_1_301' title='bbox 519 4753 665 4818; x_wconf 81' lang='lat' dir='ltr'>infamati</span> <span class='ocrx_word' id='word_1_302' title='bbox 690 4769 779 4820; x_wconf 88' lang='lat' dir='ltr'>erant</span> <span class='ocrx_word' id='word_1_303' title='bbox 803 4769 834 4818; x_wconf 92' lang='lat' dir='ltr'>et</span> <span class='ocrx_word' id='word_1_304' title='bbox 861 4756 957 4838; x_wconf 83' lang='lat' dir='ltr'>judex</span> <span class='ocrx_word' id='word_1_305' title='bbox 974 4776 1047 4820; x_wconf 90' lang='lat' dir='ltr'>cum</span> <span class='ocrx_word' id='word_1_306' title='bbox 1071 4756 1182 4840; x_wconf 88' lang='lat' dir='ltr'>juratis</span> <span class='ocrx_word' id='word_1_307' title='bbox 1198 4759 1334 4822; x_wconf 87' lang='lat' dir='ltr'>eandem</span> <span class='ocrx_word' id='word_1_308' title='bbox 1358 4777 1486 4822; x_wconf 89' lang='lat' dir='ltr'>causam</span> <span class='ocrx_word' id='word_1_309' title='bbox 1502 4773 1688 4843; x_wconf 85' lang='lat' dir='ltr'>prosecutus</span> 
     </span>
    </p>
   </div>
   <div class='ocr_carea' id='block_1_5' title="bbox 429 4860 1687 5033">
    <p class='ocr_par' dir='ltr' id='par_1_12' title="bbox 429 4860 1687 5033">
     <span class='ocr_line' id='line_1_40' title="bbox 429 4860 1687 4950; baseline 0.003 -27"><span class='ocrx_word' id='word_1_310' title='bbox 429 4860 506 4938; x_wconf 84' lang='lat' dir='ltr'>tuit,</span> <span class='ocrx_word' id='word_1_311' title='bbox 539 4861 676 4942; x_wconf 91' lang='lat' dir='ltr'>quilibet</span> <span class='ocrx_word' id='word_1_312' title='bbox 707 4883 818 4926; x_wconf 90' lang='lat' dir='ltr'>eorum</span> <span class='ocrx_word' id='word_1_313' title='bbox 851 4864 883 4926; x_wconf 91' lang='lat' dir='ltr'>in</span> <span class='ocrx_word' id='word_1_314' title='bbox 916 4883 1051 4946; x_wconf 86' lang='lat' dir='ltr'>persona</span> <span class='ocrx_word' id='word_1_315' title='bbox 1083 4877 1179 4947; x_wconf 92' lang='lat' dir='ltr'>prout</span> <span class='ocrx_word' id='word_1_316' title='bbox 1217 4864 1378 4928; x_wconf 89' lang='lat' dir='ltr'>debebant</span> <span class='ocrx_word' id='word_1_317' title='bbox 1409 4865 1628 4950; x_wconf 89' lang='lat' dir='ltr'>deposuerunt</span> <span class='ocrx_word' id='word_1_318' title='bbox 1658 4878 1687 4928; x_wconf 87' lang='lat' dir='ltr'>et</span> 
     </span>
     <span class='ocr_line' id='line_1_41' title="bbox 429 4981 869 5033; baseline 0.009 -5"><span class='ocrx_word' id='word_1_319' title='bbox 429 4981 616 5030; x_wconf 80' lang='lat' dir='ltr'>innocentes</span> <span class='ocrx_word' id='word_1_320' title='bbox 639 4983 869 5033; x_wconf 87' lang='lat' dir='ltr'>remanserunt.</span> 
     </span>
    </p>
   </div>
   <div class='ocr_carea' id='block_1_6' title="bbox 954 5099 1165 5120">
    <p class='ocr_par' dir='ltr' id='par_1_13' title="bbox 954 5099 1165 5120">
     <span class='ocr_line' id='line_1_42' title="bbox 954 5099 1165 5120; baseline 0.005 -1"><span class='ocrx_word' id='word_1_321' title='bbox 954 5099 1165 5120; x_wconf 58' lang='grc' dir='ltr'>-α-ο-«ο-</span> 
     </span>
    </p>
   </div>
   <div class='ocr_carea' id='block_1_7' title="bbox 0 0 1861 5782">
    <p class='ocr_par' dir='ltr' id='par_1_14' title="bbox 0 0 1861 5782">
     <span class='ocr_line' id='line_1_43' title="bbox 0 0 1861 5782; baseline 0 0"><span class='ocrx_word' id='word_1_322' title='bbox 0 0 1861 5782; x_wconf 95' lang='lat' dir='ltr'> </span> 
     </span>
    </p>
   </div>
  </div>
 </body>
</html>
