3818 5786
416 545 452 586 to
772 529 859 584 Anno
882 539 972 605 [450.
999 562 1038 569 —
1063 537 1112 604 27.
1141 529 1311 590 novembris.

410 738 496 799 dicto
521 739 649 800 Andrea
675 739 742 800 Lah
767 759 873 821 neque
906 739 1080 802 adomina
1114 741 1287 803 Scolastica
1320 741 1411 803 aliter
1435 743 1534 804 Ztana
1561 758 1674 806 vocata

412 845 522 908 relicta
547 846 647 928 ipsius
671 846 799 908 Andrce
826 846 892 908 Lah
928 867 1034 929 neque
1058 849 1098 909 ab
1131 847 1303 910 heredibus
1326 849 1392 911 suis
1415 849 1456 910 ad
1488 850 1602 912 trinam
1627 849 1674 911 fo-

411 971 536 1014 rensem
561 965 592 1014 et
615 953 779 1035 publicam
809 953 1102 1036 proclamacionem
1127 974 1183 1036 per
1208 974 1267 1016 nos
1297 955 1469 1037 superinde
1493 953 1561 1018 fieri
1586 976 1674 1018 com-

409 1058 538 1120 missam
564 1073 594 1121 et
617 1079 674 1142 per
697 1079 852 1142 precones
868 1074 995 1122 nostros
1012 1079 1200 1123 communes
1222 1060 1338 1124 factam
1357 1062 1491 1125 minime
1515 1063 1673 1126 redimere

409 1167 593 1246 voluerunt,
618 1187 729 1251 ymmo
755 1167 793 1229 ad
819 1168 1040 1230 redimendam
1065 1169 1166 1250 ipsam
1193 1169 1326 1230 domum
1358 1169 1465 1231 medie
1490 1169 1576 1231 curie
1600 1187 1674 1232 cum

409 1271 509 1334 fundo
534 1285 594 1336 etc.
619 1274 718 1335 nostri
744 1275 776 1334 in
800 1273 999 1357 presenciam
1018 1294 1075 1336 nec
1099 1275 1207 1336 venire
1225 1294 1284 1336 nec
1301 1275 1444 1357 aliquem
1469 1295 1527 1358 pro
1551 1295 1584 1336 se
1601 1275 1673 1337 mit-

354 1377 356 1382 ’
407 1391 473 1440 tere
497 1393 659 1459 curarunt,
683 1394 713 1442 et
738 1381 815 1462 quia
837 1381 938 1444 eciam
956 1379 1079 1463 prelata
1098 1380 1230 1443 domina
1256 1381 1429 1444 Scolastica
1448 1382 1557 1444 relicta
1574 1383 1675 1466 ipsius

407 1485 536 1547 Andree
562 1485 629 1547 Lah
654 1487 745 1548 dacia
769 1501 835 1549 tam
860 1488 1068 1549 dominorum
1104 1501 1286 1550 nostrorum
1312 1508 1407 1572 super
1432 1508 1490 1550 nos
1511 1509 1570 1571 pro
1594 1503 1673 1550 tem-

407 1612 485 1675 pore
510 1594 768 1674 constitutorum,
802 1614 898 1676 quam
930 1595 1032 1657 eciam
1064 1607 1188 1657 nostras
1220 1615 1409 1658 communes
1438 1610 1536 1676 taxas,
1561 1595 1674 1678 vigila-

408 1712 558 1781 turasque
584 1715 615 1762 et
639 1701 700 1762 alia
724 1701 830 1762 debita
857 1715 887 1763 et
919 1715 1100 1783 opportuna
1126 1702 1257 1764 servicia
1292 1716 1397 1764 nostra
1423 1703 1608 1764 communia
1633 1702 1673 1763 de

407 1806 519 1869 eadem
547 1807 646 1869 domo
679 1807 784 1870 medie
812 1808 900 1870 curie
924 1821 955 1870 et
981 1806 1082 1870 fundo
1114 1828 1150 1869 ac
1185 1807 1342 1870 hedificiis
1371 1829 1388 1870 a
1414 1808 1500 1870 dicto
1525 1822 1671 1892 tempore

406 1913 679 1995 inpignoracionis
704 1927 734 1976 et
769 1934 869 1996 usque
900 1934 985 1976 nunc
1006 1934 1131 1997 semper
1162 1926 1310 1998 prompte
1335 1914 1423 1977 dedit
1446 1929 1477 1977 et
1509 1916 1670 1998 inpendit,

407 2035 502 2102 prout
536 2020 708 2103 superinde
746 2021 888 2104 plenarie
923 2041 1033 2083 sumus
1065 2019 1239 2100 informati,
1271 2035 1302 2083 et
1334 2020 1408 2083 ideo
1440 2041 1499 2083 nos
1531 2022 1668 2084 eandem

406 2127 540 2188 domum
565 2128 671 2189 medie
697 2128 782 2190 curie
808 2148 881 2190 cum
905 2126 1007 2190 fundo
1032 2142 1062 2190 et
1095 2128 1213 2190 celario
1238 2130 1447 2192 subterraneo
1471 2149 1507 2191 ac
1533 2129 1667 2192 cisterna

405 2247 436 2296 et
461 2233 627 2312 hedificiis,
663 2235 798 2316 aliisque
832 2236 954 2298 cunctis
986 2235 1051 2296 suis
1083 2236 1274 2297 utilitatibus
1298 2251 1329 2298 et
1361 2237 1566 2318 pertinenciis
1600 2237 1669 2299 uni-

405 2341 504 2402 versis
528 2342 668 2423 predicte
694 2341 825 2403 domine
852 2343 1024 2404 Scolastice
1049 2362 1085 2404 ac
1110 2362 1260 2424 peream
1285 2343 1350 2405 suis
1374 2343 1546 2404 heredibus
1569 2343 1670 2405 literis

406 2448 521 2509 nostris
545 2449 799 2531 privilegialibus
823 2450 992 2511 statuimus
1017 2463 1048 2512 et
1071 2448 1332 2511 confirmavimus
1363 2448 1432 2530 jure
1456 2463 1613 2532 perpetuo
1638 2464 1669 2514 et

405 2555 656 2618 irrevocabiliter
679 2555 907 2639 possidendam
932 2571 963 2619 et
993 2557 1302 2639 quomodocumque
1327 2556 1467 2618 voluerit
1491 2556 1665 2639 disponen-

406 2664 478 2726 dam
504 2665 589 2746 juxta
615 2663 841 2726 condicionem
867 2664 1003 2726 civitatis
1027 2677 1194 2747 prenotate
1218 2665 1258 2726 ab
1286 2663 1420 2745 antiquo
1445 2664 1666 2746 approbatam.

404 2899 498 2974 Faria
527 2911 626 2976 sexta
663 2905 817 2993 proxima
845 2913 921 2994 post
949 2905 1071 2976 festum
1109 2907 1204 2977 beate
1241 2903 1425 2976 llatherine
1460 2906 1604 2994 virginis
1634 2911 1668 2976 et

874 3031 1030 3101 martiris
1059 3028 1194 3101 Christi.

894 3199 958 3281 (27.
982 3199 1169 3272 novembres).

509 3359 586 3421 ltem
605 3359 697 3442 jurati
716 3379 844 3422 causam
869 3361 951 3422 inter
968 3358 1146 3441 Georgium
1165 3359 1314 3442 Rosnyak
1332 3372 1363 3421 et
1379 3359 1461 3420 inter
1478 3357 1664 3440 Philippum

401 3479 543 3527 sutorem
569 3467 599 3526 in
625 3465 709 3529 lacto
734 3467 951 3548 sagittacionis
976 3487 1147 3549 porcorum
1182 3467 1328 3529 eiusdem
1353 3465 1486 3548 Georgii
1512 3465 1664 3543 habitam,

401 3574 563 3635 eomodo
596 3573 830 3654 adjudicarunt,
862 3573 951 3656 quod
984 3574 1051 3655 ipse
1085 3573 1252 3656 Philippus
1280 3573 1348 3634 sola
1381 3592 1437 3634 sua
1462 3572 1494 3632 in
1527 3591 1664 3653 persona

401 3693 514 3742 octavo
540 3681 592 3742 die
616 3701 711 3762 super
735 3701 822 3743 aram
841 3681 944 3762 jurare
969 3682 1129 3744 tenebitur
1146 3702 1241 3764 super
1265 3701 1315 3760 eo,
1339 3693 1374 3742 ut
1391 3680 1458 3761 ipse
1482 3677 1560 3740 hora
1577 3691 1664 3740 sexta

400 3788 502 3852 noctis
527 3787 667 3869 quadam
692 3803 785 3849 nocte
810 3789 841 3848 in
867 3789 1068 3870 possessione
1097 3808 1153 3850 sua
1186 3789 1219 3848 in
1244 3787 1386 3870 dampno
1419 3805 1477 3848 suo
1502 3785 1664 3866 sagittavit

399 3913 513 3976 porcos
538 3894 637 3976 ipsius
663 3893 794 3976 Georgii
820 3895 988 3978 Bosnyak3
1013 3895 1053 3955 de
1078 3914 1143 3976 quo
1161 3894 1283 3976 judicio
1308 3893 1374 3975 ipse
1400 3891 1561 3973 Georgius
1585 3891 1664 3953 Bos·

401 4003 484 4084 nyak
510 4021 574 4062 non
600 4015 778 4080 contentus,
797 4002 971 4084 appellavit
992 4001 1126 4063 eandem
1146 4020 1273 4062 causam
1299 4019 1370 4061 cum
1395 3999 1486 4061 totali
1511 4018 1663 4082 processu

400 4123 430 4169 et
446 4107 689 4188 adjudicacione
704 4108 846 4190 ipsorum
864 4108 1040 4189 juratorum
1065 4108 1096 4169 in
1115 4107 1312 4189 presenciam
1329 4106 1492 4168 seniorum
1517 4105 1661 4186 judicum

398 4235 456 4297 pro
481 4214 568 4276 finali
593 4231 623 4276 et
647 4216 772 4277 meliori
798 4216 896 4297 ipsius
925 4235 1018 4276 cause
1042 4215 1289 4278 deliberacione.

505 4339 581 4401 ltem
609 4340 753 4423 Mathyas
778 4339 927 4423 Puchych
953 4352 1062 4402 contra
1086 4339 1234 4400 Vrsulam
1259 4340 1355 4402 lixam
1380 4339 1522 4400 secundo
1548 4339 1661 4401 citatus

398 4466 463 4508 non
489 4447 678 4529 comparuit.

505 4573 581 4634 ltem
607 4573 682 4654 quia
701 4571 861 4656 Georgius
878 4572 982 4633 dictus
999 4572 1179 4655 Dragawyn
1194 4571 1279 4633 filius
1296 4571 1422 4633 Nicolai
1439 4571 1515 4632 dicti
1534 4572 1660 4654 Mykus,

397 4679 538 4741 concivis
560 4692 677 4758 noster,
697 4679 727 4740 id
753 4699 825 4741 curn
842 4677 1013 4742 sufficienti
1038 4695 1068 4741 et
1089 4679 1253 4760 fidedigno
1270 4691 1451 4740 nostrorum
1477 4678 1660 4740 concivium

397 4786 584 4848 testimonio
609 4786 705 4847 hodie
732 4787 762 4846 in
788 4786 863 4848 sede
888 4801 994 4848 nostra
1019 4785 1184 4866 judiciaria
1202 4786 1286 4846 clare
1310 4785 1534 4867 comprobavit
1551 4804 1658 4846 coram

396 4894 500 4972 nobis,
525 4906 559 4954 ut
583 4893 659 4954 dum
684 4893 818 4975 provida
851 4893 966 4955 mulier
997 4892 1098 4954 Elena
1126 4892 1216 4954 aliter
1249 4893 1404 4974 Dragatva
1430 4904 1552 4970 vocata,
1578 4911 1659 4953 uxor

397 5001 554 5084 legittima
579 5001 677 5083 ipsius
703 4999 834 5083 Georgii
860 5000 891 5060 in
917 4999 1066 5061 extremis
1090 4999 1154 5062 vite
1178 5017 1234 5060 sue
1262 4998 1448 5080 temporalis
1472 4998 1658 5075 laborasset,
