3838 5786
453 517 516 596 360
818 517 903 571 Anno
927 513 1020 588 1469.
1046 547 1086 555 -—
1111 525 1157 588 17.
1182 511 1352 571 novembris.

452 729 731 791 dehonestacionis
757 726 899 788 eiusdem
927 725 1100 802 Dorothee‚
1126 726 1156 786 in
1183 725 1303 806 judicio
1334 726 1524 806 comparuit,
1548 744 1610 807 que
1640 745 1712 786 con-

451 857 519 897 sors
544 836 643 917 ipsius
668 833 832 914 l’angracii
859 833 954 914 peciit
973 832 1157 893 ulteriorem
1176 833 1262 893 diem
1288 831 1454 912 juridicam
1481 832 1712 912 respondendi;

453 943 501 1004 cui
529 943 621 1002 datus
645 955 692 1002 est
715 940 871 1000 terminus
895 939 997 1020 prima
1022 938 1090 999 dies
1108 939 1266 1018 judicialis
1291 939 1329 999 ad
1355 939 1627 1020 respondendum,
1651 958 1712 1020 que

452 1051 614 1110 tenebitur
638 1066 832 1128 comparere.

559 1155 635 1215 Item
663 1155 692 1214 in
720 1173 812 1214 causa
838 1153 919 1212 inter
938 1151 1050 1232 Elyam
1077 1149 1216 1211 fusorem
1235 1170 1462 1232 campanarum
1481 1167 1511 1211 et
1535 1153 1616 1211 inter
1633 1152 1713 1212 Mar-

451 1263 554 1322 tinurn
580 1260 719 1342 judicem
746 1260 872 1319 racione
890 1257 1055 1318 cuiusdam
1073 1257 1152 1319 silve
1176 1256 1312 1318 condam
1331 1257 1425 1318 Blasii
1445 1257 1713 1338 Chn'davvchych‚

453 1368 580 1428 racione
606 1367 696 1427 cuius
721 1365 797 1425 silve
824 1365 889 1445 ipse
916 1363 1072 1425 Martinus
1093 1363 1186 1444 judex
1205 1361 1397 1444 vituperavit
1421 1363 1524 1444 ipsum
1551 1363 1664 1444 Elyam
1682 1363 1714 1423 in

452 1473 573 1554 judicio
598 1489 628 1533 et
653 1471 712 1534 luit
746 1471 911 1532 convictus
944 1485 1053 1532 contra
1085 1470 1187 1551 ipsum
1214 1469 1328 1552 Elyam
1363 1469 1392 1528 in
1418 1469 1531 1548 viginti
1556 1469 1662 1550 pensis
1685 1483 1715 1529 et

453 1593 562 1640 contra
587 1578 726 1658 judicem
753 1593 783 1638 et
807 1576 926 1656 juratos
952 1578 982 1636 in
1009 1576 1154 1637 ducentis
1178 1576 1327 1652 denariis,
1351 1595 1414 1656 que
1439 1595 1532 1636 causa
1557 1577 1715 1657 appellata

455 1687 515 1747 luit
539 1686 577 1747 ad
603 1685 762 1760 seniores;
789 1699 820 1744 et
851 1683 926 1764 quia
952 1685 1018 1764 ipse
1049 1697 1154 1763 partes
1180 1683 1209 1742 in
1247 1680 1330 1744 lacto
1362 1682 1518 1762 premisso
1542 1682 1715 1742 concorda·

453 1808 526 1855 runt
551 1809 581 1854 et
607 1813 716 1874 pacem
742 1791 896 1868 fecerunt,
919 1791 1037 1870 (deest).
1363 1794 1367 1802 '

560 1900 636 1960 ltem
663 1919 790 1960 causam
817 1899 898 1959 inter
924 1897 1055 1958 Gallum
1074 1910 1226 1973 sutorem,
1244 1895 1403 1956 seniorem
1423 1895 1571 1974 juratum,
1590 1896 1715 1956 racione

454 2005 667 2088 percussionis
692 2005 816 2082 juvenis
841 2003 944 2065 fratris
968 2004 1015 2064 sui
1042 2023 1097 2084 per
1126 2002 1343 2084 Gywaninum
1370 2003 1563 2080 bucherium,
1587 2017 1619 2063 et
1643 2004 1714 2084 quia

454 2133 518 2173 non
551 2113 655 2194 potuit
687 2111 817 2191 reperiri
849 2111 956 2190 aliqua
997 2109 1124 2170 cicatrix
1156 2129 1251 2189 super
1282 2108 1449 2188 juvenem,
1482 2123 1513 2170 et
1544 2109 1619 2189 quia
1652 2110 1714 2191 ipse

456 2220 569 2280 Gallus
593 2220 807 2300 captivaverat
832 2218 935 2298 ipsum
963 2215 1086 2299 Gywan
1114 2217 1296 2276 barberium
1331 2216 1369 2276 ad
1396 2229 1490 2297 caput
1514 2236 1620 2294 suum,
1645 2217 1713 2276 ideo

454 2327 520 2408 ipse
554 2345 618 2386 non
646 2339 769 2406 poterat
802 2325 905 2404 ipsum
937 2324 976 2383 ad
1009 2337 1104 2404 caput
1136 2323 1305 2403 captivare,
1340 2323 1412 2384 ideo
1438 2323 1504 2404 ipse
1531 2322 1645 2384 Gallus
1672 2339 1713 2384 est

454 2433 618 2494 convictus
632 2445 740 2492 contra
756 2432 858 2512 ipsum
874 2429 999 2512 Gywan
1015 2429 1046 2489 in
1069 2429 1176 2489 medio
1191 2429 1254 2488 vivi
1279 2428 1440 2509 homagii3
1458 2428 1497 2489 de
1515 2449 1581 2510 quo
1598 2430 1711 2510 judicio

454 2539 629 2620 juratorum
649 2539 715 2620 ipse
741 2537 854 2598 Gallus
886 2557 950 2597 non
969 2549 1138 2596 contentus
1161 2536 1201 2596 ad
1227 2535 1370 2596 seniores
1395 2535 1569 2617 appellavit
1586 2536 1710 2616 judices.

561 2645 637 2704 ltem
664 2663 791 2705 causam
813 2645 893 2703 inter
912 2642 1094 2702 Emericum
1115 2641 1337 2723 Sydowchych
1357 2656 1386 2702 et
1409 2642 1490 2702 inter
1509 2643 1708 2705 benedictum

457 2749 585 2812 Gerdak
610 2749 742 2828 dictum,
767 2750 895 2810 racione
920 2749 1110 2809 violacionis
1135 2763 1165 2809 et
1193 2747 1495 2829 perligonizacionis
1520 2749 1613 2810 vinee
1637 2751 1709 2811 eius-

456 2858 527 2918 dem
555 2857 692 2918 Emerici
718 2871 749 2917 et
773 2869 928 2916 certarum
956 2855 1068 2914 vitium
1095 2855 1134 2916 de
1163 2855 1317 2936 porcione
1341 2855 1434 2916 vinee
1460 2855 1570 2936 ipsius,
1595 2857 1708 2917 vituum

456 2963 495 3024 ad
523 2965 647 3024 vineam
671 2982 761 3022 suam
796 2961 992 3042 recepcionis
1026 2975 1056 3022 et
1081 2961 1304 3042 plantacionis,
1337 2961 1430 3042 jurati
1455 2961 1709 3042 adjudicaverunt

456 3071 559 3151 ipsum
586 3069 714 3130 Gerdak
740 3069 770 3128 in
797 3067 880 3129 facto
906 3067 1053 3150 potencie
1088 3081 1195 3128 contra
1230 3067 1334 3149 ipsum
1361 3069 1564 3146 Emericum3
1589 3070 1628 3130 de
1652 3089 1707 3149 quo

455 3175 575 3256 judicio
612 3176 753 3256 ipsorum
790 3174 966 3254 juratorum
1003 3175 1070 3254 ipse
1105 3172 1233 3234 Gerdak
1268 3193 1332 3234 non
1370 3188 1549 3252 contentus,
1583 3176 1706 3237 eandem

456 3302 582 3343 causam
608 3281 781 3363 appellavit
805 3281 843 3341 ad
869 3281 1011 3340 seniores
1035 3281 1167 3360 judices.

563 3388 639 3448 ltem
665 3407 792 3448 causam
818 3389 898 3448 inter
923 3400 1105 3447 consortem
1132 3387 1213 3447 Petri
1234 3387 1392 3447 sellatoris
1416 3401 1446 3448 et
1471 3388 1553 3450 inter
1578 3389 1706 3449 relictam

457 3495 593 3554 condam
621 3495 728 3554 Eartol
753 3493 911 3554 sellatoris
936 3494 1063 3553 racione
1096 3493 1225 3574 suspicii
1252 3493 1505 3573 intoxicacionis,
1531 3515 1626 3576 quam
1649 3495 1705 3574 ipsa

457 3619 588 3660 consors
614 3601 711 3680 ipsius
737 3600 819 3660 Petri
845 3615 954 3661 contra
980 3601 1081 3680 ipsam
1115 3603 1316 3680 proponebat
1349 3621 1405 3682 pro
1429 3601 1498 3662 viro
1523 3621 1582 3662 suo
1605 3616 1633 3662 et
1654 3600 1705 3660 sibi

457 3706 547 3782 lacte,
580 3707 670 3788 jurati
704 3707 808 3767 taliter
840 3707 1074 3786 adjudicarunt,
1107 3707 1194 3786 quod
1231 3707 1298 3782 ipsa
1332 3707 1440 3768 relicta
1476 3709 1585 3769 Bartol
1615 3707 1706 3786 jurare

457 3815 618 3876 tenebitur
641 3815 805 3874 terciamet
830 3833 901 3874 cum
927 3813 1073 3894 personis
1100 3813 1160 3872 sibi
1193 3813 1353 3874 similibus
1377 3815 1464 3894 quod
1491 3815 1558 3896 ipsa
1583 3834 1642 3874 non
1666 3813 1705 3872 in·

457 3921 650 3982 toxicaverat
675 3922 823 3995 eosdem;
848 3921 886 3981 de
912 3941 977 4001 quo
995 3919 1115 4000 judicio
1141 3921 1208 4001 ipsa
1233 3940 1364 3982 consors
1381 3921 1463 3982 Petri
1490 3942 1555 3982 non
1574 3934 1706 3983 contenta

459 4028 633 4108 appellavit
650 4028 689 4088 ad
714 4028 854 4087 seniores
872 4027 1004 4106 judices,
1030 4041 1060 4088 et
1073 4026 1176 4107 jurare
1194 4029 1355 4088 tenebitur
1372 4027 1450 4089 leria
1474 4043 1560 4090 sexta
1578 4027 1706 4111 proxime

459 4149 601 4196 ventura.

566 4242 643 4303 ltem
675 4243 749 4324 quia
784 4242 920 4304 Michael
952 4256 1041 4304 sutor
1072 4263 1189 4325 parvus
1221 4257 1331 4304 contra
1369 4257 1550 4304 consortem
1584 4238 1707 4304 Emerici

460 4350 556 4428 Segin
582 4350 686 4430 primo
704 4350 816 4410 citatus
836 4371 899 4410 non
926 4351 1106 4432 comparuit
1123 4351 1153 4410 in
1173 4350 1293 4430 judicio
1311 4369 1416 4410 coram
1441 4351 1545 4432 nobis,
1562 4350 1608 4411 cui
1624 4347 1707 4408 datus

460 4469 506 4516 est
531 4455 684 4516 terminus
709 4456 810 4537 prima
836 4457 904 4517 dies
927 4457 1036 4537 judicii
1063 4457 1101 4518 ad
1131 4456 1403 4538 respondendum.

524 4623 618 4695 Feria
647 4635 743 4696 sexta
773 4629 927 4715 proxima
956 4635 1033 4698 aute
1062 4627 1185 4697 festum
1215 4627 1311 4698 beate
1340 4625 1522 4716 Elyzabeth
1549 4625 1644 4696 vidue.

949 4769 1008 4837 (17.
1041 4761 1224 4836 novembris).

568 4881 644 4943 ltem
671 4885 744 4963 quia
772 4885 873 4944 Lucas
897 4885 1036 4963 agricola
1062 4884 1146 4945 lilius
1171 4883 1290 4945 Mathie
1315 4885 1353 4944 de
1380 4884 1617 4955 Chernomercz‚
1644 4879 1704 4939 Mo-

462 4989 707 5071 nyalrovvychyn
733 4990 845 5068 dictus,
870 4991 948 5051 alias
972 4991 1113 5052 concivis
1138 5005 1244 5052 noster
1268 5011 1325 5073 pro
1351 4991 1493 5072 quodam
1520 4990 1597 5052 furtu
1619 4985 1705 5045 unius
