3644 5788
408 569 465 652 178
779 571 865 628 Anno
887 581 980 646 1459.
1005 603 1045 612 —
1066 582 1100 644 9.
1124 569 1292 632 novembris.

403 783 551 863 antiquas
575 783 614 844 ab
639 781 754 842 eodem
779 781 910 862 recepit,
936 780 1066 862 insuper
1089 781 1190 842 eciam
1219 780 1319 842 libere
1345 795 1448 863 potest
1472 802 1663 864 permanere

403 891 435 950 in
460 890 588 952 civitate
613 889 809 969 ubicumque
834 888 893 949 sibi
919 888 1040 969 placet;
1075 887 1206 969 dequo
1237 887 1358 968 judicio
1383 887 1559 965 juratorum
1596 907 1667 970 pre·

404 995 487 1058 latus
512 995 630 1056 Paulus
654 1014 718 1056 non
744 1009 913 1055 contentus
937 993 1113 1076 appellavit
1140 993 1180 1054 ad
1205 994 1348 1056 seniores
1372 993 1505 1074 judices.

509 1101 586 1162 ltem
612 1100 783 1163 Conradus
808 1101 940 1162 Rawssr
963 1113 1073 1161 contra
1100 1100 1228 1162 Petrum
1247 1099 1394 1162 Katbana
1420 1101 1526 1182 primo
1552 1101 1668 1162 citatus

404 1227 470 1269 non
496 1207 686 1289 comparuit.

615 1439 711 1513 Feria
740 1448 838 1514 sexta
866 1444 1021 1531 proxima
1049 1448 1128 1513 ente
1156 1442 1279 1514 festum
1306 1442 1457 1516 Martini.

910 1599 962 1676 (9.
986 1593 1172 1677 novembris).

510 1734 1668 1826 ltemClemenslreniparcontraTermsychracionecuiusdamdampni

405 1844 622 1925 juramentum
636 1863 691 1925 per
704 1842 824 1922 juratos
837 1843 897 1904 sibi
915 1841 1145 1924 adjudicatum,
1159 1857 1255 1925 prout
1271 1843 1409 1905 debebat
1426 1864 1490 1906 non
1509 1844 1669 1926 deposuit.

512 1951 589 2012 Item
615 1950 690 2032 quia
714 1950 905 2011 Valentinus
936 1949 1031 2030 judex
1056 1963 1164 2011 noster
1194 1950 1302 2012 senior
1326 1950 1358 2011 id
1396 1971 1470 2012 curn
1495 1948 1668 2013 sufficienti

407 2072 438 2119 et
461 2056 626 2138 fidedigno
659 2070 842 2118 nostrorum
875 2055 1058 2118 concivium
1089 2056 1276 2118 testimonio
1307 2055 1404 2118 hodie
1436 2076 1544 2118 coram
1576 2057 1671 2118 nobis

406 2163 491 2224 clare
515 2163 749 2244 comprobavit,
781 2175 815 2222 ut
851 2162 928 2223 dum
961 2161 1095 2244 provida
1119 2162 1258 2224 condam
1289 2163 1406 2224 mulier
1429 2163 1513 2225 Nesa
1545 2177 1669 2241 vocata,

409 2269 497 2354 olym
523 2269 698 2330 concivisse
724 2281 842 2348 nostra,
867 2269 899 2330 in
924 2269 1072 2330 extremis
1096 2269 1160 2330 vite
1188 2289 1245 2330 sue
1268 2270 1455 2351 temporalis
1479 2270 1667 2348 laborasset,

407 2389 482 2436 tunc
507 2375 573 2456 ipsa
598 2375 761 2437 universas
785 2395 835 2436 res
858 2387 889 2436 et
912 2376 997 2436 bona
1021 2395 1077 2436 sua
1102 2375 1239 2437 mobiles
1266 2375 1416 2437 videlicet
1443 2389 1474 2437 et
1496 2375 1666 2437 inmobilia

406 2482 439 2542 in
464 2481 623 2542 territorio
640 2479 761 2562 prefate
786 2481 922 2543 civitatis
946 2501 982 2542 ac
1005 2480 1037 2542 in
1055 2481 1122 2562 ipsa
1140 2481 1267 2544 civitate
1291 2481 1415 2542 habitas
1439 2495 1470 2543 et
1493 2482 1668 2544 existencia

407 2585 533 2668 prelato
556 2587 729 2648 Valentino
754 2586 852 2668 judici
877 2607 913 2648 ac
931 2586 1064 2647 domine
1082 2586 1222 2648 consorti
1247 2606 1302 2648 sue
1326 2600 1490 2668 tamquam
1516 2588 1668 2649 commis-

406 2693 496 2754 sariis
520 2692 663 2754 eiusdem
689 2692 826 2755 fideliter
850 2692 1031 2776 expendere
1062 2693 1276 2756 commisisset
1300 2707 1331 2755 et
1354 2694 1500 2772 legasset,
1526 2695 1668 2776 ideoque

407 2818 466 2860 nos
490 2798 619 2861 easdem
644 2819 693 2860 res
717 2812 747 2860 et
771 2801 856 2861 bona
880 2799 1018 2860 mobiles
1043 2811 1074 2861 et
1101 2799 1272 2862 inmobilia
1296 2799 1396 2882 ipsius
1419 2800 1503 2862 Nese
1527 2801 1674 2862 mulieris

408 2903 539 2987 prelatis
562 2905 734 2968 Valentino
758 2905 855 2986 judici
882 2919 913 2967 et
936 2905 1067 2967 domine
1098 2906 1238 2970 consorti
1262 2926 1319 2968 sue
1343 2920 1508 2988 tamquam
1533 2908 1619 2968 veris
1644 2921 1675 2969 et

408 3011 575 3092 legittimis
590 3011 818 3088 commissariis
834 3011 978 3073 eiusdem
1000 3012 1130 3093 plenam
1147 3012 1309 3074 vendendi
1322 3031 1358 3074 ac
1375 3032 1433 3094 pro
1446 3013 1554 3074 anima
1572 3013 1675 3095 ipsius

408 3117 495 3199 juxta
519 3119 782 3180 commissionem
800 3117 943 3180 eiusdem
969 3117 1182 3181 distribuendi
1200 3131 1230 3181 et
1254 3119 1447 3202 disponendi
1464 3119 1675 3182 attribuimus

408 3225 573 3306 potestatis
597 3223 791 3289 facultatem.

515 3331 593 3394 ltem
618 3333 694 3414 quia
718 3333 819 3414 proba
843 3345 875 3394 et
891 3331 1025 3395 honesta
1051 3331 1167 3396 mulier
1183 3331 1297 3394 Vrsule
1322 3344 1445 3410 vocata,
1469 3332 1578 3394 relicta
1596 3351 1676 3394 con-

409 3437 484 3499 dam
509 3437 649 3499 Ladislai
674 3437 919 3500 Fudrichewich
956 3439 1035 3500 olirn
1064 3437 1158 3520 jurati
1183 3450 1214 3500 et
1238 3435 1380 3498 concivis
1404 3437 1514 3515 nostri,
1540 3437 1573 3498 id
1598 3457 1676 3500 cum

408 3541 580 3606 sufficienti
605 3557 636 3604 et
668 3542 833 3625 fidedigno
861 3558 1044 3606 nostrorum
1077 3543 1258 3606 concivium
1291 3543 1479 3606 testimonio
1510 3543 1609 3605 hodie
1645 3545 1676 3605 in

409 3649 485 3711 sede
510 3663 616 3711 nostra
640 3649 806 3730 judiciaria
831 3651 914 3712 clare
940 3651 1166 3732 comprobavit
1184 3669 1293 3712 coram
1318 3651 1423 3728 nobis,
1447 3665 1483 3712 ut
1506 3651 1584 3712 dum
1603 3673 1678 3735 pre-

409 3755 491 3818 latus
517 3757 684 3818 Ladislaus
701 3757 853 3819 dominus
877 3771 908 3820 et
929 3758 1063 3819 maritus
1078 3777 1154 3820 suus
1170 3757 1203 3818 in
1228 3757 1378 3820 extremis
1395 3757 1459 3818 vite
1475 3777 1531 3818 sue
1547 3771 1679 3841 tempo·

409 3863 483 3923 ralis
508 3863 692 3941 laborasset,
716 3875 792 3924 tunc
823 3864 892 3945 ipse
916 3882 1030 3924 omnes
1064 3877 1095 3924 et
1127 3862 1272 3944 singulas
1303 3863 1521 3946 possessiones
1545 3877 1576 3926 et
1601 3883 1679 3946 por·

409 3970 518 4030 ciones
542 3989 614 4030 suas
638 3969 905 4051 possessionarias
938 3970 970 4031 iu
996 3969 1080 4031 dicta
1112 3969 1240 4032 civitate
1264 3983 1295 4030 et
1326 3969 1395 4031 eius
1418 3969 1579 4031 territorio
1605 3971 1679 4032 ubi·

410 4076 489 4137 libet
520 4076 654 4154 habitas,
687 4097 760 4138 cum
792 4077 943 4138 omnibus
976 4077 1161 4139 earumdem
1195 4076 1386 4139 utilitatibus
1410 4090 1441 4138 et
1464 4077 1681 4158 pertinenciis

410 4183 568 4244 universis
591 4181 712 4264 prefate
736 4183 850 4244 Vrsule
875 4182 1002 4244 mulieri
1029 4203 1087 4264 pro
1112 4197 1187 4244 tunc
1203 4183 1343 4245 consorti
1367 4203 1424 4244 sue
1448 4183 1622 4264 legavisset
1648 4198 1681 4246 et

410 4287 582 4349 dimisisset
598 4288 666 4370 jure
690 4302 846 4371 perpetuo
872 4303 903 4350 et
920 4289 1172 4350 irrevocabiliter
1195 4289 1406 4370 possidendas
1429 4309 1465 4352 ac
1489 4289 1577 4372 juxta
1595 4311 1678 4358 eon-

409 4393 570 4455 dicionem
596 4395 732 4457 civitatis
765 4409 930 4476 prenotate
962 4397 1002 4457 ab
1026 4395 1161 4476 antiquo
1192 4395 1436 4476 privilegialiter
1459 4397 1678 4477 approbatam

409 4501 718 4583 quomodocumque
750 4503 889 4564 voluerit
920 4503 1154 4584 disponendas,
1186 4502 1326 4584 ideoque
1358 4503 1528 4585 premissas
1559 4523 1683 4566 omnes

408 4607 625 4687 possessiones
649 4621 680 4668 et
703 4609 873 4689 porciones
905 4609 1172 4689 possessionarias
1205 4609 1305 4690 ipsius
1331 4609 1471 4670 Ladislai
1497 4609 1681 4674 Fudriche-

408 4713 492 4774 wich
516 4713 650 4775 indicta
675 4714 802 4776 civitate
820 4713 936 4776 eteius
953 4714 1113 4776 territorio
1137 4713 1262 4776 habitas
1292 4734 1364 4778 cum
1390 4715 1514 4776 cunctis
1530 4716 1682 4798 ipsarum

409 4818 601 4879 utilitatibus
625 4832 655 4880 et
679 4820 885 4903 pertinenciis
910 4819 1065 4881 universis
1090 4819 1195 4881 eidem
1213 4820 1326 4883 Vrsule
1350 4821 1478 4882 mulieri
1503 4823 1684 4885 statuimus

409 4938 440 4986 et
465 4924 725 4986 confirmavimus
749 4939 905 5009 perpetuo
922 4925 1134 5008 possidendas
1151 4939 1182 4987 et
1198 4926 1510 5009 quomodocumque
1534 4929 1685 4992 voluerit

408 5029 625 5110 disponendas
649 5029 734 5110 juxta
760 5031 985 5092 condicionem
1015 5031 1151 5094 civitatis
1174 5045 1352 5113 prenotate.
