3852 5814
648 567 734 622 Anno
753 575 844 642 1479.
868 601 913 610 —
937 563 967 626 8.
984 570 1135 642 januarii.
1461 569 1524 650 483

261 789 391 853 cerunt,
424 776 511 858 quod
544 775 629 836 idem
663 775 829 837 Dionisius
868 775 963 837 debet
999 776 1101 857 iurare
1134 797 1231 858 super
1262 798 1300 839 eo
1337 779 1523 857 solusmeth,

262 881 350 961 quod
377 881 442 963 ipse
468 901 525 964 pro
544 882 613 962 ipso
639 880 736 943 Gallo
761 882 864 962 jurato
882 902 946 943 non
972 881 1084 943 habuit
1108 881 1183 944 dare
1200 882 1415 964 juramentum
1434 905 1524 946 secus

261 987 319 1047 nisi
346 987 426 1048 sicut
451 988 482 1048 in
508 987 628 1068 judicio
655 988 946 1069 adjudicatumstbi
965 987 1095 1065 fuisset;
1119 1003 1151 1050 et
1167 1003 1337 1072 postquam
1363 991 1524 1072 juraverit,

261 1091 375 1154 Gallus
399 1094 520 1176 juratus
544 1095 722 1156 remanebit
745 1095 805 1156 sibi
831 1095 861 1156 in
888 1096 962 1156 vivo
986 1095 1149 1176 homagio,

366 1199 442 1260 ltem
469 1219 596 1261 causam
623 1200 705 1262 inter
730 1200 920 1262 Michaelem
953 1221 1107 1282 generum
1134 1201 1270 1262 condam
1298 1203 1382 1264 Luce
1408 1204 1524 1266 sutoris

261 1319 291 1365 et
316 1305 486 1367 Nicolaum
512 1306 659 1367 Horuath
684 1308 810 1368 racione
829 1308 925 1390 precii
943 1309 1038 1369 unius
1055 1308 1129 1389 equi
1154 1322 1184 1368 et
1201 1307 1282 1390 (pro)
1301 1310 1374 1370 oleo
1398 1330 1434 1372 ac
1452 1331 1522 1372 ver·

258 1412 426 1473 beracione
459 1412 552 1492 jurati
577 1413 852 1494 adjudicaverunt,
885 1415 972 1496 quod
997 1415 1063 1496 ipse
1081 1415 1234 1476 Nicolaus
1258 1415 1405 1478 Horuath
1430 1417 1526 1478 debet

259 1519 318 1580 sibi
344 1520 469 1580 solvere
495 1520 635 1601 precium
662 1521 736 1601 equi
763 1533 792 1582 et
825 1540 883 1603 pro
915 1521 988 1582 oleo
1013 1521 1161 1582 similiter
1192 1522 1288 1583 debet
1311 1523 1372 1584 sibi
1396 1523 1519 1584 solvere

260 1645 358 1686 unam
385 1625 466 1703 flor„
490 1645 548 1707 pro
576 1627 805 1688 verberacione
837 1647 913 1689 vero
937 1627 1022 1688 idem
1057 1627 1195 1688 Michael
1227 1627 1323 1690 debet
1346 1627 1451 1708 jurare
1475 1649 1524 1690 se·

261 1731 473 1794 cunduameth
498 1752 593 1814 super
608 1753 658 1811 eu,
683 1733 770 1814 quod
796 1753 891 1815 super
908 1734 1012 1814 ipsum
1039 1733 1229 1795 Michaelem
1255 1749 1395 1797 sutorem
1422 1735 1522 1817 ipsam

259 1833 521 1900 verbera'cionem
539 1837 630 1915 lecit;
655 1853 825 1921 postquam
848 1839 999 1920 juraverit
1022 1841 1089 1922 ipse
1107 1840 1255 1918 Michael‚
1281 1841 1347 1922 ipse
1372 1842 1524 1902 Nicolaus

260 1945 407 2007 Horuath
433 1945 529 2007 debet
552 1945 612 2006 sibi
638 1945 762 2007 solvere
785 1946 898 2026 viginti
916 1966 1031 2028 pensas
1056 1947 1260 2008 denariorum
1287 1961 1317 2009 et
1341 1947 1450 2028 judici,
1475 1948 1521 2030 ju·

260 2051 335 2113 ratis
359 2052 502 2132 quinque
528 2071 642 2133 pensas
666 2051 872 2113 denariorum
896 2052 1021 2114 solvere
1046 2052 1152 2114 debet.

365 2157 443 2218 ltem
468 2157 595 2218 causam
614 2159 696 2219 inter
713 2157 904 2220 Michaelem
930 2157 1108 2239 predictum
1132 2171 1162 2219 et
1179 2158 1349 2219 Nicolaum
1375 2158 1521 2220 Horuath

258 2283 313 2345 per
338 2263 457 2344 juratos
473 2263 688 2344 adjudicatam
707 2284 764 2346 pro
789 2265 862 2326 oleo
881 2277 911 2325 et
927 2264 1036 2345 precio
1053 2264 1127 2344 equi
1153 2264 1237 2324 idem
1263 2264 1415 2325 Nicolaus
1434 2264 1518 2325 Hor·

259 2367 333 2430 uath
367 2368 405 2428 de
439 2368 559 2450 judicio
591 2369 768 2450 juratorum
803 2389 867 2430 non
900 2383 1069 2431 contentus
1106 2370 1206 2450 ipsam
1240 2389 1367 2432 causam
1400 2371 1440 2431 ad
1472 2390 1520 2431 se-

259 2475 365 2535 niores
388 2474 511 2556 judices
534 2475 718 2557 appellavit.

365 2580 441 2641 ltem
467 2601 594 2642 causam
613 2581 694 2642 inter
719 2581 871 2642 Mathiam
891 2581 1012 2666 Perych
1034 2596 1064 2641 et
1081 2581 1264 2642 Dionisium
1282 2582 1360 2643 alias
1382 2581 1519 2662 juratum

259 2687 385 2748 racione
411 2686 576 2748 cuiusdam
601 2688 667 2748 vini
698 2686 791 2768 jurati
824 2687 1099 2767 adjudicaverunt,
1124 2687 1211 2768 quod
1246 2687 1332 2748 idem
1358 2687 1522 2749 Dionisius

258 2793 353 2854 debet
377 2793 481 2874 jurare
505 2793 680 2854 solusmeth
706 2813 800 2874 super
825 2813 874 2872 e0,
899 2793 988 2874 quod
1017 2793 1083 2873 ipse
1108 2813 1173 2854 non
1198 2794 1390 2854 assecuravit
1415 2795 1520 2875 ipsum

259 2899 410 2960 Mathiam
423 2897 1317 2981 prodampnoilliusvas(is)quemaliasjudicesetjurati
1329 2899 1520 2980 reciperunt.

364 3005 441 3066 ltem
466 3024 592 3066 causam
619 3005 700 3064 inter
725 3003 856 3066 Gallum
882 3004 1038 3065 Kodelicz
1071 3018 1101 3064 et
1125 3004 1261 3065 condam
1289 3005 1441 3065 Mathiam
1466 3025 1521 3086 ge·

259 3129 372 3171 nerum
400 3110 576 3193 Simunych
602 3111 678 3171 olim
698 3109 837 3191 judicem
862 3110 998 3172 civitatis
1017 3111 1144 3170 racione
1173 3111 1337 3171 cuiusdam
1362 3109 1521 3189 juramen-

258 3215 330 3277 talis
355 3217 571 3298 deposicionis
596 3236 653 3298 pro
678 3217 820 3297 quodam
847 3215 931 3276 furto
949 3231 1058 3278 contra
1087 3217 1249 3297 quandam
1275 3216 1443 3277 mulierem
1462 3237 1520 3298 pro

259 3342 317 3403 pro
342 3342 404 3402 qua
430 3320 489 3383 luit
520 3337 707 3404 procurator
739 3322 900 3404 predictus
933 3323 1079 3400 Mathias‚
1111 3323 1186 3403 quia
1219 3323 1379 3403 predictus
1404 3321 1518 3384 Gallus

260 3447 324 3488 non
343 3429 448 3508 potuit
477 3427 590 3508 jurare,
615 3427 708 3509 jurati
733 3427 957 3509 adjudicarunt
984 3429 1072 3509 quod
1098 3427 1239 3509 prelatus
1270 3428 1404 3488 Mathias
1421 3428 1516 3508 judex

258 3534 288 3594 in
315 3534 405 3594 nullo
430 3549 476 3594 est
493 3535 662 3618 culpabilis
676 3535 780 3594 eidem
800 3533 907 3612 Gallo,
924 3534 978 3594 sed
998 3535 1061 3614 egit
1079 3534 1204 3595 realiter
1221 3535 1301 3594 sicut
1319 3547 1516 3614 procurator.

361 3640 440 3700 ltem
466 3659 593 3700 causam
619 3640 650 3700 in
677 3639 760 3701 lacto
784 3640 951 3701 maliciosa
970 3653 1078 3700 contra
1106 3640 1223 3700 Lucam
1243 3639 1391 3700 Ribaricz
1416 3641 1518 3700 carni-

257 3745 347 3806 ficem
373 3745 465 3826 jurati
490 3745 766 3826 adjudicaverunt,
791 3747 880 3827 quod
904 3746 989 3806 idem
1009 3746 1112 3806 Lucas
1136 3745 1284 3806 Ribaricz
1302 3745 1397 3806 debet
1414 3745 1518 3824 jurare

258 3871 352 3933 super
376 3872 414 3913 eo
433 3853 704 3933 quinquagesimo
725 3873 758 3914 se
776 3852 936 3912 similibus
953 3852 1076 3912 civibus
1101 3851 1187 3932 quod
1207 3852 1273 3932 ipse
1298 3871 1355 3912 nec
1373 3851 1520 3912 homines

255 3959 301 4019 sui
330 3978 394 4019 non
420 3972 640 4020 mactaverunt
672 3979 731 4020 nec
763 3959 978 4019 vendiderunt
1002 3957 1126 4018 infirma
1159 3977 1292 4039 peccora
1317 3978 1373 4019 seu
1398 3978 1518 4020 carnes.

363 4065 440 4126 ltem
458 4066 621 4127 Fabianus
646 4065 773 4126 Charen
790 4065 886 4126 debet
903 4065 1005 4145 jurare
1024 4065 1228 4126 terciusmeth
1252 4084 1347 4146 super
1364 4084 1413 4142 e0,
1431 4065 1518 4146 quod

256 4173 322 4253 ipse
347 4173 480 4233 nescivit
505 4172 592 4253 quod
618 4172 685 4252 ipse
711 4173 813 4234 Lucas
838 4171 986 4233 Ribaricz
1012 4169 1136 4231 infirma
1162 4189 1294 4250 peccora
1321 4171 1471 4232 mactavit
1488 4183 1519 4231 et

254 4298 312 4339 nec
337 4279 404 4362 ipse
429 4278 584 4340 vendidit.

360 4385 437 4446 ltem
462 4405 589 4446 causam
616 4385 698 4446 inter
723 4384 906 4444 Emericum
933 4383 1130 4444 Bahahuricz
1155 4396 1185 4442 et
1210 4381 1352 4442 lwanum
1378 4396 1517 4442 sutorem

255 4491 381 4551 racione
415 4491 579 4551 cuiusdam
615 4492 710 4551 unius
743 4489 849 4572 vas(is)
891 4490 956 4550 vini
989 4489 1081 4570 jurati
1115 4487 1399 4570 adjudicaverunt,
1430 4487 1518 4568 quod

256 4597 341 4658 idern
368 4597 452 4657 lwan
479 4611 566 4658 sutor
591 4598 685 4658 debet
710 4597 812 4675 jurare
845 4596 1021 4657 solusmeth
1046 4615 1141 4677 super
1174 4616 1223 4674 eo,
1247 4595 1334 4675 quod
1362 4595 1427 4675 ipse
1453 4613 1517 4654 non

257 4704 451 4764 assecuravit
476 4704 580 4784 ipsum
607 4703 790 4764 Emericum
816 4722 874 4783 pro
900 4702 956 4762 illo
973 4703 1049 4762 vino
1074 4715 1105 4762 et
1129 4723 1186 4783 pro
1204 4702 1346 4782 dampno
1364 4700 1517 4761 eiusdem.

363 4809 439 4870 ltem
466 4829 594 4870 causam
620 4809 701 4870 inter
727 4808 858 4870 Gallum
892 4808 1084 4869 modernum
1118 4807 1255 4890 iuratum
1282 4821 1312 4867 et
1335 4806 1517 4867 Dionisium

256 4931 409 4976 sartorem
436 4936 491 4996 per
516 4916 636 4998 juratos
652 4915 866 4996 adjudicatam
893 4915 977 4976 idern
998 4914 1111 4976 Gallus
1136 4913 1174 4974 de
1199 4913 1318 4994 judicio
1342 4912 1517 4992 juratorum

256 5041 319 5082 non
344 5035 512 5083 contentus
537 5025 638 5104 ipsam
663 5041 789 5082 causam
815 5021 854 5082 ad
879 5023 1020 5082 seniores
1045 5020 1165 5100 iudices
1190 5019 1374 5102 appellavit.

1412 5121 1430 5160 a
