3644 5788
371 553 435 615 ²04
774 537 860 595 Anno
884 533 974 614 1461.
1000 571 1042 582 -
1064 533 1119 597 26.
1142 538 1232 614 junii.

477 746 556 808 Item
580 747 723 809 Brunma
747 767 879 810 consors
902 748 1081 830 Ztoykonis
1105 762 1214 809 contra
1232 747 1367 809 Elenam
1393 747 1563 808 mulierem
1587 747 1633 807 in·

369 850 590 914 habitatricem
616 853 699 914 dicte
725 853 873 933 civitatis,
898 855 1026 916 racione
1059 853 1296 916 verberacionis
1320 853 1425 935 primo
1450 853 1544 914 citata
1569 872 1633 912 non

369 959 550 1040 comparuit
574 961 605 1024 in
630 959 761 1042 judicio.

474 1065 553 1127 Item
577 1066 670 1146 jurati
702 1065 968 1148 adjudicaverunt
998 1086 1127 1127 causam
1153 1067 1235 1128 inter
1266 1065 1445 1127 iohannem
1472 1065 1636 1128 Gwrthler

369 1183 400 1232 et
426 1170 556 1234 Gallum
582 1171 686 1234 filium
710 1173 847 1234 condam
873 1171 1007 1253 Georgii
1033 1171 1149 1234 Croaci
1173 1173 1301 1234 racione
1328 1171 1530 1233 invencionis
1554 1191 1636 1253 quo-

369 1278 518 1339 rumdam
544 1279 682 1340 clavium
715 1299 772 1361 per
806 1279 911 1361 ipsum
937 1277 1080 1358 Gallum,
1112 1279 1201 1360 quod
1226 1299 1291 1340 non
1324 1279 1397 1360 plus
1421 1279 1482 1339 nisi
1507 1278 1636 1340 easdem

368 1373 474 1444 claves
498 1384 683 1463 invenisset,
706 1383 786 1447 feria
810 1385 907 1447 tercia
931 1387 1077 1467 proxima
1102 1399 1174 1446 ante
1192 1382 1310 1448 festum
1335 1386 1427 1447 beate
1444 1385 1546 1446 Elene
1564 1404 1637 1466 pro·

367 1489 452 1552 xime
477 1503 648 1552 venturum
674 1491 829 1553 solusmet
854 1492 885 1552 in
911 1512 964 1552 ara
997 1505 1105 1552 sancte
1129 1491 1243 1554 Crucis
1275 1491 1438 1574 deponere
1462 1481 1636 1552 tenebitur.

474 1595 552 1658 Item
576 1596 670 1678 jurati
699 1596 966 1679 adjudicaverunt
997 1617 1124 1660 causam
1151 1598 1243 1668 inter¹
1267 1599 1470 1659 Laczkonem
1495 1593 1636 1679 juratum

368 1715 398 1763 et
424 1702 567 1764 blasium
593 1703 788 1786 lutifigulum
813 1705 942 1766 racione
967 1704 1197 1767 convencionis
1221 1702 1388 1766 cuiusdam
1412 1705 1518 1784 vinee,
1543 1719 1575 1766 et
1591 1719 1636 1766 ta-

368 1808 441 1869 liter
467 1809 669 1889 invenerunt,
702 1811 789 1892 quod
815 1809 957 1893 prefatus
990 1811 1158 1872 Ladislaus
1187 1826 1312 1872 tenetur
1344 1811 1404 1892 ipsi
1429 1811 1538 1873 Blasio
1564 1811 1638 1872 luti·

367 1913 467 1995 figulo
492 1916 618 1978 solvere
642 1919 813 1999 peccunias
841 1918 872 1978 in
907 1917 1053 1979 terminis
1084 1937 1141 1999 per
1166 1917 1252 1999 ipsos
1284 1936 1392 1978 coram
1417 1917 1529 1998 probis
1562 1917 1639 1978 viris

369 2021 543 2099 ordinatis;
570 2022 609 2085 de
634 2042 699 2104 quo
724 2022 844 2104 judicio
878 2020 1018 2105 prefatus
1047 2023 1215 2084 Ladislaus
1239 2042 1305 2084 non
1338 2036 1508 2084 contentus
1533 2023 1637 2105 ipsum

369 2145 498 2188 causam
522 2128 563 2188 ad
587 2130 730 2191 seniores
754 2128 876 2210 judices
901 2130 940 2191 ad
965 2131 1106 2211 primum
1130 2129 1286 2211 judicium
1312 2130 1495 2212 appellavit.

473 2233 551 2295 Item
569 2255 697 2296 causam
716 2235 797 2298 inter
815 2235 1088 2320 Soldynaryczam
1106 2250 1136 2298 et
1150 2238 1293 2299 Marcum
1312 2235 1493 2298 carnificem
1521 2236 1637 2299 Gwra-

369 2339 507 2423 lrowych
532 2341 653 2403 dictum
672 2341 937 2422 adjudicaverunt
961 2355 992 2404 et
1009 2344 1210 2420 invenerunt,
1235 2343 1322 2424 quod
1348 2340 1489 2424 prefatus
1507 2345 1638 2406 Marcus

370 2460 480 2508 contra
505 2446 660 2528 prefatam
678 2447 843 2510 dominam
863 2450 976 2509 eodem
996 2449 1048 2510 die
1064 2449 1168 2528 jurare
1185 2449 1339 2510 solusmet
1354 2450 1528 2528 tenebitur,
1546 2450 1639 2531 quod

370 2552 437 2632 ipse
462 2553 570 2634 plures
595 2572 643 2615 res
667 2567 698 2614 et
723 2556 807 2615 bona
839 2555 977 2616 condam
1002 2555 1113 2616 Jacobi
1145 2553 1302 2616 carnificis
1334 2568 1364 2616 et
1392 2555 1531 2616 condam
1558 2575 1637 2617 con-

370 2659 463 2718 sortis
487 2679 542 2720 sue
568 2679 631 2720 non
657 2659 788 2722 haberet
812 2675 915 2742 preter
932 2660 1038 2724 debita
1063 2681 1135 2722 curn
1160 2662 1279 2742 quibus
1302 2661 1415 2722 eadem
1440 2662 1592 2724 exsolvit.

475 2765 552 2825 ltem
582 2786 710 2827 causam
742 2767 823 2827 inter
847 2767 1048 2850 Anthonium
1073 2767 1225 2828 Soldinar
1257 2781 1287 2828 et
1319 2767 1401 2828 inter
1434 2767 1639 2850 lagathycby

369 2870 472 2941 dictos
496 2872 624 2937 racione
642 2872 872 2954 depiscacionis
900 2893 956 2934 sue
980 2873 1100 2955 piscine
1118 2873 1320 2952 invenerunt,
1347 2874 1434 2956 quod
1453 2874 1514 2956 ipsi
1542 2876 1638 2956 laga·

369 2975 493 3059 chychy
513 2975 590 3038 feria
607 2978 704 3039 tercia
722 2979 902 3059 supradicta
920 2979 950 3040 in
969 2999 1022 3040 ara
1039 2979 1143 3060 jurare
1159 2980 1508 3061 tenebunturquilibet
1533 2983 1641 3044 solus-

367 3095 442 3160 met,
468 3083 554 3164 quod
581 3083 642 3166 ipsi
667 3084 697 3144 in
724 3084 814 3145 nullo
839 3099 942 3145 essent
965 3085 1025 3145 sibi
1057 3085 1234 3167 culpabiles
1258 3099 1430 3167 postquam
1455 3087 1524 3168 ipse
1551 3088 1637 3149 inhi-

366 3188 436 3249 buit
460 3209 525 3249 non
551 3189 756 3272 depiscarunt
779 3190 927 3252 eandem.

475 3295 552 3356 ltem
578 3315 706 3384 causam
733 3297 819 3364 inter,
839 3297 969 3357 Rawsar
993 3309 1024 3357 et
1045 3297 1254 3358 Dominicum
1279 3297 1408 3359 racione
1432 3299 1644 3362 vendicionis

366 3401 501 3481 piscium
528 3401 560 3462 in
585 3402 736 3463 domibus
760 3423 817 3484 per
849 3403 953 3484 ipsum
982 3403 1204 3481 Dominicum,
1240 3403 1433 3466 invenerunt
1457 3406 1545 3486 quod
1574 3407 1645 3489 ipse

366 3507 396 3565 in
423 3508 608 3588 perdicione
634 3528 764 3570 suorum
791 3509 926 3589 piscium
951 3523 982 3571 et
1006 3509 1138 3590 dampni
1163 3509 1250 3590 quod
1275 3523 1403 3572 secutus
1427 3525 1473 3571 est
1498 3527 1637 3574 conten-

365 3613 422 3671 tari
449 3613 597 3689 deberet;
623 3613 662 3676 de
687 3634 752 3695 quo
777 3614 897 3693 judicio
924 3617 990 3695 ipse
1017 3615 1207 3677 Dominicus
1231 3635 1295 3677 non
1321 3631 1492 3679 contentus
1517 3619 1560 3679 ad
1587 3642 1639 3681 se-

368 3718 475 3779 niores
500 3718 621 3798 judices
645 3721 746 3802 ipsam
772 3741 899 3782 causam
925 3721 1109 3804 appellavit.

401 3936 496 4009 Feria
527 3949 624 4009 sexta
653 3943 806 4029 proximu
835 3951 913 4030 post
941 3943 1061 4013 lestum
1094 3941 1290 4014 Nativitatis
1319 3945 1409 4014 beati
1438 3945 1613 4034 Johannis

696 4063 859 4152 Baptiste,
889 4086 975 4136 anno
1005 4075 1068 4137 etc.
1097 4067 1148 4138 LX
1177 4065 1295 4155 primo.

901 4215 968 4296 (26.
985 4217 1094 4299 junia).

471 4359 548 4418 ltem
564 4358 746 4419 Anthonius
761 4359 958 4440 Soldinaryn
976 4372 1084 4420 contra
1099 4359 1301 4421 Clementem
1316 4357 1509 4442 freniparem
1524 4365 1640 4444 primo

366 4464 484 4524 citatus.
505 4483 569 4524 non
596 4465 775 4550 comparuit
799 4465 830 4524 in
856 4464 986 4544 judicio.

471 4569 549 4630 ltem
574 4569 719 4630 Thomas
745 4571 854 4652 Melyn
880 4571 982 4632 dictus
999 4586 1108 4632 contra
1132 4571 1339 4633 Valentinum
1364 4585 1506 4634 sutorem
1526 4576 1642 4656 primo

365 4677 478 4736 citatus
502 4695 567 4736 non
593 4677 781 4757 comparuit.

471 4781 548 4842 ltem
582 4802 677 4862 super
709 4783 836 4843 vineam
869 4803 924 4864 per
957 4784 1124 4864 providam
1157 4784 1294 4845 condam
1328 4785 1497 4847 mulierem
1533 4788 1642 4852 Lucia

366 4903 522 4966 vocatam,
548 4890 689 4950 relictam
713 4890 850 4950 condam
877 4891 1015 4951 Emerici
1048 4891 1153 4972 pintar
1177 4891 1271 4970 dicti,
1305 4892 1438 4953 invilla
1464 4892 1643 4958 Cralewcz

366 4996 424 5058 sub
451 5009 551 5060 castro
571 4995 696 5061 Medwe
722 4997 752 5061 in
778 4997 938 5063 territorio
956 5011 1065 5062 nostro
1090 4997 1242 5078 habitam,
1260 4999 1393 5064 ecclesie
1415 5000 1515 5062 sancti
1536 5001 1640 5066 Eme-
