3738 5786
410 520 468 580 128
821 523 907 577 Am
929 529 1019 596 1457.
1049 551 1090 561 -
1109 533 1143 594 3.
1161 519 1255 592 junii.

405 733 436 793 in
462 731 546 794 facto
571 731 737 792 cuiusdam
763 729 879 792 domus
903 730 1034 792 interra
1058 729 1187 790 claustri
1205 729 1304 790 sancti
1322 729 1447 790 Nicolai
1473 728 1614 810 episcopi
1640 742 1673 790 et

405 837 595 900 confessoris
633 837 664 898 in
688 836 848 898 territorio
873 835 1009 898 civitatis
1040 836 1181 918 predicte
1206 835 1325 912 habite,
1350 850 1460 896 contra
1484 834 1671 896 claustrales

406 943 516 1005 fratres
540 943 672 1026 predicti
698 942 826 1004 claustri
851 943 950 1004 sancti
975 941 1100 1003 Nicolai
1133 941 1276 1023 episcopi
1300 954 1331 1002 et
1355 939 1554 1002 confessoris.

512 1047 590 1110 ltem
625 1048 700 1110 licet
731 1048 914 1109 Anthonius
945 1046 1031 1108 filius
1056 1045 1189 1128 Georgii
1222 1047 1261 1108 de
1286 1045 1420 1128 Dedych
1453 1046 1603 1107 inventus
1627 1059 1674 1106 est

405 1156 435 1217 in
462 1153 548 1218 furtu
572 1155 736 1236 lignorum
762 1154 792 1214 in
818 1155 897 1215 silva
915 1153 1070 1216 heredum
1090 1153 1227 1215 condam
1253 1153 1350 1215 Blasii
1375 1152 1501 1233 judicis,
1525 1152 1579 1234 qui
1598 1151 1674 1214 licet

406 1281 463 1344 pro
488 1262 558 1343 ipso
584 1259 670 1322 furtu
694 1260 846 1342 suspendi
865 1260 1037 1334 debuisset,
1062 1273 1170 1321 tamen
1195 1279 1250 1341 per
1275 1260 1470 1342 peticionem
1494 1261 1672 1341 proborum

405 1369 547 1430 virorum
574 1368 680 1429 eidem
714 1367 881 1429 Anthonio
912 1387 971 1449 pro
1003 1367 1106 1448 prima
1131 1367 1333 1428 correccione
1364 1366 1504 1448 graciam
1538 1365 1674 1428 fecimus

405 1494 500 1557 super
524 1493 574 1552 eo,
599 1487 634 1535 ut
659 1474 725 1556 ipse
750 1473 790 1534 de
813 1487 919 1536 cetero
943 1473 1061 1534 similia
1086 1492 1150 1534 non
1170 1474 1350 1535 committat
1374 1487 1405 1534 et
1429 1472 1571 1553 predicta
1589 1471 1674 1534 mala

406 1579 487 1642 facta
512 1581 638 1658 defleat,
664 1581 719 1660 qui
744 1581 770 1641 si
795 1580 835 1642 de
859 1593 965 1641 cetero
989 1580 1105 1641 similia
1123 1580 1355 1663 perpetraverit
1378 1579 1462 1660 juxta
1488 1599 1545 1640 sua
1563 1579 1673 1640 deme·

406 1689 465 1749 rita
490 1687 651 1769 punietur.

512 1793 590 1855 ltem
615 1813 705 1854 soror
728 1793 853 1874 Agathe
879 1795 1023 1856 mulieris
1052 1795 1153 1876 prima
1187 1794 1257 1855 vice
1282 1793 1321 1855 ad
1347 1792 1601 1875 comparendum
1626 1803 1674 1852 cst

406 1900 612 1981 proclamata.

514 2005 591 2067 ltem
617 2007 725 2068 Marco
742 2005 894 2088 srenipari
908 2007 1036 2068 racione
1061 2005 1136 2068 furti
1154 2005 1370 2087 quorumdam
1388 2023 1547 2086 equorum
1564 2003 1669 2065 cuius·

406 2112 478 2172 dam
504 2111 644 2173 hominis
668 2113 708 2173 de
733 2111 894 2194 Thopuzk
918 2132 1011 2174 causa
1036 2125 1067 2174 et
1088 2132 1143 2195 per
1167 2112 1361 2194 peticionem
1398 2112 1522 2172 domini
1548 2109 1667 2193 Doymi

407 2219 446 2278 de
472 2218 661 2301 Frangapan
687 2233 745 2282 etc.
769 2219 908 2300 graciam
943 2213 1204 2300 fecimus'super
1228 2238 1277 2295 eo,
1302 2233 1337 2279 ut
1370 2219 1438 2300 ipse
1462 2217 1580 2280 similia
1604 2235 1671 2278 non

407 2325 598 2404 committat,
623 2325 678 2406 qui
703 2326 728 2386 si
753 2325 793 2388 de
815 2339 921 2387 cetero
946 2325 1063 2388 similia
1081 2326 1312 2408 perpetraverit
1336 2345 1410 2387 mox
1435 2325 1520 2406 juxta
1543 2344 1599 2386 sua
1618 2324 1672 2386 de·

408 2431 520 2492 merita
544 2431 705 2513 punietur.

515 2537 591 2599 ltem
616 2537 742 2619 Agatha
760 2558 840 2599 uxor
865 2538 1020 2620 Stephani
1045 2539 1084 2600 de
1103 2537 1282 2622 Gorymlye
1307 2553 1417 2601 contra
1435 2537 1670 2619 Margaretham

407 2644 583 2725 predictam
609 2643 825 2725 juramentum
851 2645 912 2706 sibi
943 2644 1161 2726 adjudicatum
1193 2653 1224 2707 in
1250 2645 1334 2708 facto
1366 2645 1532 2708 cuiusdam
1556 2663 1672 2727 supare

406 2750 506 2830 vulgo
530 2751 675 2832 surlycza
693 2750 787 2829 dicte,
812 2750 910 2812 hodie
935 2753 1050 2813 eodem
1070 2753 1168 2813 modo
1193 2753 1329 2833 prestitit
1350 2767 1385 2814 ut
1409 2752 1520 2812 debuit
1544 2765 1575 2812 et
1591 2751 1673 2812 sicut

406 2857 467 2918 sibi
493 2855 553 2918 luit
576 2856 807 2937 adjudicatum,
833 2857 907 2920 ideo
932 2859 1033 2940 ipsam
1059 2859 1217 2940 Agatham
1252 2857 1334 2921 lacto
1363 2859 1394 2921 in
1421 2859 1577 2941 premisso
1602 2857 1674 2918 red·

406 2963 548 3025 didimus
572 2963 766 3045 expeditam.

513 3069 590 3131 ltem
615 3068 709 3150 jurati
734 3070 1000 3152 adiudicaverunt
1024 3091 1152 3133 causam
1186 3073 1268 3134 inter
1292 3072 1462 3134 dominum
1489 3071 1672 3132 Barnabam

406 3177 581 3239 altaristam
606 3191 637 3238 et
661 3177 743 3238 inter
775 3177 916 3239 Blasium
950 3177 1088 3256 juratum
1119 3178 1313 3240 modernum
1344 3179 1473 3240 racione
1505 3175 1673 3238 cuiusdam

407 3283 517 3346 fossati
542 3285 623 3346 circa
645 3297 762 3345 terram
787 3282 900 3366 prelati
920 3284 1017 3346 Blasii
1041 3283 1152 3363 habiti,
1177 3285 1283 3346 taliter
1301 3299 1331 3346 et
1355 3303 1393 3346 eo
1418 3284 1529 3362 modo,
1553 3297 1589 3345 ut
1606 3283 1674 3366 ipse

407 3392 559 3454 dominus
583 3392 746 3452 Barnabas
771 3391 866 3452 debet
883 3390 1059 3472 predictam
1080 3403 1196 3452 terram
1216 3391 1316 3472 ipsius
1333 3391 1429 3452 Blasii
1455 3390 1548 3470 jurati
1567 3389 1675 3452 colere

407 3518 496 3559 more
529 3498 625 3559 solito
658 3499 697 3558 de
730 3497 879 3578 terragio,
905 3511 935 3558 et
966 3499 1140 3578 terragium
1175 3497 1271 3560 debet
1301 3479 1444 3574 soluere;
1474 3499 1540 3579 ipse
1565 3511 1675 3558 autem

409 3605 533 3666 Blasius
557 3603 678 3685 juratus
702 3603 799 3665 debet
822 3603 958 3664 eandem
982 3617 1099 3664 terram
1123 3601 1250 3664 fossatis
1274 3603 1484 3665 circumdare.

513 3711 589 3772 ltem
616 3711 772 3771 Martinus
796 3723 897 3770 sartor
921 3708 1006 3770 filius
1031 3710 1129 3770 Marci
1159 3710 1375 3790 juramentum
1402 3711 1461 3771 sibi
1487 3711 1675 3792 nuperrime

407 3817 556 3879 videlicet
580 3815 657 3878 feria
681 3830 768 3878 sexta
793 3829 865 3898 post
898 3814 1014 3877 festum
1048 3816 1253 3878 lnvencionis
1283 3830 1391 3878 sancte
1417 3815 1531 3877 Crucis
1563 3829 1676 3878 contra

408 3923 572 3984 dominam
607 3923 814 3984 Scolasticam
846 3923 989 3984 relictam
1024 3921 1162 3983 condam
1193 3922 1321 3984 Andree
1354 3921 1468 4002 judicis
1492 3921 1560 3983 Lah
1585 3922 1676 4002 dicti,

408 4028 625 4110 adjudicatum
650 4029 787 4111 prestitit
811 4029 927 4090 eodem
945 4029 1044 4090 modo
1069 4029 1150 4090 sicut
1175 4029 1235 4090 sibi
1253 4028 1313 4090 fuit
1337 4029 1569 4108 adjudicatum,
1585 4029 1676 4090 vide-

407 4136 482 4198 licet
505 4149 540 4196 ut
562 4135 629 4217 ipse
661 4136 818 4196 Martinus
842 4149 942 4196 sartor
979 4135 1122 4217 predicto
1146 4137 1275 4196 Andree
1299 4134 1396 4216 judici
1421 4136 1544 4196 nullam
1577 4155 1676 4218 pecu-

408 4243 493 4303 niam
519 4241 691 4322 obligatur‚
722 4242 776 4301 sed
802 4255 903 4303 totam
928 4241 1097 4323 pecuniam
1130 4261 1227 4323 quam
1252 4243 1312 4304 sibi
1337 4245 1506 4304 tenebatur
1529 4242 1676 4324 plenarie

407 4349 572 4432 persolvit,
596 4363 626 4410 et
651 4348 725 4410 ideo
758 4349 862 4430 ipsum
889 4349 1064 4409 Martinum
1088 4364 1240 4410 sartorem
1267 4350 1298 4410 in
1325 4348 1409 4410 facto
1438 4349 1595 4410 dictarum
1619 4369 1678 4432 pe-

408 4455 574 4517 cuniarum
600 4468 631 4517 et
654 4455 753 4537 ipsius
777 4453 946 4536 juramenti
972 4454 1171 4516 reddidimus
1196 4455 1392 4538 expeditum.

567 4654 664 4728 Feria
692 4665 791 4728 sexta
820 4661 975 4745 proxima
1003 4665 1081 4729 ante
1109 4657 1231 4729 testum
1264 4657 1513 4729 Penthecostes.

953 4813 994 4888 (3.
1011 4812 1119 4888 junia).

515 4933 592 4995 ltem
611 4933 784 5016 Elysabeth
798 4932 862 4995 filia
881 4933 971 4995 Pauli
992 4935 1245 5018 Kokothachych
1264 4937 1418 4998 subtraxit
1435 4937 1529 4998 Petro
1542 4937 1678 5020 Dragyn

413 5061 509 5103 unam
535 5060 683 5124 suparam
707 5041 805 5122 vulgo
822 5040 965 5123 surlycza
983 5041 1099 5103 dictam
1126 5055 1157 5104 et
1182 5061 1277 5104 unam
1302 5043 1481 5125 simplicem
1507 5043 1677 5106 camisiam
