3838 5786
443 542 506 604 374
808 525 894 581 Anno
917 535 1009 600 1470.
1034 557 1074 568 -
1096 537 1130 598 9.
1157 520 1330 583 novembris.

443 737 584 818 ipsorum
611 735 787 816 juratorum
813 735 852 796 ad
871 754 930 796 nos
953 735 1096 796 seniores
1112 734 1196 796 dicte
1209 735 1346 796 civitatis
1362 734 1484 816 judices
1500 736 1707 818 appellatam,

442 863 501 904 nos
523 843 579 904 tali
605 843 705 904 modo
730 842 922 919 invenimus,
947 841 1034 923 quod
1061 841 1136 922 quia
1170 842 1236 923 ipse
1262 840 1396 902 Cheden
1421 841 1653 903 demonstravit
1678 855 1708 902 et

442 950 583 1012 ostendit
600 949 698 1032 judici
722 949 888 1029 sanguinis
905 948 1106 1027 effusionem,
1124 947 1198 1009 ideo
1217 949 1283 1030 ipse
1301 948 1447 1009 Thomas
1472 948 1606 1010 Cheden
1624 947 1706 1029 jura-

442 1069 586 1118 mentum
612 1055 672 1116 sibi
690 1055 901 1117 secundomet
924 1075 982 1136 per
998 1053 1119 1135 juratos
1135 1053 1354 1135 adjudicatum
1371 1067 1510 1137 prestare
1535 1055 1708 1132 tenebitur,

441 1161 723 1239 confirmavimus3
748 1176 779 1225 ct
803 1162 881 1223 dum
899 1162 966 1244 ipse
991 1161 1137 1223 Thomas
1162 1161 1284 1223 dictum
1308 1181 1401 1223 suum
1419 1161 1634 1242 juramentum
1653 1161 1707 1222 de-

441 1283 550 1351 ponet,
583 1270 671 1350 quod
703 1282 779 1330 tunc
812 1268 878 1350 ipse
911 1269 1037 1330 Marcus
1067 1268 1211 1330 Venetus
1245 1268 1406 1330 tenebitur
1438 1269 1543 1330 eidem
1576 1268 1707 1328 Thome

442 1376 576 1438 Cheden
602 1396 661 1458 pro
685 1376 825 1457 birsagio
850 1375 963 1456 viginti
990 1394 1104 1457 pensas
1132 1374 1339 1436 denariorum
1365 1387 1396 1435 et
1419 1373 1516 1454 judici
1542 1387 1573 1436 et
1597 1373 1707 1454 juratis

442 1481 473 1542 in
489 1481 636 1543 ducentis
652 1481 801 1560 denariis,
815 1481 902 1563 quod
919 1481 986 1563 ipsa
1002 1474 1114 1542 effusio
1131 1480 1297 1562 sanguinis
1309 1499 1405 1562 super
1421 1481 1524 1563 ipsum
1543 1480 1707 1541 Thomam

442 1586 522 1649 facta
548 1608 585 1648 ex
611 1588 675 1649 ictu
700 1587 799 1669 ipsius
824 1587 922 1649 Marci
948 1587 1061 1648 Veneti
1093 1587 1197 1648 existit
1229 1585 1297 1648 fore
1333 1585 1425 1666 faeta,
1448 1605 1488 1648 eo
1513 1585 1612 1648 modo
1637 1606 1706 1668 pre·

441 1707 522 1756 stare
547 1693 708 1756 tenebitur
732 1693 967 1774 juramentum
1000 1694 1131 1774 dequo
1164 1692 1286 1774 judicio
1314 1707 1378 1754 tam
1411 1705 1521 1754 nostro
1546 1711 1643 1774 quam
1677 1707 1706 1752 et

441 1800 618 1882 juratorum
655 1801 722 1883 ipse
757 1800 883 1862 Marcus
919 1801 1061 1862 Venetus
1093 1819 1157 1860 non
1194 1811 1374 1878 contentus,
1407 1798 1544 1860 eandem
1576 1817 1703 1859 causam

441 1906 615 1989 appellavit
639 1906 671 1966 in
697 1905 895 1988 presenciam
927 1905 1070 1987 magistri
1104 1905 1376 1968 tbawarnicorum
1409 1906 1495 1987 regie
1520 1905 1705 1982 Maiestatis,

441 2013 559 2093 quibus
583 2012 726 2094 partibus
750 2031 810 2073 nos
833 2012 1007 2073 terminum
1038 2012 1247 2095 comparendi
1280 2032 1387 2074 coram
1412 2012 1528 2074 eodem
1552 2012 1705 2092 magistro

440 2118 709 2180 tbawarnicorum
742 2139 759 2180 a
792 2118 844 2180 die
882 2119 1029 2180 datarum
1061 2119 1259 2202 presenciam
1299 2119 1582 2202 quadragesimum
1620 2118 1705 2179 diem

441 2223 636 2307 prefigimus.

497 2461 593 2536 Faria
622 2471 719 2535 sexta
756 2467 910 2552 proxima
948 2473 1026 2535 ante
1064 2464 1186 2534 festam
1215 2465 1303 2535 beati
1331 2461 1469 2535 Martini
1497 2461 1654 2553 episcopi.

950 2617 993 2696 (9.
1017 2615 1202 2694 novmbn's).

549 2757 626 2819 ltem
651 2757 748 2819 tercia
771 2757 841 2819 vice
866 2757 1099 2838 proclamatum
1125 2776 1184 2839 pro
1210 2776 1272 2818 una
1298 2756 1389 2818 litera
1413 2777 1509 2839 super
1534 2757 1704 2819 medietate

442 2864 558 2925 domus
583 2861 674 2923 fundi
700 2862 838 2924 condam
864 2863 963 2924 Marci
996 2875 1026 2924 et
1049 2863 1157 2924 celarii
1190 2863 1401 2940 subterranei,
1425 2864 1466 2924 de
1491 2862 1704 2945 Kwrylowcz,

442 2983 473 3031 et
496 2969 616 3031 Vrbani
642 2967 698 3029 filii
724 2969 880 3047 eiusdem,
905 2989 967 3050 que
996 2971 1035 3030 ab
1068 2969 1183 3030 eodem
1209 2968 1378 3031 casualiter
1409 2967 1575 3050 deperdita
1601 2969 1704 3030 existit

442 3092 473 3139 et
497 3077 612 3137 nullibi
639 3076 790 3158 repperiri
815 3077 940 3157 potuit;
965 3077 1038 3138 ideo
1070 3077 1226 3138 commiss
1255 3088 1302 3138 est
1326 3076 1431 3137 eidem
1457 3075 1524 3136 dari
1550 3076 1640 3137 litera
1666 3075 1703 3135 de

442 3203 527 3245 novo
552 3183 657 3246 eidem
683 3184 813 3244 Vrbano
838 3184 1014 3245 statutoria.

548 3289 624 3350 ltem
651 3290 747 3372 Elyas
771 3287 858 3351 fusor
875 3309 1103 3370 campanarum
1125 3288 1230 3370 primo
1247 3301 1357 3350 contra
1381 3288 1546 3350 Thornam
1563 3302 1701 3350 sutorem

441 3415 656 3458 successorem
680 3395 818 3456 condam
851 3395 1020 3456 Francisco
1052 3409 1204 3474 sutorem,
1232 3413 1295 3456 non
1317 3395 1497 3476 comparuit
1525 3394 1557 3454 in
1583 3393 1701 3475 judicio

441 3522 547 3563 coram
574 3502 676 3564 nobis.

547 3609 623 3669 ltem
649 3608 723 3688 quia
744 3609 839 3690 Elyas
857 3607 944 3668 lusor
961 3627 1189 3690 campanarum
1208 3608 1313 3689 primo
1330 3608 1445 3670 citatus
1462 3622 1573 3668 contra
1593 3605 1700 3689 Gywr·

441 3717 557 3774 konern
584 3729 724 3774 sutorem
751 3714 781 3774 in
807 3713 927 3793 judicio
953 3733 1016 3774 non
1049 3715 1231 3796 comparuit
1255 3733 1362 3776 coram
1389 3715 1491 3776 nobis

546 3821 623 3882 ltem
641 3821 715 3901 quia
734 3821 858 3881 Blasius
882 3821 1009 3881 institor
1025 3821 1216 3882 secundario
1234 3821 1348 3883 citatus
1372 3833 1482 3882 contra
1499 3819 1699 3882 Clementem

439 3927 646 4003 aurifabrum,
672 3946 736 3987 non
762 3928 942 4008 comparuit
966 3927 998 3988 in
1025 3925 1145 4006 judicio
1170 3947 1278 3988 corarn
1304 3927 1408 3988 nobis.

546 4033 623 4093 ltem
662 4034 736 4113 quia
770 4033 937 4114 Philippus
975 4047 1064 4094 sutor
1107 4033 1315 4115 Oberlynzky
1353 4033 1474 4112 dictus,
1511 4031 1699 4094 secundario

440 4154 549 4202 contra
576 4139 700 4221 Gywan
734 4139 916 4200 barberium
949 4139 1073 4218 citatus,
1107 4159 1171 4200 non
1204 4140 1384 4222 comparuit
1417 4158 1525 4200 coram
1554 4139 1646 4200 nobis
1670 4137 1698 4197 in

438 4247 570 4326 judicio
1675 4291 1690 4318 ,

545 4352 620 4412 ltem
647 4351 813 4433 Philippus
837 4351 998 4413 aurifaber
1014 4350 1153 4413 famulus
1179 4352 1268 4413 Pauli
1286 4350 1451 4429 aurifabri,
1475 4349 1581 4431 jurati,
1598 4351 1699 4432 primo

438 4472 548 4520 contra
581 4458 783 4520 Clementem
815 4457 1012 4520 aurifabrum
1045 4459 1169 4536 citatus,
1206 4479 1271 4520 non
1303 4457 1484 4539 comparuit
1518 4459 1549 4518 in
1584 4457 1700 4538 judicio

438 4585 545 4626 coram
570 4565 674 4626 nobis.

544 4672 621 4733 ltem
647 4671 722 4752 quia
755 4672 892 4732 Jacohus
923 4669 1062 4751 agricola
1095 4691 1258 4733 successor
1283 4671 1381 4734 Blasii
1411 4670 1563 4748 Scwtecz,
1595 4671 1696 4752 primo

438 4791 547 4838 contra
573 4777 715 4837 relictam
741 4777 963 4858 Paukoyczam
989 4778 1113 4855 citatus,
1138 4797 1202 4839 non
1229 4778 1420 4859 comparuit.

544 4883 621 4944 ltcm
645 4883 719 4964 quia
746 4883 912 4944 Emericus
944 4881 1083 4943 famulus
1112 4883 1242 4946 Thorne
1274 4883 1404 4944 vwzdar
1428 4883 1554 4964 judicis,
1593 4895 1699 4943 contra

438 4988 681 5072 Chystymester
705 4991 810 5074 primo
835 4990 959 5067 citatus,
984 5007 1048 5050 non
1068 4990 1249 5073 comparuit
1273 4990 1304 5052 in
1327 4988 1448 5072 judicio
1473 5007 1581 5052 coram
1600 4987 1698 5051 uobis.
