3644 5788
396 525 459 589 188
815 529 903 588 Anno
926 527 1019 607 1460.
1045 561 1087 574 -
1109 527 1140 591 6.
1155 531 1248 606 junii.

395 741 550 802 subtraxit
574 741 634 802 sibi
659 741 814 802 dedomo
838 759 894 800 sua
912 739 1067 820 quasdam
1088 741 1234 802 camisias
1250 760 1308 801 nec
1327 739 1460 822 aliquod
1480 741 1660 823 dampnum

408 845 477 927 seu)
503 845 621 908 lurtum
648 847 708 908 sibi
733 845 816 909 fecit.

390 897 399 979 (
508 951 586 1015 Item
622 953 766 1016 Thomas
798 953 1014 1035 Heryhowich
1047 967 1155 1014 contra
1189 954 1374 1014 Ladislaum
1413 954 1491 1015 alias
1522 954 1663 1036 juratum

396 1055 474 1119 seria
498 1071 584 1120 sexta
615 1061 760 1141 proxima
793 1073 865 1140 post
897 1073 1043 1120 octavam
1077 1059 1174 1120 Pasce
1207 1073 1273 1120 met
1304 1059 1421 1120 tercius
1445 1059 1663 1139 juramentum

395 1164 426 1224 in
452 1185 491 1226 eo
515 1165 677 1247 deponere
704 1166 844 1245 habebit,
877 1165 964 1247 quod
990 1166 1056 1248 ipse
1089 1165 1120 1226 in
1151 1165 1291 1247 quadam
1322 1165 1401 1226 silva
1427 1165 1536 1226 furtim
1571 1166 1660 1246 ligna

393 1291 458 1332 non
483 1271 620 1332 succidit
643 1286 674 1333 et
698 1291 756 1333 nec
781 1272 910 1353 recepit.

501 1376 577 1438 ltem
603 1378 757 1440 Nicolaus
791 1377 885 1458 iudex
917 1378 1024 1438 senior
1056 1377 1203 1438 similiter
1228 1377 1294 1459 ipsa
1320 1376 1398 1438 feria
1430 1390 1516 1438 sexta
1549 1396 1661 1458 supra-

393 1483 478 1543 dicta
502 1496 611 1544 contra
636 1483 808 1546 Nicolaum
834 1483 958 1566 Purych
983 1503 1079 1566 super
1103 1503 1235 1545 manum
1261 1483 1355 1544 unius
1379 1483 1473 1564 jurati
1497 1481 1660 1564 juramen·

393 1602 460 1650 turn
486 1589 649 1670 deponere
674 1589 804 1652 debebit
828 1590 860 1650 in
887 1609 936 1669 eo,
961 1590 1049 1671 quod
1083 1590 1150 1671 ipse
1184 1589 1345 1671 quandam
1371 1587 1515 1670 jopulam
1540 1589 1581 1650 ad
1606 1589 1660 1650 de·

389 1695 453 1757 bita
482 1695 647 1757 cuiusdam
674 1695 872 1758 Verbechich
896 1715 961 1758 non
986 1697 1137 1779 percepit.

498 1801 577 1864 ltem
601 1801 711 1864 relicta
728 1802 826 1864 Blasii
843 1801 959 1883 judicis
982 1817 1092 1864 contra
1110 1803 1285 1864 Martinam
1303 1800 1443 1884 judicem
1468 1801 1659 1862 secundario

389 1908 485 1969 citata
511 1927 575 1969 non
601 1909 790 1990 comparuit.

390 2106 1658 2200 &mmmmfflmmnfflmmmmfffflmdkmi

902 2236 1141 2324 apostolorum.

946 2392 987 2461 (2·
1012 2389 1106 2464 maii),

498 2526 575 2588 ltem
600 2526 715 2588 Petrus·
733 2526 863 2609 Dragyn
897 2541 1008 2589 contra
1031 2527 1234 2590 Anthonium
1261 2528 1451 2612 Oprasnyeh
1484 2529 1590 2610 primo
1615 2529 1659 2588 ci·

389 2646 474 2694 tatus
500 2653 563 2694 non
590 2633 779 2714 comparuit.

841 2796 926 2872 (Una
946 2797 1060 2870 pagina
1082 2797 1198 2872 vacua).

549 3011 646 3084 Faria
674 3022 773 3085 sexta
801 3019 957 3104 proxima
981 3022 1058 3104 post
1086 3015 1208 3087 festum
1241 3015 1493 3088 Penthecosten.

935 3165 978 3244 (6.
1007 3169 1115 3244 junii).

496 3307 573 3368 ltem
607 3306 718 3369 Petrus
744 3308 864 3389 Dragin
897 3321 1007 3370 contra
1040 3307 1241 3370 Anthonium
1267 3307 1479 3392 Opprasnych
1513 3309 1659 3371 secundo

391 3413 505 3474 citatus
527 3431 592 3473 non
618 3414 807 3495 comparuit.

495 3518 572 3580 ltem
598 3519 672 3582 licet
696 3519 871 3601 Gregorius
889 3519 1065 3601 lutifigulus
1083 3539 1156 3582 curn
1176 3520 1280 3581 Frane
1298 3520 1534 3582 moledinatore
1552 3521 1658 3601 quod-

392 3626 466 3686 dam
491 3625 711 3686 testimonium
737 3639 867 3708 propter
891 3626 1045 3707 quasdam
1075 3646 1166 3706 sepes
1197 3625 1375 3708 producere
1400 3627 1499 3688 nostri
1525 3627 1557 3686 in
1584 3647 1656 3708 pre-

388 3730 494 3792 sencia
519 3731 571 3792 die
604 3729 757 3792 hodierna
791 3751 828 3791 ex
863 3751 975 3793 eorum
1003 3734 1086 3793 bona
1119 3732 1285 3794 voluntate
1318 3745 1349 3793 et
1381 3734 1478 3794 ambo
1503 3734 1659 3795 interesse

387 3836 584 3916 debuissent,
608 3851 714 3898 tamen
741 3836 882 3919 prefatus
906 3839 1009 3899 Frane
1042 3839 1283 3900 molendinator
1316 3859 1380 3900 non
1407 3841 1599 3921 comparuit,
1626 3855 1658 3902 et

387 3945 429 4003 ob
454 3943 515 4003 hoc
541 3957 588 4006 est
612 3944 777 4005 convictus
799 3945 830 4004 in
850 3945 989 4026 birsagio
1015 3945 1070 4006 LX
1094 3945 1301 4007 denariorum
1325 3947 1573 4024 wiennensium,
1591 3967 1658 4008 non

387 4063 494 4109 tamen
520 4068 647 4110 causam
673 4049 788 4112 amisit.

493 4153 572 4214 ltem
597 4175 723 4216 causam
756 4156 839 4217 inter
871 4157 1027 4217 Jacobum
1060 4171 1213 4236 sutorem,
1244 4157 1405 4219 seniorem
1440 4157 1593 4239 juratum,
1628 4173 1661 4222 et

393 4259 582 4321 Michaelem
608 4273 748 4322 sutorem
781 4262 821 4322 de
847 4261 1073 4346 Opathowyna
1106 4264 1233 4324 racione
1259 4263 1425 4324 cuiusdam
1458 4265 1539 4325 cutis
1571 4267 1660 4328 male

391 4365 556 4446 disposite,
583 4385 639 4447 per
664 4368 767 4449 ipsum
794 4369 949 4429 Jacobum
974 4383 1116 4431 sutorem
1140 4382 1305 4450 tamquam
1328 4369 1484 4431 decanum
1510 4383 1659 4432 sutorum

385 4484 460 4533 tunc
492 4473 697 4535 commissum
730 4489 873 4555 recepte,
898 4493 933 4536 ac
966 4495 1021 4554 per
1054 4477 1158 4557 ipsum
1191 4474 1383 4537 Michaelem
1415 4496 1510 4559 super
1547 4477 1657 4559 ipsum

388 4578 543 4640 Jacobum
573 4593 712 4640 sutorem
738 4581 920 4661 potenciam
947 4581 1176 4662 proclamatum
1195 4581 1288 4662 jurati
1310 4582 1353 4643 sic
1379 4582 1659 4662 adjudicaverunt,
1699 4626 1706 4635 -

387 4703 425 4744 ex
449 4703 514 4764 quo
539 4685 606 4765 ipse
640 4685 777 4747 Michael
809 4701 855 4747 est
887 4687 918 4746 in
952 4685 1211 4749 confraternitate
1245 4688 1387 4769 ipsorum
1424 4704 1581 4768 sutorum,
1618 4690 1659 4750 de

388 4787 486 4849 modo
511 4803 618 4850 autem
643 4792 683 4852 sit
707 4805 741 4853 ut
765 4792 902 4872 quilibet
927 4794 1027 4853 bonas
1051 4805 1140 4854 cutes
1161 4793 1322 4875 disponat,
1351 4793 1425 4855 ideo
1449 4795 1481 4855 in
1506 4795 1657 4877 potencia

387 4914 483 4974 quarn
509 4894 649 4976 prefatus
673 4897 811 4958 Michael
836 4911 924 4960 sutor
961 4919 1055 4982 super
1080 4901 1185 4983 ipsum
1210 4901 1366 4962 Jacobum
1398 4902 1656 4983 proclamaverat

387 5013 433 5060 est
457 4999 544 5060 solus
569 5001 745 5064 convictus.
