3852 5814
425 542 490 619 480
802 539 1004 621 Ann01478.
1030 577 1069 586 -
1088 556 1122 618 5.
1150 542 1313 604 decembris.

427 776 514 834 suus,
539 756 798 816 verberationem
818 771 924 816 autem
947 756 1035 816 solus
1059 774 1124 816 non
1142 758 1270 836 negavit
1293 771 1323 816 et
1347 756 1435 836 quod
1460 757 1593 818 eandem
1613 776 1687 817 curn

427 862 526 944 ipsius
551 862 695 923 mulieris
727 862 930 943 manutergio
962 863 1101 943 ligasset,
1130 875 1161 924 et
1191 863 1234 923 sic
1259 861 1394 922 eandem
1427 862 1495 923 dire
1520 876 1552 924 et
1575 864 1690 924 acriter

425 970 631 1046 verberasset,
656 968 747 1050 jurati
766 967 1042 1047 adjudicaverunt,
1068 967 1155 1050 quod
1174 969 1240 1049 ipsa
1258 968 1374 1029 mulier
1398 969 1567 1030 Elisabeth
1592 968 1690 1030 debet

424 1073 529 1154 jurare
563 1075 595 1135 in
627 1095 680 1136 ara
712 1089 819 1136 sancte
851 1073 964 1136 Crucis
997 1075 1028 1135 in
1061 1074 1193 1136 ecclesia
1226 1075 1324 1135 sancti
1360 1075 1456 1136 Marci
1491 1073 1568 1138 seria
1600 1089 1688 1136 sexta

426 1182 572 1262 sequenti
598 1201 693 1263 super
717 1201 767 1259 eo,
792 1182 879 1262 quod
906 1180 972 1262 ipse
997 1195 1043 1242 est
1077 1200 1170 1242 verus
1199 1180 1299 1263 predo
1323 1181 1423 1264 ipsius
1446 1195 1476 1244 et
1500 1181 1587 1263 quod
1616 1181 1686 1262 ipse

427 1286 587 1369 Georgius
612 1288 790 1370 Drempycz
815 1287 986 1368 predaliter
1008 1287 1126 1369 recepit
1151 1287 1236 1368 ipsos
1266 1287 1348 1348 duos
1372 1287 1452 1366 flor,
1477 1301 1508 1348 et
1532 1307 1569 1349 ex
1593 1306 1686 1349 occa·

426 1394 516 1454 sione
542 1393 685 1455 eiusdem
712 1393 844 1475 Georgii
871 1395 910 1454 ab
935 1393 1047 1454 eadem
1081 1409 1153 1454 sunt
1178 1393 1304 1476 perditi,
1337 1394 1403 1474 ipsa
1428 1393 1546 1476 pariter
1569 1413 1626 1475 pro
1651 1413 1685 1454 se

425 1499 646 1562 fideiussorem
671 1515 779 1580 ponat,
803 1499 828 1560 si
850 1519 914 1561 non
940 1499 1092 1581 posuerit,
1125 1500 1190 1580 ipsa
1222 1499 1337 1560 mulier
1369 1500 1407 1560 ad
1433 1499 1597 1561 vinculum
1627 1518 1688 1580 po-

425 1622 535 1682 natur;
560 1620 591 1666 et
614 1621 784 1688 postquam
811 1607 876 1687 ipsa
902 1605 1018 1667 mulier
1043 1605 1210 1667 Elizabeth
1228 1605 1443 1686 juramentum
1468 1625 1561 1667 suum
1586 1606 1687 1688 depo-

424 1713 522 1774 suerit
546 1713 714 1793 legittime,
740 1711 824 1773 idem
851 1710 1011 1793 Georgius
1034 1712 1215 1795 ,Drempycz
1233 1731 1305 1774 cum
1331 1727 1400 1773 rota
1424 1711 1545 1772 destrui
1571 1711 1689 1773 debeat

424 1831 455 1880 et
478 1819 632 1899 torqueri.

530 1924 608 1986 Item
634 1943 761 1986 causam
788 1925 869 1986 inter
893 1923 1083 1986 Michaelem
1117 1944 1271 2006 generum
1297 1924 1434 1986 condam
1461 1925 1546 1986 Luce
1570 1925 1688 1986 sutoris

426 2044 456 2092 et
480 2030 650 2092 Nicolaum
671 2030 827 2091 Horwatb
852 2031 980 2091 racione
998 2031 1245 2109 verberationis,
1263 2031 1348 2092 idem
1365 2031 1520 2093 Nicolaus
1538 2031 1686 2092 Horuath

424 2158 455 2198 se
481 2137 519 2198 ad
545 2136 804 2216 jurisdiccionem
830 2137 965 2198 civitatis
989 2138 1117 2218 recepit.

531 2261 607 2322 ltem
633 2280 760 2322 causam
787 2261 867 2322 inter
892 2260 1023 2322 Gallum
1041 2263 1233 2323 modernum
1259 2262 1396 2344 juratum
1422 2277 1454 2324 et
1476 2263 1686 2324 Valentinum

426 2383 566 2430 sutorem
593 2387 649 2450 per
674 2367 793 2449 juratos
826 2368 1052 2448 adjudicatam,
1084 2367 1170 2429 idem
1203 2368 1317 2430 Gallus
1347 2368 1469 2450 juratus
1492 2369 1533 2431 de
1564 2369 1686 2450 judicio

424 2475 600 2557 juratorum
627 2493 691 2536 non
717 2487 887 2536 contentus
911 2476 1012 2556 ipsam
1035 2473 1075 2536 ad
1099 2475 1242 2536 seniores
1266 2475 1388 2556 judices
1411 2475 1596 2557 appellavit.

530 2599 606 2660 ltem
632 2598 778 2677 Mathias,
804 2599 952 2678 Michael,
974 2598 1119 2660 Thomas
1143 2597 1305 2660 carnifices
1321 2599 1506 2680 juraverunt
1530 2613 1561 2662 et
1584 2599 1685 2683 depo-

423 2719 554 2767 suerunt
578 2705 755 2766 secundum
780 2705 1057 2786 adjudicationem
1074 2705 1262 2786 juratorum,
1287 2706 1374 2787 quod
1393 2707 1453 2788 ipsi
1478 2707 1612 2768 scienter
1637 2708 1685 2768 in·

423 2811 532 2872 firmos
557 2813 656 2872 boves
687 2824 717 2872 et
748 2831 858 2872 vaccas
882 2831 947 2872 non
979 2825 1208 2889 mactaverunt,
1237 2812 1268 2872 in
1302 2811 1404 2874 forma
1436 2826 1532 2895 prout
1562 2813 1684 2874 eisdem

423 2916 625 2979 carnificibus
649 2916 709 2978 luit
732 2917 923 2998 adjudicata.

530 3041 606 3101 ltem
639 3041 823 3102 Anthonius
855 3043 959 3104 Misko
991 3042 1023 3103 in
1055 3042 1176 3124 judicio
1208 3063 1272 3104 non
1305 3045 1485 3126 comparuit
1507 3045 1612 3126 primo
1645 3046 1684 3106 ad

424 3148 614 3210 citacionem
640 3149 794 3210 Demetrii
820 3151 949 3210 sartoris
972 3149 1050 3210 alias
1073 3148 1178 3230 jurati.

511 3405 658 3476 Sabbato
686 3404 837 3494 proximo
865 3404 897 3476 in
926 3407 1075 3495 profesto
1105 3405 1193 3478 beati
1224 3407 1351 3478 Nicolai
1381 3406 1594 3480 confessoris.

929 3559 973 3635 (5.
996 3559 1174 3639 decembris).

529 3701 607 3763 Item
632 3720 759 3762 causam
785 3701 866 3763 inter
892 3700 1022 3763 Gallum
1042 3701 1234 3761 modernum
1259 3700 1396 3782 juratum
1422 3715 1453 3764 et
1477 3699 1685 3762 Valentinum

423 3821 563 3868 sutorem
589 3827 645 3889 per
668 3806 787 3887 juratos
804 3806 1019 3888 adjudicatam
1044 3821 1074 3867 et
1099 3826 1154 3888 per
1177 3807 1317 3869 eundem
1335 3806 1465 3870 Gallum
1490 3807 1685 3869 modernum

423 3912 560 3994 juratum
586 3912 625 3974 de
642 3911 763 3995 judicio
788 3913 964 3995 juratorum
991 3933 1054 3974 non
1073 3927 1259 3974 contentum
1277 3927 1308 3973 et
1331 3913 1370 3973 ad
1395 3913 1538 3975 seniores
1562 3912 1685 3994 judices

424 4019 629 4100 appellatam,
654 4019 929 4101 senioresjudices
954 4019 1228 4099 adjudicaverunt,
1246 4019 1319 4080 licet
1343 4019 1430 4100 quod
1456 4019 1540 4080 idern
1568 4017 1685 4080 Gallus

423 4124 544 4206 juratus
568 4127 622 4186 ubi
647 4126 735 4208 prius
759 4127 789 4187 in
817 4126 981 4187 Kralevvcz
1006 4127 1190 4186 morabatur
1222 4124 1348 4186 cuidam
1375 4125 1501 4186 mulieri
1524 4125 1686 4187 auriculas

424 4231 610 4294 abscidisset
634 4252 690 4312 pro
715 4232 857 4313 quodam
891 4233 1032 4314 dampno
1065 4231 1125 4293 sibi
1154 4253 1210 4313 per
1232 4232 1367 4293 eandem
1398 4231 1514 4294 furtive
1539 4232 1629 4296 illato
1654 4246 1687 4296 et

424 4356 480 4418 per
504 4338 625 4420 judices
650 4338 736 4400 illius
760 4339 923 4420 provincie
953 4338 1086 4419 juridice
1118 4338 1314 4417 adjudicato,
1346 4357 1408 4419 qua
1434 4337 1473 4398 de
1498 4357 1591 4400 causa
1617 4339 1686 4419 ipse

423 4442 614 4506 Valentinus
638 4459 727 4506 sutor
751 4446 889 4506 eundern
916 4445 1047 4508 Gallum
1079 4459 1232 4506 tortorem
1266 4445 1493 4527 appellaverat,
1525 4447 1600 4527 quia
1626 4465 1687 4506 nos

424 4550 566 4612 seniores
590 4550 711 4632 judices
735 4551 780 4611 sic
804 4551 986 4612 invenimus
1010 4565 1041 4612 et
1064 4551 1331 4632 adjudicavimus,
1356 4552 1444 4634 quod
1470 4571 1534 4614 non
1567 4552 1685 4614 merito

423 4656 491 4737 ipse
514 4656 625 4718 debuit
649 4657 802 4739 appellari
828 4677 886 4719 nec
911 4658 1007 4740 debet
1023 4657 1179 4739 appellari
1200 4671 1312 4738 tortor,
1337 4659 1500 4740 quianon
1526 4656 1600 4719 fecit
1625 4678 1685 4742 pro

423 4762 531 4842 aliqua
555 4762 720 4824 solucione
745 4763 796 4824 vel
823 4764 929 4844 precio
961 4764 1021 4824 nisi
1046 4783 1103 4844 pro
1129 4765 1259 4845 proprio
1292 4765 1434 4846 dampno
1459 4764 1518 4824 sibi
1545 4763 1629 4826 lacto
1654 4779 1687 4826 et

424 4887 479 4948 per
503 4870 768 4930 consvetudinem
794 4870 879 4930 illius
902 4871 1066 4951 provincie
1100 4871 1151 4932 vel
1177 4871 1263 4932 illius
1293 4869 1489 4946 secundum;
1515 4891 1591 4952 ergo
1617 4871 1684 4952 ipse

425 4974 556 5034 ulterius
581 4995 644 5036 non
671 4988 717 5037 est
741 4976 958 5038 nominandus
981 4991 1092 5040 tortor.
