3694 5782
553 663 638 721 Anno
662 659 752 740 1467.
778 697 820 706 —
844 678 871 724 1.
903 665 1074 738 septembris.
1387 683 1444 746 3²¹

179 886 210 934 et
234 892 333 954 penes
358 873 462 956 legem
488 887 519 935 et
543 874 808 936 consvetudinem
842 873 925 935 dicte
950 873 1086 936 civitatis
1110 875 1150 936 ab
1174 875 1308 956 antiquo
1333 895 1447 957 appro-

179 980 286 1040 batam
313 994 344 1041 et
368 999 466 1061 penes
498 979 670 1042 fassionem
704 981 803 1063 ipsius
837 980 933 1042 Blasii
958 979 1073 1061 judicis
1106 994 1137 1042 et
1160 981 1262 1062 ipsam
1286 979 1447 1061 juramen·

179 1086 276 1147 talem
302 1085 548 1168 depositionem
580 1085 716 1149 fecimus
740 1101 771 1150 et
802 1087 1021 1169 impendimus
1053 1087 1191 1171 demptis
1215 1086 1321 1168 fatigia
1345 1101 1376 1150 et
1399 1108 1450 1149 ex·

179 1191 286 1274 pensis
310 1212 367 1274 per
390 1193 495 1275 ipsum
520 1193 641 1276 Radoy
666 1194 698 1255 in
724 1195 954 1276 prosecutione
987 1195 1130 1277 ipsorum
1155 1213 1325 1276 porcorum
1351 1192 1450 1256 lactis.

287 1298 365 1361 ltem
389 1318 518 1361 causam
551 1300 633 1361 inter
659 1300 855 1384 Dyonisium
885 1300 1061 1384 Wodopya
1095 1301 1227 1379 dictum,
1252 1301 1291 1361 de
1313 1282 1450 1383 'Bytheln

179 1419 211 1467 et
236 1407 379 1468 Marcum
404 1407 631 1469 Corintianum
652 1409 691 1469 de
713 1407 873 1490 Pobresye
894 1408 1020 1470 racione
1039 1407 1277 1470 interleccionis
1293 1427 1349 1469 seu
1366 1427 1449 1468 mac-

178 1512 315 1573 tationis
337 1533 394 1594 per
417 1515 556 1574 eundem
582 1513 728 1575 Marcum
757 1514 971 1595 quorumdam
994 1533 1166 1598 porcorum
1192 1515 1336 1576 eiusdem
1362 1513 1448 1596 Dyo-

180 1618 254 1679 nisii
280 1619 311 1679 in
345 1619 437 1680 milio
462 1620 562 1701 ipsius
595 1619 705 1699 Marci,
738 1619 831 1700 jurati
865 1619 1090 1700 adjudicarunt
1122 1621 1237 1699 taliter,
1269 1619 1358 1701 quod
1384 1619 1450 1701 ipse

182 1726 309 1786 Marcus
332 1725 437 1806 primo
456 1726 612 1788 solusmet
636 1727 668 1787 in
686 1747 738 1788 ara
756 1741 862 1788 sancte
885 1725 999 1789 Crucis
1023 1727 1055 1788 in
1080 1726 1216 1788 ecclesia
1233 1727 1331 1788 sancti
1351 1725 1449 1788 Marci

181 1831 388 1912 ewangeliste
413 1831 444 1893 in
470 1851 508 1894 eo
542 1845 686 1914 prestare
719 1833 882 1895 tenebitur
907 1831 984 1894 feria
1015 1834 1113 1896 tercia
1137 1833 1282 1916 proxime
1307 1845 1450 1910 ventura,

180 1937 269 2019 quod
302 1939 370 2020 ipse
394 1940 520 2001 Marcus
551 1939 744 2001 multociens
776 1939 890 2021 petivit
924 1953 955 2000 et
979 1939 1160 2002 ammonuit
1191 1939 1296 2022 ipsum
1328 1938 1450 2022 Dyoni-

180 2045 276 2123 sium,
301 2046 390 2127 quod
414 2047 481 2128 ipse
506 2047 566 2108 sibi
592 2046 732 2128 dampna
757 2067 813 2130 per
836 2065 954 2130 porcos
984 2067 1059 2110 suos
1082 2067 1148 2110 non
1173 2045 1322 2124 inferret;
1339 2067 1451 2110 secun-

182 2152 274 2214 dario
298 2151 384 2214 idem
410 2153 537 2215 Marcus
569 2154 668 2215 tercio
702 2173 735 2214 se
768 2153 956 2215 hominibus
981 2155 1041 2217 sibi
1075 2154 1235 2216 similibus
1259 2153 1374 2216 eodem
1399 2153 1451 2214 die

184 2261 280 2321 ineo
305 2259 520 2340 juramentum
558 2273 698 2342 prestare
730 2261 900 2339 tenebitur,
935 2260 1024 2342 quod
1056 2261 1124 2343 ipse
1152 2260 1313 2344 predictos
1337 2279 1452 2342 porcos

182 2367 282 2448 ipsius
307 2367 454 2449 Dyonisii
480 2386 548 2428 non
575 2367 798 2450 calumpniose
815 2381 846 2428 et
869 2367 1080 2450 opprobriose
1105 2387 1170 2429 non
1196 2368 1371 2448 sagitasset,
1395 2365 1450 2427 sed

183 2494 220 2535 ex
244 2494 295 2553 eo,
320 2474 408 2556 quod
434 2474 567 2536 eosdem
593 2493 709 2556 porcos
734 2475 817 2536 circa
843 2474 983 2554 judicem
1012 2493 1077 2536 non
1101 2475 1206 2556 potuit
1229 2474 1395 2556 impellere
1420 2487 1451 2535 et

183 2599 248 2641 non
273 2579 431 2641 dederunt
447 2599 480 2641 se
505 2580 692 2662 impellere;
717 2593 748 2642 et
768 2582 844 2641 dum
862 2579 990 2660 jurabit,
1015 2595 1091 2643 tunc
1108 2579 1249 2663 prefatus
1274 2580 1450 2662 Dyonisius

183 2687 360 2769 Wodopya
386 2687 418 2748 in
443 2706 502 2748 suo
527 2687 669 2769 dampno
702 2705 888 2768 permanere
913 2688 1039 2766 debeat,
1072 2690 1139 2770 ipse
1166 2707 1241 2749 vero
1267 2687 1393 2748 Marcus
1417 2687 1448 2747 in

183 2793 397 2856 extimacione
431 2792 562 2875 dampni
594 2793 643 2854 sui
676 2793 756 2854 milii
788 2813 843 2875 per
873 2813 989 2875 porcos
1020 2793 1181 2875 predictos
1212 2792 1285 2855 facti
1319 2805 1449 2854 conten-

183 2901 241 2961 tari
266 2899 392 2961 debeat.

291 3006 369 3068 Item
396 3005 577 3088 Stephanus
609 3019 698 3066 sutor
730 3025 828 3088 penes
858 3005 987 3068 Achach
1020 3006 1173 3084 residens,
1205 3007 1310 3088 primo
1342 3018 1451 3067 contra

183 3112 386 3174 Anthonium
411 3126 563 3190 sutorem,
608 3132 763 3194 generum
795 3114 933 3175 condam
966 3113 1116 3175 Anthone
1150 3113 1312 3191 institoris,
1337 3113 1451 3174 citatus

185 3240 250 3282 non
275 3219 456 3302 comparuit
480 3239 587 3281 coram
614 3220 708 3281 nobis
732 3219 764 3280 in
789 3219 920 3300 judicio.

184 3438 280 3512 Feria
310 3443 418 3512 tercia
447 3444 600 3530 proxima
635 3449 712 3530 post
749 3441 870 3512 festum
909 3440 998 3513 beati
1026 3440 1203 3530 Augustini
1242 3439 1387 3532 episcopi
1417 3449 1451 3512 et

746 3563 904 3638 doctoris.

692 3719 733 3794 (r.
758 3720 943 3794 septembris).

294 3859 372 3921 item
398 3861 526 3922 racione
559 3861 724 3922 cuiusdam
758 3861 936 3922 molendini
970 3875 1000 3922 et
1032 3875 1185 3922 terrarum
1218 3859 1386 3920 arabilium
1420 3872 1450 3920 et

186 3966 353 4026 vinearum
379 3967 516 4028 condam
542 3967 666 4028 domini
692 3968 775 4029 Petri
801 3967 981 4029 Tewtonici
1007 3965 1222 4028 archidiaconi
1249 3965 1289 4028 de
1314 3965 1449 4026 Kemlek

187 4085 218 4133 et
246 4071 393 4134 canonici
427 4073 559 4134 ecclesie
592 4073 818 4154 zagrabiensis,
851 4073 938 4155 quod
967 4073 1190 4134 molendinum
1223 4091 1258 4132 ac
1290 4086 1386 4132 terras
1419 4083 1449 4132 et

188 4178 298 4240 vineas
322 4179 389 4262 ipse
414 4179 551 4241 condam
576 4180 728 4241 dominus
760 4180 871 4241 Petrus
896 4179 1003 4241 Milice
1032 4179 1140 4261 nepoti
1164 4197 1224 4239 suo
1248 4191 1450 4238 testamenta·

187 4283 259 4345 liter
291 4285 437 4366 legasset,
470 4285 557 4366 quod
591 4286 814 4348 molendinum
847 4306 883 4347 ac
919 4299 1017 4348 terras
1049 4285 1115 4368 ipse
1147 4284 1293 4366 Mylycza
1318 4281 1447 4344 Thome

188 4391 299 4453 sartori
327 4392 420 4453 certis
444 4413 481 4454 ex
515 4393 617 4454 causis
640 4393 789 4469 dedisset,
822 4392 1018 4474 quequidem
1051 4407 1133 4455 terre
1165 4411 1201 4452 ac
1226 4388 1449 4451 molendinum

189 4511 218 4557 et
242 4497 336 4559 vinee
354 4497 412 4579 ipsi
439 4498 575 4560 condam
594 4499 728 4560 domino
753 4499 846 4558 Petro
864 4499 1065 4580 inpignorate
1083 4497 1227 4576 luissent,
1251 4496 1308 4558 sed
1333 4495 1451 4557 nescie-

190 4605 280 4666 batur
304 4624 363 4686 pro
396 4607 542 4685 quantis;
574 4619 605 4667 et
629 4605 704 4686 quia
737 4605 870 4688 provida
902 4605 1018 4666 mulier
1048 4605 1160 4666 Vrsula
1186 4617 1296 4664 vocata
1322 4622 1453 4663 consors

189 4711 332 4772 eiusdem
366 4711 495 4773 Thome
527 4713 655 4774 sartoris
687 4725 789 4773 certos
820 4725 915 4774 testes
943 4731 974 4772 se
1007 4729 1114 4773 coram
1147 4711 1240 4770 nobis
1273 4710 1450 4792 producere

190 4819 407 4900 promittebat,
424 4818 575 4881 videlicet
590 4818 758 4901 providam
777 4819 945 4880 mulierem
964 4822 1057 4879 Anna
1075 4817 1166 4878 aliter
1179 4815 1275 4896 dulga
1292 4831 1449 4892 vocatam,

191 4937 219 4985 et
236 4924 407 4986 Nicolaum
433 4925 722 4987 molendinatorem
741 4926 772 4985 in
798 4923 918 5004 judicio
944 4944 1050 4985 coram
1074 4923 1167 4984 nobis
1191 4922 1351 5004 produxit,
1370 4942 1447 5003 que-

191 5031 321 5111 quidem
334 5037 426 5093 Anna
440 5033 556 5093 mulier
573 5033 613 5092 ad
631 5031 726 5092 fidem
743 5051 833 5092 suam
844 5031 922 5112 quid
937 5032 964 5091 ei
978 5032 1007 5091 in
1024 5029 1287 5111 inpignoracione
1301 5028 1444 5088 eiusdem

193 5139 370 5199 molendini
397 5153 554 5199 constaret
579 5154 609 5199 et
633 5159 690 5220 pro
716 5139 844 5220 quantis
873 5138 1073 5220 inpignorate
1100 5133 1240 5211 suerunt,
1265 5133 1371 5193 dicere
1396 5133 1448 5192 ha-

1349 5240 1384 5282 21
