3644 5788
793 528 880 587 Anno
903 523 994 604 1462.
1019 560 1063 571 —
1087 541 1133 588 11.
1157 527 1237 589 maii.

394 634 756 641 -—-—---..—--.——
770 635 826 640 .--.
839 635 848 640 -
889 635 901 640 -
914 635 972 640 —-—
986 635 1056 640 .---
1067 634 1134 640 -—-—
1154 633 1648 640 —————--..-——-.————

437 745 532 818 leria
561 746 666 818 tercia
696 745 848 835 proxima
877 755 953 836 post
982 747 1104 818 festum
1133 745 1220 819 beati
1247 744 1409 817 stanislai
1437 743 1607 816 martiris.

930 921 991 994 (ιι,
1014 917 1111 993 maii).

498 1077 577 1140 item
600 1077 834 1159 proclamatum
868 1090 914 1138 est
946 1077 1135 1139 secundario
1160 1073 1381 1158 superfundo
1413 1089 1444 1135 et
1468 1074 1555 1135 civili
1581 1093 1653 1134 con·

393 1185 467 1246 dam
493 1184 646 1266 Stephani
671 1184 788 1245 sutoris
813 1182 949 1244 Kondek
982 1183 1058 1245 dicti
1083 1183 1114 1244 in
1140 1183 1212 1244 vico
1244 1181 1393 1244 exteriori
1418 1201 1475 1242 seu
1500 1179 1654 1242 suburbio

392 1291 474 1352 dicte
500 1290 635 1352 civitatis
659 1303 690 1351 et
714 1289 822 1351 nullus
846 1289 1061 1351 contradictor
1085 1290 1242 1372 apparuit.

500 1413 578 1476 item
603 1413 836 1495 proclamatum
861 1427 907 1474 est
930 1413 1028 1475 tercia
1056 1413 1124 1475 vice
1148 1433 1243 1496 super
1275 1413 1409 1474 domum
1434 1433 1491 1474 seu
1516 1411 1653 1473 fundum

393 1520 519 1582 discreti
546 1520 605 1580 viri
630 1519 754 1582 domini
785 1519 948 1580 Valentini
980 1520 1109 1602 plebani
1134 1520 1267 1582 ecclesie
1300 1520 1399 1580 sancti
1426 1518 1556 1581 Martini
1582 1537 1656 1579 con-

393 1626 519 1689 fessoris
552 1627 583 1687 in
617 1627 823 1708 Jampnycza,
856 1627 887 1686 in
913 1625 996 1688 dicta
1028 1627 1155 1688 civitate
1188 1626 1300 1704 habiti,
1332 1642 1368 1688 ut
1400 1627 1467 1708 ipse
1491 1625 1601 1688 venire
1626 1625 1657 1685 in

393 1734 538 1794 medium
556 1733 655 1794 nostri
670 1732 778 1794 venire
798 1731 928 1793 deberet
945 1732 1073 1794 racione
1091 1731 1306 1794 desolacionis
1319 1733 1462 1794 eiusdem
1481 1745 1513 1793 et
1530 1745 1658 1813 propter

392 1841 579 1922 vigilaturus
603 1853 634 1902 et
657 1840 818 1902 custodias
839 1853 870 1902 et
892 1853 979 1902 taxas
996 1859 1075 1921 quas
1100 1860 1164 1902 non
1182 1838 1316 1922 perfecit
1337 1860 1373 1901 ac
1390 1840 1492 1901 eciam
1510 1838 1658 1920 dampnis

393 1948 507 2009 vicinis
538 1967 576 2008 ex
609 1948 721 2008 eadem
755 1947 854 2008 domo
885 1945 987 2026 factis,
1018 1961 1049 2008 et
1081 1948 1156 2029 quia
1186 1948 1252 2030 ipse
1284 1948 1436 2010 dominus
1468 1946 1658 2008 Valentinus

394 2054 496 2116 nostri
521 2053 552 2114 io
578 2053 776 2135 presenciam
801 2072 866 2114 non
899 2054 996 2131 venit,
1030 2068 1145 2116 extunc
1176 2053 1313 2116 eandem
1338 2055 1473 2116 domum
1506 2053 1548 2114 ad
1573 2072 1658 2114 com·

396 2160 587 2222 munitatem
612 2159 841 2241 occupavimus
865 2173 896 2220 et
919 2179 977 2240 pro
1009 2159 1158 2242 dampnis
1182 2161 1296 2222 vicinis
1320 2159 1576 2222 satisfaccionem
1602 2159 1657 2219 im·

396 2265 535 2349 pendere
559 2265 790 2326 commisimus.

502 2389 579 2451 Item
603 2389 700 2450 tercia
725 2389 794 2450 vice
812 2389 1046 2471 proclamatum
1071 2405 1228 2474 estsuper
1245 2388 1347 2452 fundo
1372 2391 1405 2452 in
1429 2391 1586 2452 suburbio
1603 2409 1658 2451 seu

394 2497 465 2556 vico
491 2495 638 2556 exteriori
663 2508 808 2556 sutorum
832 2495 958 2577 providi
984 2496 1041 2556 viri
1066 2496 1195 2558 Andree
1228 2497 1356 2576 sutoris,
1381 2497 1530 2558 moderni
1556 2497 1657 2575 iurati,

395 2601 507 2680 habiti,
532 2601 607 2682 quia
633 2600 719 2662 idem
744 2601 850 2663 literas
878 2621 973 2684 super
1005 2602 1119 2664 eodem
1145 2603 1269 2665 habitas
1300 2604 1469 2666 casualiter
1494 2603 1659 2679 amisisset,

395 2721 426 2768 et
449 2708 475 2768 si
500 2707 572 2788 quis
589 2707 701 2768 eadem
720 2706 787 2788 jura
806 2707 937 2768 haberet
953 2721 1007 2769 aut
1026 2708 1158 2786 invenit,
1175 2711 1287 2771 eadem
1314 2711 1354 2772 ad
1371 2711 1535 2771 victimam
1554 2709 1658 2770 eidem

395 2814 528 2876 reddere
554 2813 695 2891 deberet,
721 2827 751 2874 et
775 2814 851 2894 quia
875 2815 984 2876 nullus
1017 2816 1197 2898 comparuit
1221 2836 1329 2878 coram
1356 2817 1449 2878 nobis
1474 2817 1548 2878 ideo
1573 2836 1657 2877 com-

305 2959 308 2964 ·
395 2922 541 2982 misimus
565 2919 669 2980 eidem
695 2919 771 2981 dare
795 2919 901 2980 literas
925 2933 1134 3002 opportunas.

501 3045 579 3104 ltem
603 3043 643 3104 ad
668 3043 861 3123 peticionem
895 3046 1014 3125 egregii
1045 3046 1243 3126 sigismundi
1279 3047 1476 3128 Keleberger
1501 3048 1659 3131 capitanei

396 3151 487 3212 castri
521 3149 645 3211 Medwe
677 3149 780 3210 vocati
818 3165 848 3210 et
881 3150 1019 3212 aliorum
1051 3153 1265 3234 plurimorum
1298 3154 1440 3215 virorum
1472 3156 1661 3237 proborum,

398 3255 504 3317 Blasio
523 3253 739 3336 Herwathych
758 3255 844 3316 dicto
861 3255 900 3316 de
913 3256 989 3318 villa
1007 3257 1172 3324 Cralewcz
1186 3261 1245 3321 sub
1263 3259 1378 3322 eodem
1404 3273 1508 3322 castro
1523 3261 1662 3339 Medwe,

396 3361 523 3422 racione
549 3359 622 3422 furti
648 3361 743 3422 unius
767 3363 866 3442 porci,
885 3383 980 3444 quern
1004 3365 1071 3446 ipse
1088 3368 1286 3428 subtraxerat
1304 3369 1433 3429 Andree
1458 3369 1662 3430 molendina·

395 3467 457 3529 tori
481 3467 512 3526 in
538 3467 697 3527 territorio
715 3467 814 3547 ipsius
831 3469 967 3531 civitatis
991 3475 1218 3552 commoranti,
1242 3474 1348 3536 taliter
1370 3473 1451 3536 facta
1476 3490 1523 3536 est
1540 3476 1663 3536 miseri·

396 3572 516 3649 cordia,
549 3572 638 3652 quod
662 3573 688 3632 si
712 3592 768 3654 per
801 3575 941 3656 amplius
973 3577 1004 3637 in
1036 3578 1200 3639 talismodi
1234 3578 1320 3642 furtu
1352 3595 1407 3642 aut
1430 3581 1495 3642 alio
1527 3582 1663 3644 crimine
1690 3567 1705 3601 ⁴

397 3679 575 3760 dampnoso
601 3679 802 3759 reperiretur,
824 3695 938 3743 extunc
963 3697 993 3744 et
1011 3685 1203 3766 premissum
1220 3687 1361 3769 primum
1380 3687 1533 3748 delictum
1556 3689 1662 3749 eidem

397 3785 481 3864 parci
508 3803 571 3843 non
597 3782 737 3863 deberet,
762 3786 816 3847 sed
850 3786 935 3867 juxta
968 3789 1067 3871 ipsius
1092 3792 1230 3853 civitatis
1262 3793 1527 3855 consvetudinem
1555 3795 1662 3876 puniri

397 3905 427 3949 et
452 3890 539 3950 nulla
564 3890 783 3952 misericordia
809 3891 887 3954 fieri.

501 4013 578 4073 Item
603 4034 730 4075 causam
755 4016 836 4077 inter
859 4018 1002 4080 relictam
1027 4021 1165 4082 condam
1185 4023 1282 4084 Blasii
1308 4023 1423 4103 judicis
1447 4039 1478 4086 et
1503 4025 1586 4087 inter
1603 4027 1663 4086 Mi-

398 4117 541 4179 chaelem
567 4121 778 4183 baccalarium
811 4122 913 4184 filium
938 4127 1083 4189 eiusdem
1116 4129 1245 4190 racione
1278 4132 1517 4193 verberacionis
1540 4148 1572 4193 et
1596 4153 1662 4194 non

398 4221 623 4284 honorationis
655 4227 796 4306 predicte
821 4231 931 4291 matris
963 4252 1018 4293 sue
1051 4233 1143 4313 jurati
1177 4251 1433 4317 prorogaverunt
1455 4238 1494 4298 ad
1521 4239 1661 4319 primum

398 4326 552 4405 judicium
588 4345 623 4393 ut
646 4333 671 4392 si
701 4349 830 4413 possent
862 4339 1069 4418 concordare,
1102 4342 1181 4402 etsi
1206 4362 1271 4403 non
1304 4358 1434 4425 possent
1466 4345 1663 4406 concordare

398 4445 473 4492 tunc
497 4433 550 4495 fiet
573 4435 727 4514 judicium
753 4454 855 4520 partes
880 4443 962 4504 inter
986 4445 1125 4510 easdem.

506 4555 581 4618 item
607 4579 733 4622 causam
759 4563 839 4626 inter
863 4566 1061 4631 Pethltonem
1088 4571 1126 4632 de
1152 4573 1285 4656 Dedych
1310 4590 1342 4636 et
1366 4576 1553 4638 Ladislaum
1579 4577 1662 4639 Cha-

402 4660 576 4742 ranthoych
601 4665 759 4728 seniorem
782 4670 919 4749 juratum
945 4689 975 4735 et
993 4678 1158 4739 concivem
1178 4695 1333 4760 nostrum,
1358 4682 1451 4764 jurati
1469 4683 1514 4745 sic
1537 4684 1662 4766 adjudi-

400 4781 560 4844 caverunt,
593 4771 667 4848 quia
701 4771 817 4835 factum
851 4780 1039 4857 premissum
1074 4786 1163 4864 quod
1189 4787 1255 4868 ipse
1289 4787 1412 4850 Pethlto
1435 4809 1543 4851 coram
1570 4792 1662 4852 nobis

401 4883 508 4928 contra
536 4873 637 4950 ipsum
667 4879 847 4941 Ladislaum
882 4903 1105 4966 prosequatur,
1139 4891 1169 4951 in
1203 4893 1318 4954 eodem
1346 4896 1404 4976 ipsi
1433 4897 1584 4959 ladislao
1617 4919 1660 4958 re-

402 4977 526 5052 mansit,
551 4981 624 5057 quia
651 5003 715 5043 rem
742 4986 802 5062 jam
829 4988 1000 5066 judicatam
1032 5013 1254 5078 prosequatur.
