3694 5782
504 604 590 660 Anno
613 597 706 678 1464.
733 635 773 643 -
794 613 826 674 9.
851 601 1025 660 novembris.
1056 657 1059 664 ,
1337 618 1398 680 ²59

148 829 239 872 noster
275 814 303 872 in
331 813 483 874 extremis
506 814 569 874 vite
594 833 649 874 sue
678 815 866 894 temporalis
898 815 1083 909 lqborasset,
1109 814 1279 891 ipsumque
1303 831 1396 872 suum

147 932 334 980 executorem
361 919 587 994 constituisset,
613 939 735 1001 suaque
760 921 910 982 universa
933 920 1017 981 bona
1042 937 1099 979 sua
1124 917 1163 978 ad
1190 918 1292 999 ipsum
1311 937 1398 978 com·

146 1026 267 1087 misisset
291 1038 323 1086 et
348 1045 406 1107 pro
432 1026 538 1086 anima
563 1045 619 1087 sua
643 1028 771 1107 exponi.

240 1132 314 1192 ltem
343 1133 418 1214 quia
443 1132 597 1194 discretus
621 1133 669 1192 vir
701 1133 852 1194 dominus
878 1133 1034 1194 Martinus
1066 1131 1231 1212 presbiter,
1255 1131 1395 1193 concivis

146 1253 249 1314 noster,
274 1239 441 1322 plebanus
458 1239 488 1299 in
515 1239 642 1316 Bakwa,
676 1237 750 1300 lecit
783 1239 871 1300 citari
898 1237 1090 1319 Dyonisium
1116 1239 1314 1318 scriptorem,
1339 1237 1393 1318 qui

146 1344 306 1425 Dyonisius
324 1345 398 1404 bina
416 1345 485 1405 vice
502 1345 533 1405 in
558 1343 677 1422 judicio
695 1363 801 1404 coram
827 1345 921 1406 nobis
937 1344 1128 1426 comparuit,
1153 1345 1219 1424 ipse
1245 1362 1320 1405 vero
1338 1342 1394 1402 do-

145 1449 1391 1532 minusMartinuspresbiternoncomparuit,eteiuscontumaciamaccusavit.

241 1557 315 1618 ltem
351 1576 478 1618 causam
512 1557 593 1618 inter
626 1557 779 1619 Mathiam
813 1558 1012 1638 Tergowecz
1037 1571 1067 1618 et
1092 1557 1298 1618 Dominieum
1331 1575 1397 1616 car·

147 1661 258 1724 nilicem
284 1663 378 1742 jurati
404 1677 627 1745 prorogarunt,
652 1663 740 1744 quod
766 1665 789 1723 si
821 1665 903 1726 inter
927 1683 960 1724 se
985 1663 1232 1745 possimusque
1257 1662 1397 1744 primum

146 1770 287 1849 judicium
312 1771 520 1846 concordare,
554 1773 635 1831 bene
668 1769 813 1851 quidem,
845 1770 991 1851 alioquin
1017 1771 1084 1852 ipsa
1117 1789 1210 1830 causa
1236 1770 1266 1830 in
1292 1769 1397 1850 primo

144 1874 253 1954 judicio
276 1877 374 1938 debet
397 1875 542 1952 judicari.

239 1983 315 2044 ltem
341 1983 423 2044 trina
449 1983 516 2043 vice
542 1997 588 2044 est
612 1983 846 2065 proclamatum
883 2003 940 2064 pro
973 1981 1112 2064 quadam
1139 1983 1229 2044 litera
1262 1981 1396 2064 provide

144 2090 275 2150 mulieris
311 2090 420 2151 relicte
455 2089 592 2151 condam
626 2090 803 2152 Clementis
849 2089 1033 2171 lreniparis,
1065 2104 1099 2150 ut
1135 2089 1273 2170 quedam
1307 2089 1395 2150 litera

143 2197 274 2258 annotati
300 2197 438 2258 condam
464 2195 642 2258 Clementis
668 2195 835 2278 lreniparis
859 2216 954 2277 super
982 2195 1123 2277 quodam
1150 2194 1250 2257 lundo
1276 2197 1307 2256 in
1325 2197 1396 2257 vico

143 2304 280 2365 exteriori
305 2317 449 2364 sutorum
476 2304 629 2365 existente
664 2303 828 2385 deperdita
862 2302 943 2364 loret
966 2315 997 2364 et
1029 2302 1143 2363 nullibi
1170 2302 1316 2380 inveniri,
1341 2294 1396 2362 sed

119 2411 239 2471 ·eidem
263 2411 371 2472 relicte
397 2410 496 2492 ipsius
521 2410 699 2472 Clementis
724 2409 892 2491 lreniparis
920 2408 1090 2470 commisse
1115 2421 1188 2470 sunt
1212 2407 1279 2469 dari
1304 2409 1395 2470 litere

144 2537 229 2598 super
253 2517 368 2578 eodem
398 2515 511 2578 funde.

238 2623 313 2684 ltem
347 2623 422 2703 quia
455 2623 566 2683 Simon
601 2635 690 2684 sutor
721 2623 829 2684 citavit
858 2623 1065 2684 Ambrosium
1098 2637 1239 2684 sutorem
1273 2625 1394 2686 Malecz

143 2728 254 2790 dictum
279 2729 318 2790 ad
337 2728 529 2790 hodiernum
554 2729 652 2808 diem,
677 2729 732 2810 qui
750 2730 939 2790 Ambrosius
963 2731 1143 2811 comparuit
1167 2750 1273 2792 coram
1292 2731 1396 2809 nobis,

143 2833 202 2914 ipse
226 2855 300 2896 vero
327 2835 439 2896 Simon
466 2849 499 2896 ut
522 2849 610 2896 actor
634 2855 698 2896 non
725 2836 915 2916 comparuit.

240 2942 316 3003 ltem
332 2941 424 3022 jurati
443 2942 710 3024 adjudicaverunt
728 2962 854 3004 causam
871 2945 952 3004 inter
971 2943 1178 3006 Benedictum
1198 2941 1394 3004 aurifabrum

143 3061 170 3107 et
191 3049 360 3128 quemdam
387 3049 539 3109 colonum
566 3049 709 3110 eiusdem
742 3049 870 3111 racione
902 3050 1131 3110 conventionis
1154 3049 1270 3110 domus
1295 3061 1325 3109 et
1349 3068 1395 3110 re·

144 3155 238 3232 cessit,
263 3155 328 3236 ipse
354 3155 547 3216 Benedictus
565 3155 693 3234 jurabit,
711 3155 799 3236 quod
825 3156 891 3237 ipse
909 3176 1017 3216 secum
1043 3154 1116 3218 lecit
1142 3155 1394 3216 convencionem

144 3279 195 3340 pro
219 3261 451 3342 quinquaginta
476 3260 616 3322 denariis
641 3275 671 3324 et
689 3263 790 3322 tribus
815 3262 1002 3323 muneribus
1019 3263 1107 3343 quod
1133 3262 1298 3322 annuatim
1317 3281 1394 3321 con·

143 3367 224 3428 venit
246 3387 362 3429 secum.

240 3473 314 3536 ltem
333 3493 461 3536 causam
480 3476 561 3536 inter
578 3473 771 3556 Gregorium
790 3474 937 3555 Burdych
955 3487 986 3536 et
1003 3474 1201 3555 Stephanum
1219 3495 1393 3556 preconem

143 3579 262 3642 racione
286 3581 522 3642 verberacionis
546 3595 759 3663 prorogarunt
784 3601 884 3662 usque
910 3583 1048 3663 primum
1077 3581 1242 3657 iudicium.

243 3687 318 3749 ltem
336 3708 464 3750 causam
479 3693 570 3749 Anna
586 3689 802 3770 Pugnarycza,
821 3689 917 3750 altera
934 3689 1137 3770 Pugnarycza
1151 3703 1181 3750 et
1197 3690 1293 3750 tercia
1311 3689 1396 3751 selli-

146 3793 223 3873 paris
246 3809 275 3855 et
300 3794 533 3876 Moychychna,
557 3795 700 3875 quelibet
725 3796 863 3875 ipsarum
890 3795 985 3856 debet
1010 3795 1112 3874 iurare
1136 3797 1299 3857 terciamet
1324 3817 1395 3857 cum

144 3902 278 3980 personis
302 3902 361 3962 sibi
387 3902 547 3962 similibus
564 3901 660 3962 tercia
688 3900 764 3962 feria
781 3917 866 3962 sexta
891 3902 1035 3983 proxime
1061 3917 1203 3974 ventura,
1222 3903 1309 3983 quod
1331 3905 1396 3984 ipse

144 4025 202 4066 non
226 4023 296 4069 aunt
320 4008 447 4070 conscie
480 4009 510 4068 in
537 4008 599 4068 illis
631 4009 739 4086 digitis
772 4009 825 4090 qui
859 4009 974 4090 reperti
1000 4023 1083 4086 sunt,
1117 4029 1174 4069 nec
1200 4010 1316 4070 scirent
1340 4009 1396 4069 ali-

143 4112 215 4190 quid
242 4114 279 4174 de
305 4115 375 4196 ipso
401 4112 494 4175 tacto.

182 4329 270 4404 leria
298 4343 396 4406 sexta
424 4338 577 4422 proxima
605 4342 682 4404 ante
710 4333 835 4404 festum
864 4335 953 4403 beati
985 4336 1122 4405 Martini
1151 4339 1295 4424 episcopi
1327 4345 1359 4406 et

662 4458 876 4530 confessoris.

640 4619 689 4691 (9.
715 4612 899 4691 norrernbris).

245 4751 321 4813 ltem
348 4753 422 4834 quia
460 4754 594 4834 provida
623 4753 738 4814 mulier
763 4758 855 4814 Anna
888 4767 1000 4814 vocata
1033 4754 1235 4835 Pugnarycza
1270 4773 1400 4814 consors

150 4853 307 4920 Cristolori
333 4859 461 4938 Pugnat
485 4861 626 4922 concivis
651 4862 761 4937 nostri,
786 4880 844 4941 pro
869 4861 931 4920 illis
961 4861 1068 4940 digitis
1092 4860 1248 4936 abscissis,
1273 4859 1327 4939 qui
1354 4861 1399 4919 in-

147 4963 223 5022 venti
249 4966 378 5025 suntin
413 4965 511 5027 domo
544 4966 715 5048 Chawslty‚
749 4967 962 5044 juramentum
994 4967 1052 5026 sibi
1078 4965 1297 5043 adjudicatum
1331 4985 1400 5045 pre·

153 5067 221 5130 stitit
245 5085 277 5131 ut
301 5071 423 5133 debuit.
