3838 5786
386 539 449 600 402
770 523 856 578 Anno
881 533 968 598 1472.
994 555 1035 563 -
1060 533 1105 597 17.
1134 524 1248 596 aprilis.

493 733 570 794 Item
588 752 715 794 causam
741 733 822 794 inter
840 733 1013 794 Martinum
1040 733 1080 794 de
1098 733 1265 815 Schytario
1290 745 1321 794 et
1338 733 1419 794 inter
1443 733 1649 794 Valentinum

386 855 539 918 sutorem,
565 839 758 904 modernum
790 841 940 918 juratum,
973 840 1100 900 racione
1126 839 1375 922 vituperacionis
1407 854 1437 900 et
1461 839 1650 900 dehonesta-

387 947 489 1007 cionis
514 965 569 1028 per
594 947 698 1028 ipsum
732 946 939 1007 Valentinum
973 965 1068 1029 super
1101 947 1203 1028 ipsum
1236 946 1409 1007 Martinuru
1444 945 1534 1024 lacte,
1559 947 1651 1028 jurati

386 1052 651 1134 adjudicaverunt
674 1052 789 1132 taliter,
814 1053 902 1135 quod
925 1053 991 1135 ipse
1009 1053 1199 1115 Valentinus
1224 1072 1287 1114 non
1313 1072 1370 1136 pro
1387 1053 1450 1114 alia
1475 1073 1568 1114 causa
1585 1053 1646 1114 nisi

387 1179 444 1240 pro
470 1179 508 1220 eo
533 1158 620 1240 quod
647 1159 714 1241 ipse
750 1159 919 1221 dominum
952 1159 1087 1222 civitatis
1111 1175 1142 1221 et
1173 1161 1258 1221 cives
1283 1160 1485 1242 vituperavit,
1516 1161 1648 1224 tercius-

388 1279 452 1327 met
477 1267 508 1327 in
541 1287 593 1327 ara
626 1280 733 1328 sancte
767 1265 880 1329 Crucis
911 1265 987 1328 leria
1020 1267 1117 1329 tercia
1146 1267 1289 1348 proxima
1314 1280 1385 1348 post
1416 1265 1530 1328 festum
1565 1267 1648 1328 beati

387 1373 485 1434 Marci
510 1371 613 1452 jurare
645 1372 816 1450 tenebitur,
848 1386 879 1434 et
910 1373 987 1434 duro
1020 1371 1147 1452 jurabit,
1178 1387 1255 1435 tunc
1286 1373 1399 1434 volunt
1422 1373 1481 1434 sibi
1509 1373 1647 1434 Martiuo

387 1479 554 1540 nominare
572 1498 707 1560 penam;
732 1479 771 1540 de
796 1498 862 1560 quo
885 1479 1005 1560 judicio
1023 1479 1199 1559 iuratorum
1218 1498 1283 1540 non
1308 1491 1488 1558 contentus,
1513 1477 1648 1540 eandem

387 1604 513 1646 causam
540 1585 714 1667 appellavit
739 1585 770 1646 in
796 1586 993 1666 presenciam
1020 1585 1183 1647 seniorum
1209 1583 1363 1666 judicum.

494 1691 571 1754 ltem
596 1710 690 1752 causa
716 1692 797 1752 inter
814 1690 954 1774 Gywrelt
979 1691 1018 1752 de
1037 1691 1197 1774 Pobresya
1216 1691 1344 1752 racione
1368 1689 1442 1752 furti
1468 1691 1562 1751 unius
1579 1690 1654 1751 retis

388 1813 418 1860 et
443 1797 524 1860 inter
556 1799 725 1860 dominum
759 1797 937 1880 Georgium
970 1799 1144 1880 plebanum
1186 1812 1292 1860 sancte
1326 1797 1537 1879 Margarethe,
1560 1796 1653 1877 jurati

387 1919 642 1987 prorogaverunt
666 1905 705 1966 ad
730 1905 870 1986 primum
894 1904 1062 1986 judicium.

494 2010 570 2071 ltem
597 2030 723 2072 causam
750 2010 831 2072 inter
861 2011 989 2072 Petrum
1024 2010 1179 2072 famulum
1205 2009 1354 2091 Gregorii
1385 2008 1479 2091 jurati
1503 2009 1651 2070 moderni

388 2129 419 2178 et
432 2117 513 2178 inter
526 2117 705 2180 iohannem
721 2117 924 2200 F-raylynych
938 2131 968 2178 et
986 2118 1162 2179 Janltonem
1177 2116 1366 2198 jobagiones
1379 2116 1502 2177 domini
1518 2115 1649 2196 Georgii

388 2222 517 2304 plebani
543 2223 640 2284 sancti
668 2223 796 2284 Martini
815 2238 845 2285 et
864 2224 1021 2288 Briccium
1047 2223 1253 2304 jobagionem
1277 2221 1431 2284 Anthonii
1450 2221 1652 2304 Tberutsych

388 2330 516 2391 racione
548 2330 777 2411 captivationis
810 2343 840 2392 et
870 2329 1109 2391 verberationis
1141 2343 1170 2390 ct
1195 2348 1300 2390 rerum
1333 2327 1476 2390 eiusdem
1503 2328 1586 2390 Petri
1621 2328 1653 2388 in

389 2437 529 2517 quadam
554 2436 654 2498 domo
678 2437 717 2496 de
743 2449 835 2498 nocte
861 2436 1037 2497 ablacionis
1070 2434 1236 2514 lactatum,
1268 2435 1362 2514 jurati
1394 2434 1499 2495 taliter
1523 2435 1653 2495 invene·

389 2557 473 2618 runt,
497 2543 584 2623 quod
604 2543 670 2624 ipse
701 2543 812 2604 Petrus
835 2542 938 2623 jurare
962 2543 1124 2604 tenebitur
1156 2541 1382 2603 secundusmet
1407 2540 1521 2602 eodem
1545 2540 1597 2601 die
1621 2541 1652 2601 in

389 2668 441 2708 ara
465 2663 572 2710 sancte
597 2648 721 2728 Crucis,
750 2649 838 2730 quod
873 2649 930 2730 ipsi
963 2649 1115 2730 premissa
1148 2668 1340 2730 supereum
1370 2647 1599 2709 commiserunt
1624 2663 1654 2710 et

388 2752 542 2833 fecerunt,
568 2769 598 2816 et
632 2755 709 2816 dum
743 2755 870 2836 jurabit,
895 2755 1033 2836 quilibet
1065 2775 1176 2816 eorum
1201 2755 1362 2816 tenebitur
1394 2753 1498 2815 eidem
1531 2754 1655 2816 solvere

388 2861 501 2942 viginti
527 2862 670 2943 quinque
695 2882 809 2944 pensas
833 2873 864 2924 et
881 2863 1024 2943 quinque
1049 2882 1163 2943 pensas
1187 2861 1409 2922 communitati
1435 2879 1472 2920 ex
1489 2879 1540 2939 e0,
1564 2861 1653 2942 quod

389 2967 447 3048 ipsi
480 2987 545 3029 non
570 2982 832 3050 presentaverunt
856 2969 995 3030 eundem
1021 2968 1137 3050 judici3
1163 2968 1292 3049 dequo
1324 2967 1444 3048 judicio
1474 2965 1651 3047 juratorum

389 3073 542 3135 discretus
574 3074 620 3134 vir
652 3075 803 3136 dominus
828 3074 989 3156 Georgius
1021 3076 1177 3158 plebanus
1209 3095 1274 3136 non
1307 3087 1486 3152 contentus,
1519 3074 1653 3135 eandem

389 3200 516 3242 causam
542 3181 716 3262 appellavit
740 3182 771 3243 in
797 3183 996 3264 presenciam
1022 3182 1185 3243 seniorum
1208 3181 1364 3258 judicum.

497 3287 573 3349 Item
600 3307 727 3349 causam
753 3289 835 3350 inter
859 3289 940 3350 duos
964 3287 1104 3350 famulos
1128 3288 1284 3349 Anthonii
1310 3288 1453 3372 Strylasti
1480 3291 1597 3352 sutoris
1622 3305 1654 3352 et

389 3396 470 3455 inter
495 3394 627 3477 Turcyn
653 3394 829 3477 Mathyntn,
858 3395 994 3475 quilibet
1018 3414 1129 3456 eorum
1154 3393 1258 3475 jurare
1291 3395 1450 3456 tenebitur
1474 3395 1514 3457 ad
1539 3415 1655 3458 manus

391 3501 485 3560 unius
509 3499 602 3581 jurati
627 3501 741 3562 eodem
768 3502 830 3580 die,
855 3501 942 3582 quod
965 3521 1030 3562 non
1055 3501 1317 3583 vituperaverunt
1349 3520 1481 3563 uxorem
1507 3502 1651 3563 eiusdem

391 3606 537 3689 Mathye3
571 3621 601 3668 et
624 3607 700 3668 dum
725 3607 886 3688 jurabunt,
919 3620 1034 3670 extunc
1067 3610 1289 3690 expurgabunt
1320 3627 1352 3667 se
1377 3621 1409 3669 et
1432 3621 1526 3669 erunt
1549 3608 1655 3670 liberi.

496 3715 572 3776 Item
591 3736 718 3777 causam
744 3717 825 3778 inter
843 3716 1006 3778 Thomam
1024 3716 1158 3778 Cheden
1187 3729 1219 3777 et
1236 3715 1318 3776 inter
1335 3714 1467 3777 Gallum
1485 3715 1655 3798 Kodelych

389 3823 548 3884 seniorem
573 3823 711 3903 juratum
737 3837 768 3886 et
800 3837 978 3885 exactorem
1005 3837 1075 3884 taxe
1108 3823 1359 3901 communitatis,
1384 3823 1513 3884 racione
1536 3823 1655 3903 allega-

389 3929 490 3991 cionis
514 3930 601 4010 quod
628 3931 694 4012 ipse
719 3929 832 3992 Gallus
865 3931 984 4012 recepit
1008 3949 1103 4011 super
1135 3929 1238 4011 ipsum
1265 3928 1429 3990 Thomam
1455 3931 1534 3990 duas
1557 3941 1656 4007 taxas,

388 4037 491 4116 jurare
515 4038 677 4098 tenebitur
701 4037 867 4116 solusmet,
892 4035 979 4118 quod
1006 4056 1070 4098 non
1104 4035 1223 4117 recepit
1248 4035 1327 4096 duas
1351 4049 1438 4097 taxas
1463 4037 1502 4096 ab
1527 4035 1656 4114 eodem,

389 4142 429 4203 ad
454 4162 567 4204 manus
592 4143 687 4204 unius
711 4143 815 4224 jurati.

496 4249 571 4310 ltem
598 4269 725 4310 causam
751 4251 832 4311 inter
856 4248 1050 4330 Gregorium
1073 4247 1230 4310 famulum
1257 4247 1404 4329 Gregorii
1430 4248 1557 4324 sutoris,
1584 4267 1653 4309 mo·

389 4356 478 4417 demi
503 4355 608 4436 jurati,
642 4357 769 4418 racione
802 4355 977 4436 hastiludii,
1010 4355 1098 4437 quod
1131 4355 1197 4438 ipse
1231 4353 1388 4416 famulum
1415 4355 1514 4416 Marci
1540 4354 1656 4416 Veneti

389 4483 454 4523 non
479 4463 591 4525 cadere
616 4464 807 4544 adjuvasset,
833 4462 937 4543 jurare
961 4463 1123 4524 tenebitur
1147 4461 1263 4524 eodem
1289 4461 1340 4522 die
1364 4461 1405 4523 ad
1430 4481 1545 4523 manus
1561 4462 1658 4523 unius

388 4567 492 4648 jurati.

496 4675 572 4736 ltem
599 4695 726 4736 causam
752 4677 834 4738 inter
851 4675 974 4738 Hathes
998 4690 1029 4737 et
1053 4675 1247 4757 Gregorium
1267 4673 1395 4736 fratrem
1421 4674 1547 4736 domini
1573 4675 1657 4735 Mar-

387 4782 445 4843 tini
471 4782 636 4864 presbiteri
662 4782 790 4844 racione
816 4782 1031 4864 percussionis
1054 4795 1084 4843 et
1107 4781 1345 4843 vulneracionis
1361 4801 1418 4864 per
1442 4782 1547 4864 ipsum
1574 4779 1656 4842 Gre-

387 4889 515 4966 gorium
539 4910 635 4971 super
660 4890 764 4971 ipsum
784 4889 906 4951 Hathes
923 4888 1015 4966 lactc,
1040 4889 1132 4969 jurati
1151 4889 1418 4971 adjudicaverunt
1433 4887 1548 4966 taliter,
1567 4886 1656 4968 quod

390 4997 455 5078 ipse
479 4997 567 5057 solus
593 4996 768 5077 Gregorius
801 5017 865 5058 non
899 4997 1026 5077 negavit
1058 4996 1145 5078 quod
1178 5017 1251 5058 eum
1282 4995 1462 5058 verberavit
1486 5009 1517 5057 et
1542 4995 1656 5056 vulne·
