3694 5782
405 465 466 527 332
798 450 884 508 Anno
907 445 1002 526 1468.
1027 483 1069 490 -
1093 463 1139 508 11.
1164 449 1272 508 martii.

614 662 691 722 Item
718 660 846 724 Gerdak
871 677 969 724 sutor.

616 767 694 829 Item
719 768 793 830 Blas
817 768 1006 850 lutifigulus.

614 874 693 936 Item
719 875 853 937 Mathes.

614 981 692 1044 Item
717 981 907 1044 Valentinus
938 997 1036 1044 sutor.

614 1088 692 1148 Item
718 1088 836 1149 Paulus
859 1102 957 1150 sutor.

614 1195 690 1256 Item
717 1195 820 1256 Lucas
843 1209 941 1256 sutor.

614 1301 691 1362 Item
717 1301 863 1363 Thomas
889 1315 989 1364 sutor.

618 1407 694 1468 Item
720 1407 903 1469 Anthonius
928 1407 1093 1470 familiaris
1118 1409 1285 1468 laurencii
1310 1427 1430 1490 sporar.

610 1515 689 1574 Item
714 1513 834 1576 Gwrko
858 1533 1020 1577 successor
1048 1515 1243 1597 Wenthych.

613 1619 691 1682 Item
718 1621 829 1682 Petrus
854 1621 1029 1704 Sydarych.

613 1727 689 1788 Item
716 1727 835 1790 Gwrlro
860 1742 948 1790 sutor
973 1729 1093 1810 Rosyn.

612 1833 689 1894 Item
716 1833 841 1915 Gregor
865 1833 960 1896 frater
985 1835 1108 1894 domini
1135 1835 1262 1895 Martini
1288 1835 1467 1915 presbiteri.

612 1941 690 2002 Item
717 1941 906 2002 Dominicus
929 1957 1018 2002 sutor
1042 1941 1073 2000 in
1099 1941 1204 2022 platea
1230 1955 1374 2001 sutorum
1400 1943 1560 2004 exteriori.

610 2048 686 2109 Item
714 2048 870 2109 Martinus
899 2047 1039 2129 Banych.

612 2153 688 2215 Item
715 2154 853 2216 Valenth
878 2168 976 2216 sutor.

611 2262 689 2322 Item
714 2261 876 2322 Iohannes
901 2261 1089 2343 Kathanych
1114 2273 1212 2323 sutor.

613 2367 690 2428 Item
716 2367 837 2428 Gwrko
865 2381 963 2428 sutor.

506 2474 583 2534 Item
608 2473 721 2556 prefati
745 2474 889 2534 Andreas
919 2474 1014 2554 judex
1047 2487 1077 2535 et
1105 2473 1197 2554 jurati
1222 2493 1257 2534 ac
1282 2473 1456 2534 consiliarii
1489 2494 1561 2535 cum
1587 2494 1655 2534 con·

399 2600 492 2640 sensu
517 2595 548 2640 et
572 2581 798 2642 commissione
823 2602 858 2642 ac
885 2581 1030 2642 unanimi
1053 2581 1271 2662 concordique
1289 2581 1455 2642 voluntate
1479 2596 1510 2642 et
1534 2583 1653 2642 decreto

400 2687 503 2748 tocius
527 2688 767 2749 communitatis
791 2689 900 2749 omnia
918 2689 1044 2748 decreta
1069 2701 1099 2748 et
1122 2702 1238 2748 statuta
1261 2702 1326 2749 tam
1353 2688 1383 2748 in
1409 2689 1548 2769 presenti
1566 2707 1652 2769 quam

399 2794 428 2852 in
455 2795 595 2875 antiquis
620 2794 781 2855 kathernis
805 2795 920 2855 nostris
944 2808 1092 2856 contenta
1122 2808 1151 2856 et
1169 2797 1295 2877 scripta,
1320 2795 1429 2876 quoad
1458 2815 1571 2856 omnes
1589 2795 1653 2856 arti·

399 2899 488 2959 culos
513 2915 543 2960 et
567 2915 684 2980 puncta
709 2921 744 2962 ac
777 2900 935 2962 clausulas
967 2901 1155 2963 eorumdem
1191 2915 1380 2962 statutorum
1406 2915 1437 2961 et
1461 2901 1652 2962 decretorum

397 3024 454 3086 per
470 3019 573 3066 totum
591 3026 711 3067 annum
737 3007 891 3088 presentis
908 3007 1065 3086 judicatus
1084 3007 1182 3088 ipsius
1205 3007 1335 3068 Andree
1359 3005 1473 3088 judicis
1491 3026 1527 3068 ac
1550 3025 1652 3068 conse-

396 3125 530 3192 quenter
554 3127 584 3172 et
608 3113 758 3195 deinceps
782 3113 848 3194 jure
873 3126 1028 3195 perpetuo
1050 3128 1080 3175 et
1105 3113 1355 3174 irrevocabiliter
1386 3111 1649 3175 confirmaverunt

396 3237 522 3298 semper
546 3219 680 3280 valitura
706 3233 736 3279 et
760 3239 886 3301 semper
913 3219 1123 3281 observanda.

505 3323 580 3384 Item
607 3325 681 3405 quia
714 3325 875 3386 lohannes
908 3326 1081 3406 Hungarus
1112 3325 1196 3386 lilius
1221 3325 1438 3386 Bartholomei
1473 3327 1513 3386 de
1538 3325 1650 3408 oppido

398 3430 559 3491 Bakarcha
593 3432 807 3514 stipendarius
839 3433 929 3492 castri
965 3431 1090 3494 Medwe
1124 3433 1155 3492 in
1189 3431 1358 3494 manifesto
1392 3431 1478 3493 furtu
1510 3433 1651 3493 videlicet

396 3551 470 3598 octo
496 3539 683 3616 biretorum,
709 3540 803 3599 unius
827 3539 895 3620 pilii
920 3553 950 3598 et
976 3540 1070 3600 unlus
1092 3539 1245 3600 thabollre
1263 3559 1346 3600 nove
1371 3539 1402 3599 in
1427 3540 1574 3600 stacunio
1597 3537 1649 3598 Mi-

397 3644 514 3704 chaelis
539 3645 703 3722 Institoris,
728 3645 851 3726 pridem
870 3644 973 3724 jurati,
994 3647 1227 3706 subtractorum
1254 3645 1284 3705 In
1311 3645 1394 3706 dicta
1418 3645 1565 3721 civitate;
1581 3645 1647 3705 item

396 3767 534 3831 quatuor
565 3771 749 3831 grossorum
782 3772 864 3833 quos
896 3772 968 3812 cum
1003 3753 1129 3813 duobus
1160 3753 1256 3812 sociis
1283 3753 1348 3812 suis
1380 3751 1412 3811 in
1437 3751 1536 3812 domo
1561 3750 1648 3812 Blasii

396 3857 603 3939 Zthenycbky
636 3858 769 3919 domino
802 3859 930 3920 Andree
963 3859 1102 3941 plebano
1144 3860 1174 3918 in
1210 3859 1376 3920 Stenewcz
1411 3860 1648 3933 subtractorum,

396 3966 483 4045 quod
506 3963 625 4027 furtum
652 3966 717 4046 ipse
743 3966 904 4026 lohannes
929 3967 1083 4027 solusmet
1107 3985 1161 4026 ore
1190 3967 1321 4047 proprio
1346 3967 1377 4025 In
1403 3966 1524 4046 judicio
1550 3983 1646 4027 coram

397 4074 490 4133 nobis
514 4093 549 4132 ac
574 4074 674 4133 eciam
700 4093 808 4134 coram
826 4074 1072 4154 quampluribus
1097 4073 1270 4149 nobilibus,
1288 4073 1461 4153 probisque
1480 4087 1511 4134 et
1534 4072 1648 4133 idoneis

396 4179 630 4239 circumvicinis
656 4180 730 4239 viris
749 4179 848 4240 lassus
866 4195 922 4258 est,
949 4180 1021 4240 ideo
1047 4180 1113 4260 ipse
1139 4179 1301 4240 lohannes
1318 4177 1402 4259 juxta
1420 4199 1477 4240 sua
1502 4178 1645 4240 demerita

397 4305 452 4366 per
476 4285 594 4365 juratos
618 4287 702 4346 dicte
727 4287 863 4347 civitatis
888 4301 933 4346 est
961 4285 1162 4364 adjudicatus
1193 4287 1299 4346 subire
1325 4305 1441 4366 penam
1467 4285 1595 4367 patibuli
1620 4295 1647 4342 et

396 4393 579 4473 suspendii,
616 4393 664 4452 cui
703 4393 839 4452 Iohanni
874 4394 913 4452 ad
944 4393 1216 4473 supplicacionem
1250 4391 1381 4453 fratrum
1421 4394 1520 4452 sancti
1559 4391 1647 4451 Fran-

394 4499 479 4576 cisci‚
503 4499 602 4558 sancti
621 4499 744 4558 Nicolai
770 4513 801 4559 et
825 4499 924 4559 eciam
944 4499 1080 4558 aliorum
1103 4498 1343 4579 quamplurium
1370 4498 1589 4579 religiosorum
1613 4513 1645 4555 ac

395 4605 494 4665 eciam
529 4605 687 4665 nobilium
720 4621 750 4664 et
782 4606 973 4665 secularium
1006 4623 1213 4685 personarum
1251 4624 1287 4664 ac
1317 4605 1419 4665 eciam
1452 4603 1645 4665 dominarum

395 4712 600 4772 honestarum
624 4711 729 4772 taliter
746 4711 964 4771 misericordia
990 4709 1071 4771 lacta
1093 4725 1138 4770 cst
1163 4711 1258 4792 capiti
1284 4725 1313 4772 et
1331 4711 1457 4791 corpori
1482 4730 1551 4790 suo,
1568 4705 1648 4788 quod

395 4818 461 4896 ipse
487 4816 584 4877 liliam
611 4817 729 4877 Mathie
759 4819 861 4878 Wura
894 4818 989 4895 dicta,
1020 4837 1110 4877 suam
1135 4816 1325 4896 legittimam
1360 4817 1502 4880 duxisset
1526 4818 1557 4878 iu
1580 4832 1647 4874 con·

393 4938 511 4984 sortem
538 4939 567 4984 et
591 4929 678 5006 quod
705 4925 771 5006 ipse
797 4925 883 4985 voi-it
907 4945 939 4984 se
961 4923 1088 4984 visitare
1114 4937 1296 4985 sauctorum
1322 4925 1444 4986 lImina.
