3644 5788
401 574 458 632 ¹54
801 555 889 614 Anno
912 552 1003 632 1458.
1029 589 1070 597 —
1093 551 1143 614 16.
1158 556 1251 630 junii.

396 767 478 828 latus
504 769 670 830 Emericus
695 768 834 850 frenipar
859 767 890 826 in
916 768 1065 827 extremis
1093 766 1157 827 vite
1181 786 1236 826 sue
1261 766 1447 846 temporalis
1471 765 1657 843 laborasset,

394 891 469 935 tunc
496 877 561 956 ipse
587 873 726 956 prefatos
751 873 926 956 Elyzabeth
953 889 983 934 et
1008 873 1210 934 Clementem
1228 872 1465 933 commissarios
1489 887 1520 933 et
1544 892 1657 934 execu-

392 995 477 1041 tores
492 984 728 1064 possessionum
742 995 773 1042 et
790 999 895 1041 rerum
907 999 942 1040 ac
956 981 1116 1040 bonorum
1130 999 1261 1040 suorum
1276 980 1500 1057 constituisset,
1516 980 1655 1061 ideoque

395 1107 453 1148 nos
476 1088 607 1150 eosdem
634 1086 809 1170 Elyzabeth
843 1065 873 1147 et
897 1085 1099 1147 Clementem
1128 1083 1253 1147 fabrum
1278 1087 1310 1146 in
1335 1086 1401 1167 ipsa
1435 1085 1654 1147 commissaria

394 1195 586 1256 executione
619 1194 775 1255 dictarum
812 1211 917 1253 rerum
950 1205 981 1254 et
1012 1193 1173 1253 bonorum
1205 1211 1240 1253 ac
1264 1193 1503 1275 possessionum
1536 1191 1651 1274 prefati

392 1302 529 1362 condam
565 1301 701 1362 Emerici
738 1298 905 1381 freniparis
937 1298 1198 1360 confirmavimus
1221 1299 1333 1360 dantes
1357 1300 1402 1360 eis
1425 1299 1555 1380 plenam
1579 1319 1653 1360 auc-

392 1407 553 1469 toritatem
583 1407 762 1488 exequendi
792 1419 822 1466 et
850 1405 1042 1488 disponendi
1069 1405 1153 1484 juxta
1171 1405 1372 1486 legacionem
1389 1405 1488 1487 ipsius
1513 1405 1651 1466 Emerici

391 1513 617 1596 supradictam.

498 1620 574 1681 Item
601 1621 676 1700 quia
701 1618 879 1702 Elyzabeth
904 1617 1013 1679 relicta
1037 1617 1175 1678 Emerici
1205 1615 1373 1700 freniparis
1398 1617 1486 1700 olym
1511 1617 1654 1678 concivis

393 1726 504 1806 nostri,
528 1726 560 1787 id
586 1745 658 1787 cum
684 1724 854 1786 sufficienti
886 1737 917 1785 et
948 1723 1113 1804 fidedigno
1146 1737 1329 1785 nostrorum
1354 1723 1536 1784 concivium
1570 1724 1656 1785 testi-

389 1833 504 1894 monio
530 1834 560 1893 in
587 1833 662 1894 sede
688 1845 794 1894 nostra
827 1830 993 1912 iudiciaria
1019 1828 1114 1890 hodie
1140 1849 1246 1890 coram
1281 1830 1375 1890 nobis
1399 1829 1482 1891 clare
1507 1849 1655 1912 compro-

389 1940 488 2017 bavit,
512 1955 547 2000 ut
572 1939 649 2001 dum
674 1937 815 2021 prefatus
839 1937 975 1999 condam
1000 1937 1166 1997 Emericus
1194 1935 1335 2018 lrenipar
1359 1937 1391 1997 in
1417 1937 1566 1998 extremis
1590 1937 1654 1998 vite

387 2066 444 2106 sue
469 2046 656 2128 temporalis
680 2046 865 2124 laborasset,
899 2058 974 2105 tunc
1000 2045 1066 2124 ipse
1099 2043 1305 2105 medietatem
1338 2042 1505 2104 cuiusdam
1538 2043 1655 2106 domus

387 2172 443 2213 sue
468 2153 500 2213 in
523 2152 604 2214 dicta
630 2153 760 2213 civitate
785 2151 904 2228 habite,
933 2150 1080 2211 similiter
1112 2149 1318 2210 medietatem
1353 2149 1520 2210 cuiusdam
1546 2149 1655 2233 (h)orti

387 2278 460 2319 cum
485 2259 636 2320 omnibus
663 2259 805 2340 ipsorum
838 2257 1032 2318 utilitatibus
1064 2269 1095 2317 et
1119 2257 1324 2337 pertinenciis
1357 2256 1523 2335 universis,
1549 2257 1654 2339 ipsum

388 2363 539 2424 videlicet
564 2365 747 2425 Emericum
772 2362 966 2444 freniparem
994 2362 1129 2442 juridice
1152 2376 1184 2424 et
1214 2363 1389 2424 literatorie
1413 2377 1654 2441 concernentes

387 2469 509 2551 prefate
534 2470 710 2552 Elyzabeth
735 2481 893 2550 protunc
918 2469 1007 2530 uxori
1034 2489 1089 2529 sue
1115 2469 1270 2550 legittime
1294 2469 1465 2550 legavisset
1488 2469 1556 2552 jure
1583 2489 1654 2552 per·

388 2590 486 2658 petuo
511 2575 721 2658 possidendas
753 2589 784 2637 et
813 2575 1123 2656 quomodocumque
1156 2574 1295 2637 voluerit
1327 2573 1543 2656 disponendas
1567 2576 1653 2657 juxta

388 2681 614 2742 condicionem
639 2681 776 2742 civitatis
800 2695 985 2764 prenotate;
1017 2681 1158 2762 ideoque
1183 2699 1241 2741 nos
1264 2679 1421 2763 prefatam
1446 2679 1653 2742 medietatem

388 2787 486 2869 ipsius
523 2787 638 2848 domus
673 2801 704 2848 et
739 2784 849 2865 fundi,
885 2787 1032 2848 similiter
1068 2787 1274 2848 medietatem
1308 2787 1407 2869 ipsius
1438 2785 1546 2868 (hlorti
1579 2806 1653 2848 cum

389 2894 511 2953 cunctis
536 2893 677 2975 ipsorum
697 2893 887 2954 utilitatibus
911 2907 941 2954 et
958 2893 1164 2974 pertinenciis
1190 2893 1345 2953 universis
1361 2892 1535 2975 premissis,
1552 2893 1653 2956 modo

387 3000 542 3081 premisso
568 2999 627 3080 ipsi
660 2998 797 3060 iohanni
823 3000 892 3078 (sic)
916 2999 1167 3078 incumbentem,
1192 2999 1297 3061 eidem
1323 2997 1500 3081 Elyzabeth
1523 2999 1652 3060 mulieri

390 3105 559 3165 statuimus
583 3118 614 3166 et
645 3103 906 3166 confirmavimus
934 3105 1002 3188 jure
1034 3121 1190 3188 perpetuo
1215 3120 1245 3166 et
1263 3105 1528 3166 ¹irrevocabiliter
1551 3107 1652 3188 possi·

389 3211 541 3290 dendam,
566 3211 738 3272 tenendam
764 3225 794 3271 et
817 3211 1125 3292 quomodocumque
1149 3211 1286 3273 voluerit
1298 3211 1534 3295 disponendam
1564 3211 1652 3293 juxta

390 3317 613 3378 condicionem
640 3317 775 3379 civitatis
799 3331 965 3399 prenotate
989 3319 1214 3399 supradictam.

491 3424 569 3486 ltem
587 3424 680 3505 jurati
703 3423 969 3505 adjudicaverunt
987 3444 1114 3485 causam
1140 3424 1221 3485 inter
1243 3424 1379 3486 Paulum
1398 3438 1429 3486 et
1450 3423 1649 3506 Stephanum

386 3543 527 3590 sutorem
553 3531 681 3592 racione
706 3530 872 3591 cuiusdam
906 3530 1038 3611 dampni
1063 3529 1186 3612 pretato
1211 3530 1312 3592 Paulo
1337 3531 1382 3591 uti
1408 3530 1575 3592 dicebatur
1598 3551 1650 3592 su-

385 3638 524 3719 spective
556 3657 612 3719 per
636 3637 740 3719 ipsum
767 3636 965 3718 Stephanum
995 3637 1086 3716 illati,
1119 3636 1208 3718 quod
1236 3637 1303 3719 ipse
1330 3637 1510 3719 Stephanus
1534 3651 1650 3700 octavo

385 3743 436 3803 die
460 3745 644 3805 terciusmet
668 3743 884 3824 juramentum
903 3743 1065 3825 deponere
1090 3743 1221 3805 debebit
1237 3743 1325 3824 quod
1352 3743 1419 3826 ipse
1443 3743 1502 3805 sibi
1521 3743 1649 3806 nullum

385 3849 562 3932 dampnum
588 3849 670 3912 fecit.

490 3957 567 4018 Item
593 3956 686 4037 jurati
711 3955 978 4038 adjudicaverunt
1001 3975 1130 4016 causam
1155 3955 1237 4016 inter
1254 3955 1434 4017 Jankonem
1460 3975 1649 4038 arcuparem

385 4064 550 4124 concivem
569 4076 713 4123 nostrum
732 4076 763 4124 et
779 4062 923 4123 nobilem
941 4061 1120 4122 iohannem
1139 4061 1179 4122 de
1196 4061 1374 4124 Erwenche
1395 4062 1524 4124 racione
1541 4063 1649 4124 cuius·

385 4169 458 4230 dam
485 4169 685 4230 detencionis
709 4169 807 4252 ipsius
841 4168 995 4230 lohannis
1027 4188 1084 4250 per
1108 4169 1371 4230 commissionem
1403 4170 1540 4231 condam
1574 4170 1648 4232 illu·

383 4276 496 4336 strium
521 4276 760 4357 principeorum
793 4275 1000 4335 dominorum
1026 4274 1180 4336 Friderici
1213 4290 1244 4336 et
1271 4275 1370 4337 Vlrici
1396 4276 1549 4338 comitum
1576 4291 1649 4356 etc.,

384 4382 460 4462 quia
498 4381 582 4442 idem
620 4382 768 4443 homines
803 4381 943 4442 Ladislai
968 4395 998 4442 et
1030 4381 1185 4443 iohannis
1217 4382 1257 4442 de
1289 4381 1418 4464 Zynche
1441 4382 1585 4444 detinere
1617 4399 1650 4445 et

384 4501 520 4549 arestare
545 4488 604 4548 sibi
630 4488 833 4549 commiserat
864 4486 1004 4569 prefatus
1037 4488 1138 4548 Janko
1167 4508 1311 4570 atcupar,
1343 4509 1380 4548 ex
1405 4508 1471 4570 quo
1503 4488 1648 4570 prefatus

384 4593 546 4654 lohannes
578 4594 616 4652 de
650 4593 826 4654 Erwenche
852 4593 949 4654 homo
984 4613 1097 4654 eorum
1121 4607 1151 4654 et
1188 4595 1219 4654 in
1252 4594 1473 4675 legacionibus
1498 4595 1648 4676 ipsorum

383 4697 452 4775 luit,
478 4699 582 4778 ipsum
608 4701 722 4760 merito
747 4701 890 4761 detinere
913 4713 944 4762 et
968 4715 1104 4761 arestare
1133 4701 1256 4781 potuit;
1281 4701 1320 4761 de
1345 4720 1411 4782 quo
1435 4701 1558 4782 judicio
1575 4722 1650 4785 pre·

384 4800 522 4864 fatorum
537 4845 538 4848 κ
549 4803 724 4882 juratorum
743 4807 809 4887 ipse
832 4806 993 4867 lohannes
1011 4808 1050 4867 de
1068 4806 1245 4868 Erwenche
1263 4827 1327 4868 non
1353 4822 1523 4870 contentus
1541 4809 1646 4890 ipsam

382 4928 510 4970 causam
546 4910 577 4970 in
614 4913 811 4992 presenciam
855 4913 1018 4974 seniorum
1054 4913 1196 4994 judicum
1241 4933 1314 4974 cum
1359 4913 1449 4975 totali
1492 4934 1647 4996 processu

382 5014 564 5101 appellavit.
