3838 5786
697 587 783 643 Anno
806 599 895 661 1473.
921 621 961 628 —
985 606 1015 663 9.
1041 586 1211 647 novembris.
1527 608 1586 669 431

324 796 423 858 literis
447 798 614 878 utriusque
639 798 736 878 partis
756 797 956 876 examinatis,
980 797 1087 858 literas
1106 799 1271 879 utriusque
1297 801 1394 880 partis
1418 800 1507 860 Pauli
1525 820 1589 860 sar·

325 903 402 964 toris
419 902 692 980 confirmavimus,
709 903 800 964 alteri
818 917 925 964 autem
943 903 1050 964 literas
1067 903 1221 964 Anthonii
1243 925 1340 966 vanas
1357 907 1588 968 commisimus.

430 1026 507 1089 ltem
532 1047 625 1089 causa
652 1043 737 1088 mota
771 1029 853 1088 inter
878 1027 1055 1107 Georgium
1089 1029 1177 1088 lurse
1210 1029 1347 1108 iuratum
1383 1029 1586 1108 modernum,

325 1151 358 1196 ut
383 1149 522 1196 actorem
549 1137 588 1196 ab
614 1155 688 1212 una,
713 1149 743 1195 et
776 1135 909 1195 alterum
937 1134 1127 1216 Georgium,
1161 1135 1270 1219 Guray
1303 1137 1436 1214 dictum,
1461 1138 1589 1198 racione

324 1242 490 1302 cuiusdam
517 1241 592 1322 equi
629 1243 866 1302 vulneracionis
898 1257 944 1302 est
975 1241 1168 1320 adjudicata,
1194 1257 1228 1302 ut
1260 1243 1344 1304 idem
1372 1243 1480 1326 Guray
1512 1241 1589 1304 feria

322 1362 406 1410 sexta
433 1349 580 1430 proxime
604 1363 739 1409 ventura
762 1347 977 1428 juramentum
1004 1347 1166 1429 deponere
1186 1348 1281 1409 debet
1305 1369 1400 1431 super
1424 1369 1473 1427 en,
1499 1351 1587 1430 quod

322 1475 387 1517 non
411 1457 620 1517 vulnerasset.

428 1563 506 1624 ltem
531 1583 625 1624 causa
658 1583 720 1644 que
753 1563 935 1624 vertebatur
966 1563 1048 1623 inter
1078 1563 1205 1624 Petrum
1240 1563 1361 1640 Koncz,
1386 1565 1425 1624 ab
1459 1584 1532 1639 una,
1559 1578 1589 1624 et

321 1669 476 1730 iacobum
504 1669 623 1751 Sporar
647 1672 686 1730 ab
709 1670 818 1746 altera,
844 1670 973 1730 racione
1003 1669 1167 1730 cuiusdam
1196 1670 1363 1730 necessarii
1389 1690 1444 1729 seu
1470 1670 1588 1746 cloace,

320 1776 359 1836 ab
385 1776 494 1853 altera,
520 1790 567 1836 est
592 1776 785 1854 adjudicata,
810 1789 844 1836 ut
870 1775 954 1836 idem
982 1776 1092 1835 Petrus
1111 1776 1221 1835 Koncz
1245 1776 1366 1854 absque
1392 1790 1587 1836 nocumento

321 1882 561 1942 communitatis
586 1883 617 1942 in
636 1882 804 1942 latitudine
822 1882 960 1942 duorum
979 1881 1208 1962 (brachiorum)
1226 1881 1346 1942 dictum
1374 1882 1586 1942 necessarium

323 1987 431 2049 cloace
468 1989 639 2070 disponere
666 1988 804 2069 (debeat)
829 1990 887 2048 sub
913 2007 993 2068 pena
1020 1989 1047 2046 X
1077 1987 1281 2067 grivnarum;
1314 1987 1443 2048 tandem
1470 1987 1584 2048 dictam

322 2113 449 2155 causam
475 2095 653 2176 Dyonisius
670 2108 770 2155 sartor
796 2095 826 2154 in
845 2094 1041 2175 presenciam
1060 2094 1224 2154 seniorum
1242 2093 1385 2172 judicum
1403 2093 1586 2175 appellavit.

426 2218 504 2280 ltem
531 2238 623 2280 causa
650 2239 711 2299 que
736 2220 919 2280 vertebatur
945 2218 1026 2278 inter
1051 2218 1219 2294 Altacium,
1244 2219 1283 2277 ab
1313 2237 1386 2290 una,
1411 2233 1441 2278 et
1467 2218 1582 2278 Micco-

320 2343 392 2385 nem
412 2327 451 2385 ab
469 2325 567 2385 altera
593 2325 720 2386 racione
746 2325 910 2385 cuiusdam
938 2337 1021 2384 caste
1046 2324 1257 2402 cisternensis,
1282 2325 1369 2404 quod
1395 2325 1461 2405 ipse
1498 2326 1580 2384 Aka-

320 2431 386 2492 cius
410 2431 596 2492 testimonio
621 2431 862 2513 comprobavit;
887 2449 982 2511 super
1006 2431 1124 2511 quibus
1142 2431 1226 2491 idem
1254 2431 1374 2491 Mirltus
1400 2445 1446 2492 est
1470 2431 1501 2492 in
1520 2432 1586 2491 bir-

318 2537 407 2618 sagio
432 2539 459 2597 X
484 2537 680 2618 griwnarum
708 2550 753 2598 est
777 2537 952 2598 convictus.

426 2662 501 2723 ltem
528 2681 621 2723 causa
647 2681 709 2743 que
734 2665 916 2723 vertebatur
942 2661 1024 2723 inter
1056 2661 1217 2721 Andream
1251 2661 1364 2739 talcar,
1388 2663 1427 2721 ab
1453 2681 1527 2739 una,
1554 2674 1585 2722 et

319 2769 460 2831 relictam
487 2769 568 2831 Petri
595 2769 751 2830 carnificis
775 2771 814 2830 ab
838 2770 935 2830 altera
968 2769 1095 2831 racione
1129 2768 1294 2830 torcularis
1330 2783 1375 2829 est
1408 2781 1580 2850 prorogata

318 2876 358 2937 ad
384 2875 527 2938 futurum
553 2877 788 2938 consistorium.

425 3002 501 3063 ltem
527 3021 620 3063 causa
646 3021 709 3082 que
733 3003 914 3062 vertebatur
938 3002 1019 3062 inter
1044 3000 1207 3061 Thomam
1226 2999 1371 3076 Cheden‚
1396 3003 1435 3060 ab
1461 3020 1534 3077 una,
1552 3013 1582 3060 et

319 3107 439 3168 Lucam
476 3123 617 3169 sutorem
651 3108 690 3168 ab
715 3107 812 3168 altera
850 3108 977 3168 racione
1010 3107 1170 3167 bonorum
1202 3105 1494 3166 mercimonialium
1528 3125 1584 3186 per

318 3215 491 3296 quemdam
531 3215 666 3275 Paulum
702 3215 862 3276 literatum
897 3215 935 3275 de
969 3214 1104 3274 lurancz
1140 3227 1270 3294 propter
1303 3213 1441 3293 quedam
1475 3213 1582 3273 debita

318 3321 394 3382 dicti
421 3323 506 3382 Luce
531 3323 648 3382 sutoris
684 3321 905 3398 inhibitorum‚
939 3335 985 3382 est
1017 3319 1197 3400 adjudicata
1233 3319 1285 3397 ita,
1312 3333 1345 3379 ut
1370 3319 1455 3378 idem
1481 3319 1583 3379 Lucas

316 3442 404 3489 sutor
429 3448 528 3489 unum
555 3427 624 3489 flor.
649 3429 717 3489 auri
742 3442 772 3488 et
796 3428 885 3488 XXX
910 3427 1032 3487 solidos
1056 3427 1143 3487 dicto
1168 3426 1297 3487 Thome
1323 3425 1456 3486 Cheden
1481 3445 1581 3506 usque

317 3536 356 3596 ad
382 3536 516 3596 tercium
543 3535 627 3595 diem
663 3534 826 3594 exsolvere
859 3533 991 3608 debeat;
1025 3533 1110 3593 idem
1143 3547 1249 3593 autem
1277 3532 1421 3593 Thomas
1447 3531 1579 3593 Cheden

317 3641 485 3702 dominum
511 3642 680 3702 Nicolaum
706 3655 836 3722 propter
860 3639 966 3701 debita
992 3641 1155 3701 exsolvere
1180 3640 1305 3701 debeat.

421 3766 497 3826 ltem
523 3767 598 3846 quia
624 3767 734 3827 Petrus
752 3766 865 3826 Xuncz
890 3764 967 3826 alias
988 3765 1108 3846 juratus
1125 3779 1232 3826 noster
1249 3778 1279 3825 et
1304 3765 1443 3825 concivis
1472 3765 1580 3846 aliqua

316 3872 455 3953 dampna
481 3873 511 3932 in
538 3871 670 3932 ecclesia
696 3872 779 3933 beati
806 3872 904 3932 Marci
927 3871 1143 3952 ewangeliste,
1169 3872 1200 3930 in
1218 3869 1339 3952 prefata
1364 3871 1491 3931 civitate
1509 3869 1578 3931 fun·

316 3979 398 4057 data,
424 3993 645 4060 perpetrasset,
671 3992 700 4038 et
725 3979 799 4060 quia
825 3978 864 4038 ad
890 3979 1071 4059 sepissimas
1088 3978 1264 4060 peticiones
1288 3977 1528 4038 honorabilium
1550 3991 1580 4038 et

316 4088 491 4166 proborum
516 4085 657 4146 virorum
695 4085 894 4146 considerata
928 4085 1036 4166 inopia
1062 4098 1092 4146 et
1126 4085 1271 4165 prolibus
1302 4085 1377 4160 suis,
1403 4103 1440 4145 ex
1464 4084 1578 4145 volun·

314 4205 377 4254 tate
403 4192 506 4253 tocius
532 4205 637 4252 nostre
656 4191 896 4252 communitatis
918 4191 1166 4251 misericorditer
1184 4191 1288 4271 ipsum
1313 4190 1352 4250 ad
1378 4189 1579 4251 solucionem

316 4313 369 4359 aut
393 4299 489 4359 trium
516 4299 584 4361 flor.
611 4311 664 4359 aut
689 4317 746 4379 pro
771 4298 891 4358 eisdem
917 4317 1037 4358 asseres
1061 4297 1100 4357 ad
1126 4295 1241 4358 festum
1268 4297 1499 4358 penthecosten
1524 4315 1575 4356 ex-

315 4403 487 4465 solvendos
512 4404 552 4464 ad
578 4403 696 4464 dictam
722 4404 888 4464 ecclesiam
909 4404 991 4464 beati
1006 4403 1105 4463 Marci
1123 4403 1338 4483 ewangeliste,
1357 4403 1578 4463 commisimus

314 4509 383 4591 ipso
402 4513 486 4571 facto
503 4529 543 4571 ne
561 4509 665 4591 ipsum
685 4509 724 4570 de
749 4511 815 4591 ipsa
841 4529 934 4570 causa
959 4509 1076 4590 aliquis
1100 4509 1243 4591 inpedire
1269 4509 1373 4570 valeat
1396 4509 1434 4568 de
1461 4521 1577 4570 cetero.

420 4633 518 4707 Quod
543 4634 618 4715 quia
645 4634 791 4695 Thomas
817 4635 1004 4696 Sterltouicz
1026 4635 1129 4695 dictus
1153 4633 1294 4694 concivis
1318 4647 1425 4694 noster
1450 4633 1578 4693 racione

313 4741 479 4801 cuiusdam
506 4739 656 4801 lacinoris
673 4741 721 4801 sui
738 4761 813 4823 sepe
833 4741 940 4822 sepius
963 4740 994 4800 in
1013 4740 1237 4801 consistorium
1265 4739 1296 4799 in
1322 4739 1465 4800 medium
1491 4758 1577 4798 com-

313 4847 477 4908 munitatis
501 4867 590 4908 more
622 4847 718 4909 solito
750 4861 944 4909 convocatus
976 4845 1037 4908 fuit
1068 4861 1097 4906 et
1131 4847 1332 4907 contumacia
1368 4845 1482 4924 ductus
1508 4865 1572 4906 non

314 4955 401 5016 venit
424 4974 482 5016 nec
507 4955 647 5036 aliquem
673 4969 912 5038 procuratorem
939 4973 996 5036 pro
1020 4974 1052 5015 se
1077 4953 1173 5031 misit,
1199 4966 1229 5014 et
1254 4973 1312 5014 nec
1337 4967 1425 5014 curat
1450 4953 1489 5014 de
1507 4971 1575 5034 pre·

313 5061 393 5123 senti
423 5061 542 5126 venire.
