3738 5786
417 547 474 589 102
794 530 881 588 Anno
899 542 987 606 1455.
1013 562 1054 572 -
1078 525 1109 588 ό.
1132 528 1292 588 decembris.

412 741 556 804 eiusdem
574 741 775 822 Margarethe
793 741 937 803 mulieris
954 739 1095 822 prelatus
1111 741 1268 802 Martinus
1284 739 1379 821 judex
1396 753 1563 822 tamquam
1583 759 1679 801 verus

411 848 647 910 commissarius
664 849 845 910 testamenti
863 847 1000 926 verbalis
1012 847 1201 909 eorumdem
1216 845 1371 908 lohannis
1388 845 1468 908 labri
1493 859 1525 908 et
1550 847 1676 927 Marga-

412 953 499 1017 rethe
524 955 668 1016 mulieris
693 955 822 1036 plenam
851 953 1011 1015 vendendi
1045 967 1076 1014 et
1100 953 1206 1014 debita
1240 952 1444 1035 persolvendi
1470 965 1501 1014 et
1524 972 1582 1035 pro
1606 952 1674 1014 ani·

412 1062 526 1122 mabus
550 1062 693 1144 ipsorum
711 1061 913 1143 expendendi
938 1060 1070 1122 haberet
1086 1059 1290 1136 facultatem3
1307 1057 1461 1142 (h)0rtum
1485 1078 1563 1120 vero
1580 1078 1677 1120 suum

411 1169 558 1230 similiter
582 1169 688 1230 eidem
714 1169 853 1230 Martino
878 1168 975 1249 judici
1001 1168 1129 1249 plenam
1149 1167 1309 1229 vendendi
1331 1180 1362 1228 et
1386 1167 1418 1228 in
1443 1167 1588 1248 exequiis
1611 1166 1679 1228 suis

412 1274 615 1357 expendendi
641 1273 772 1337 haberet
801 1287 1011 1357 potestatem
1045 1288 1075 1334 et
1099 1274 1175 1355 quia
1208 1274 1276 1354 ipse
1301 1271 1479 1354 Gregorius
1504 1273 1536 1334 in
1561 1273 1678 1354 puerili

411 1393 493 1442 etate
518 1395 564 1442 est
588 1394 745 1459 mortuus,
771 1382 909 1463 ideoque
935 1401 994 1442 nos
1017 1381 1176 1462 predictas
1199 1399 1312 1441 omnes
1335 1379 1554 1460 possessiones
1578 1377 1679 1440 modo

412 1487 567 1568 premisso
592 1487 789 1570 specificatus
820 1485 945 1569 prelato
970 1487 1109 1548 Martino
1134 1485 1233 1567 judici
1264 1499 1431 1566 tamquam
1456 1485 1679 1548 commissario

414 1593 557 1675 ipsorum
584 1593 740 1655 lobannis
764 1594 845 1655 labri
871 1609 901 1654 et
927 1591 1126 1674 Margarethe
1145 1591 1289 1654 mulieris
1313 1592 1444 1674 plenam
1462 1590 1624 1653 vendendi
1649 1605 1681 1652 et

413 1699 512 1760 modo
536 1700 692 1782 premisso
717 1699 910 1782 disponendi
936 1699 1139 1760 attribuimus
1163 1695 1359 1760 facultatem.

482 1915 578 1990 Feria
608 1927 705 1990 sexta
734 1923 889 2008 proxima
918 1927 995 2008 post
1022 1919 1145 1990 festum
1173 1919 1262 1990 beati
1291 1915 1422 1989 hntlree
1451 1917 1606 2006 apostoli.

926 2070 970 2150 (5.
994 2070 1170 2152 decembris).

523 2213 600 2274 ltem
623 2214 697 2294 quia
724 2214 918 2276 Benedictus
941 2213 1032 2274 aliter
1055 2212 1164 2274 ssedex
1186 2225 1329 2290 vocatus,
1353 2210 1438 2272 lilius
1461 2211 1599 2273 condam
1626 2213 1681 2273 Jo-

415 2320 541 2398 hannis‚
557 2319 740 2381 Krathehen
754 2320 869 2396 dictus,
882 2333 913 2380 et
925 2319 1108 2380 Anthonius
1122 2319 1225 2380 dictus
1243 2318 1386 2396 Plezecz,
1403 2318 1551 2378 concives
1568 2319 1684 2398 nostri,

416 2426 448 2488 id
474 2446 545 2488 cum
571 2425 742 2489 sufficienti
768 2426 865 2488 hodie
882 2445 990 2488 coram
1015 2426 1108 2487 nobis
1133 2426 1165 2486 in
1190 2424 1311 2504 judicio
1329 2424 1413 2486 clare
1430 2427 1685 2506 comprobarunt

417 2547 447 2594 et
472 2531 647 2610 evidenter,
672 2546 707 2594 ut
732 2532 809 2593 dum
836 2531 973 2593 Michael
996 2531 1100 2593 dictus
1117 2531 1225 2592 Malak
1250 2530 1290 2592 de
1317 2529 1425 2612 (deest)
1449 2544 1481 2592 et
1505 2530 1606 2592 Elena
1624 2551 1685 2593 sua

416 2659 546 2701 consors
578 2640 609 2700 in
642 2639 791 2701 extremis
819 2639 882 2700 vite
914 2657 1027 2700 eorum
1058 2638 1248 2720 temporalis
1279 2637 1490 2716 laborassent,
1513 2651 1590 2699 tunc
1621 2639 1686 2720 ipsi

416 2747 581 2808 universas
597 2766 648 2808 res
672 2761 702 2807 et
719 2747 804 2807 bona
828 2765 884 2806 sua
908 2744 1059 2806 videlicet
1075 2745 1149 2805 vina
1172 2757 1202 2804 et
1224 2743 1318 2805 blada
1337 2763 1373 2804 ac
1397 2743 1476 2804 alias
1500 2764 1551 2806 res
1567 2763 1685 2806 eorum

417 2872 530 2914 omnes
554 2853 691 2914 mobiles
715 2865 746 2913 et
769 2851 944 2912 inmobiles
968 2851 1000 2911 in
1025 2851 1109 2912 dicta
1134 2850 1261 2911 civitate
1292 2863 1322 2912 et
1346 2851 1416 2911 eius
1439 2851 1601 2912 territorio
1626 2850 1687 2912 ha·

418 2959 510 3038 hitas‚
535 2960 650 3041 quovis
675 2958 816 3020 nominis
838 2958 997 3019 vocabulo
1022 2959 1186 3035 vocitatas,
1212 2956 1343 3039 prefatis
1361 2957 1537 3019 Benedicto
1561 2970 1593 3020 et
1616 2962 1687 3020 An-

416 3067 529 3128 thonio
553 3080 717 3147 tamquam
736 3065 964 3126 commissoriis
980 3083 1093 3126 eorum
1117 3063 1201 3125 veris
1218 3064 1356 3125 vendere
1374 3076 1405 3126 et
1429 3083 1488 3146 pro
1512 3064 1689 3127 animabus

417 3172 560 3253 ipsorum
585 3171 722 3233 fideliter
746 3170 927 3252 expendere
953 3171 1189 3231 commisissent
1212 3183 1243 3232 et
1264 3170 1433 3251 legassent‚
1458 3169 1598 3252 ideoque
1623 3190 1690 3232 nos

418 3277 546 3339 easdem
572 3298 621 3338 res
638 3291 669 3338 et
692 3279 776 3338 bona
795 3277 932 3338 mobiles
949 3289 979 3338 et
996 3276 1165 3338 inmobilia
1184 3277 1327 3358 ipsorum
1346 3277 1514 3338 Michaelis
1532 3291 1562 3338 et
1580 3277 1688 3340 Elene

416 3403 473 3444 sue
497 3384 652 3445 consortis
675 3381 805 3465 prefatis
831 3383 1004 3444 Benedicto
1028 3396 1060 3444 et
1084 3383 1251 3444 Anthonio
1280 3397 1447 3464 tamquam
1471 3383 1555 3444 veris
1580 3395 1610 3445 et
1634 3384 1687 3445 le-

417 3489 552 3569 gittimis
576 3488 802 3550 commissariis
834 3488 1024 3548 eorumdem
1059 3487 1225 3550 Michaelis
1258 3502 1289 3550 et
1321 3488 1423 3550 Elene
1446 3508 1504 3550 sue
1527 3489 1692 3552 consortis

417 3596 545 3678 plenam
579 3595 740 3657 vendendi
772 3608 804 3655 et
833 3614 891 3676 pro
925 3595 1093 3656 animabus
1125 3595 1268 3676 ipsorum
1300 3594 1387 3676 juxta
1419 3596 1690 3658 commissionem

417 3703 560 3784 ipsorum
584 3701 795 3764 distribuendi
814 3713 845 3763 et
861 3701 1056 3782 disponendi
1074 3702 1277 3762 attribuimus
1301 3703 1469 3783 potestatis
1486 3701 1693 3767 facultatem.

786 3921 931 3992 sabbato
959 3924 1109 4010 proxime
1137 3925 1301 4010 sequenti.

924 4089 968 4169 (ό.
992 4095 1165 4170 decembres).

525 4231 601 4293 Item
627 4233 769 4294 seniores
793 4232 914 4312 judices
939 4253 1067 4295 causam
1092 4233 1227 4296 infacto
1252 4236 1419 4298 cuiusdam
1444 4249 1527 4298 terre
1551 4238 1695 4300 arabilis

421 4337 596 4398 liberorum
621 4337 757 4399 condam
784 4339 880 4400 Blasii
905 4339 1053 4422 Frawyn‚
1078 4341 1160 4402 inter
1189 4340 1391 4403 Anthonium
1416 4342 1555 4424 juratum
1580 4341 1695 4406 filium

421 4442 549 4503 Thome
581 4442 620 4504 de
653 4443 876 4527 Grabrownylr
901 4459 931 4508 et
963 4446 1044 4507 inter
1076 4445 1256 4508 lohannem
1289 4447 1430 4528 judicem
1469 4447 1572 4510 filium
1599 4449 1695 4514 Pero

420 4549 513 4629 jurati
537 4562 568 4611 et
592 4549 673 4610 inter
697 4550 863 4612 dominam
896 4551 1131 4634 Margaretham
1164 4565 1298 4615 matrem
1332 4555 1432 4636 ipsius
1456 4555 1613 4616 lohannis
1640 4555 1700 4636 ju-

421 4653 511 4733 dicis,
534 4674 641 4716 coram
666 4655 776 4736 juratis
800 4672 920 4719 motam
946 4673 977 4720 et
1000 4679 1056 4740 per
1080 4660 1212 4722 eosdem
1242 4659 1363 4742 juratos
1398 4660 1630 4741 adjudicatam,
1662 4679 1701 4728 et

421 4759 551 4822 tandem
583 4781 639 4842 per
671 4762 775 4844 ipsum
808 4763 988 4826 iohannem
1022 4764 1162 4846 judicem
1191 4766 1230 4828 de
1263 4766 1509 4849 adjudicatione
1541 4768 1700 4850 ipsorum

421 4865 597 4946 juratorum
623 4887 687 4928 non
713 4883 910 4948 contentum,
936 4871 966 4932 in
1003 4872 1200 4954 presenciam
1234 4874 1424 4935 eorumdem
1448 4875 1613 4936 seniorum
1643 4877 1703 4960 ju-

423 4971 530 5032 dicum
552 4972 756 5054 appellatam,
781 4975 835 5036 tali
861 4977 959 5038 modo
985 4976 1261 5059 adjudicaverunt,
1290 4993 1325 5041 ut
1350 4979 1418 5062 ipsa
1443 4980 1575 5042 domina
1601 4982 1703 5046 Mar·
