3852 5814
370 431 434 510 456
735 430 821 487 Anno
845 425 936 505 1476.
962 462 1003 470 -
1028 424 1076 490 16.
1099 427 1267 487 novembris.

370 643 475 725 ipsum
509 641 654 722 quietum
688 653 719 702 et
750 637 920 721 pacificum
952 639 1142 700 reddidisset
1173 650 1204 700 et
1235 638 1458 700 commisisset.
1491 675 1534 684 -
1558 640 1635 700 Item

370 750 493 831 primus
516 748 606 810 testis
630 748 782 808 dominus
807 746 960 824 Briccius,
991 746 1151 808 secundus
1182 745 1334 806 dominus
1359 746 1540 828 Stephanus
1564 765 1636 828 pre·

371 855 545 918 bandarius
569 855 600 916 in
626 854 752 915 civitate
779 851 852 914 lassi
877 867 951 914 sunt
983 853 1042 914 sub
1067 853 1152 914 bona
1177 851 1239 914 fide
1271 865 1302 914 et
1325 853 1526 915 consciencia
1552 853 1636 934 ipso·

371 981 454 1039 rum,
479 959 568 1042 quod
585 959 698 1022 eadem
717 959 818 1021 Elena
835 977 908 1020 cum
934 959 1050 1020 eodem
1067 957 1214 1019 iohanne
1233 958 1459 1021 concordasset
1483 972 1514 1021 et
1531 959 1636 1040 ipsum

372 1068 552 1131 iohannem
577 1086 635 1149 pro
660 1066 718 1128 hac
743 1065 968 1128 verberatione
999 1065 1144 1146 quietum
1166 1078 1198 1127 et
1220 1063 1390 1147 pacificum
1414 1065 1637 1142 commisisset,

372 1174 465 1255 jurati
490 1173 756 1255 adjudicaverunt
780 1172 918 1234 eundem
944 1171 1124 1233 lohannem
1156 1171 1319 1233 literatum
1344 1174 1384 1233 ab
1408 1172 1539 1232 accione
1564 1190 1636 1252 pre·

371 1281 486 1364 scripte
512 1279 644 1342 domine
668 1279 769 1340 Eleae
797 1277 883 1360 juxta
916 1277 1088 1340 lassiouem
1120 1276 1302 1360 predictam
1333 1277 1471 1339 liberum
1497 1290 1528 1339 et
1551 1276 1637 1359 paci·

371 1387 467 1452 ficum
492 1386 702 1449 commisisse.

479 1493 557 1554 ltem
581 1511 710 1554 causam
742 1492 824 1552 inter
856 1489 1027 1551 Nicolaum
1057 1488 1179 1550 Sallran
1212 1503 1243 1551 et
1268 1488 1462 1571 Gregorium
1496 1489 1638 1550 Peltlrow

372 1620 429 1684 per
460 1599 600 1662 eundem
636 1597 829 1680 Gregorium
861 1609 1002 1658 sutorem
1035 1595 1075 1657 ad
1107 1595 1250 1658 seniores
1280 1595 1401 1676 judices
1432 1596 1639 1678 appellatam,

372 1707 515 1769 seniores
540 1705 662 1787 judices
684 1704 790 1766 taliter
813 1701 1090 1784 adjudicaverunt,
1122 1702 1210 1784 quod
1235 1702 1323 1764 idem
1347 1701 1524 1784 Gregorius
1547 1715 1638 1764 sutor

373 1815 490 1877 debeat
514 1812 617 1894 jurare
641 1811 826 1873 terciusmet
843 1811 874 1871 in
892 1830 945 1871 ara
969 1823 1076 1870 sancte
1097 1809 1212 1871 Crucis
1228 1809 1330 1890 prima
1348 1807 1426 1870 feria
1442 1823 1528 1870 sexta
1545 1827 1641 1890 super

372 1941 424 2000 eo,
448 1919 536 2002 quod
560 1919 627 2000 ipse
652 1931 724 1999 post
748 1916 978 1978 inhibicionem
1004 1915 1120 1996 judicis
1149 1935 1214 1976 non
1240 1914 1314 1977 lecit
1340 1915 1419 1976 illud
1445 1913 1555 1976 lenum
1581 1913 1639 1976 lal-

372 2027 499 2090 castrari
525 2025 584 2086 nisi
603 2023 854 2086 falcastratorem
873 2022 978 2084 statim
997 2021 1071 2084 lecit
1095 2036 1195 2099 stare;
1213 2022 1252 2082 de
1270 2023 1331 2083 alia
1356 2035 1462 2084 autem
1488 2023 1638 2104 potencia

374 2135 462 2216 quod
488 2131 596 2194 fenum
623 2130 776 2192 conduxit
800 2130 859 2190 sub
884 2128 1081 2189 inhibitione
1103 2129 1228 2209 judicis,
1254 2129 1333 2190 illud
1358 2129 1637 2209 adjudicaverunt,

374 2240 463 2322 quod
488 2239 542 2300 ille
568 2236 728 2317 Georgius
760 2234 881 2314 juratus
913 2233 1105 2315 respondeat
1140 2235 1236 2314 judici
1271 2235 1407 2316 qualiter
1432 2235 1548 2296 melius
1570 2235 1640 2296 scit.

480 2345 557 2406 ltem
583 2361 710 2404 causam
745 2343 826 2402 inter
859 2341 1066 2402 Dominicum
1091 2339 1194 2402 filium
1230 2341 1385 2402 lobannis
1410 2341 1576 2402 Perowich
1609 2355 1640 2402 et

374 2451 637 2532 circumspectam
670 2448 793 2509 lelltam
826 2461 1007 2510 consortem
1041 2448 1179 2509 Emerici
1216 2447 1383 2526 sellatoris,
1417 2468 1473 2530 per
1504 2448 1641 2510 eandem

375 2556 541 2618 dominam
567 2555 607 2616 ad
640 2555 783 2615 seniores
815 2553 937 2634 judices
970 2553 1177 2637 appellatam,
1209 2554 1352 2617 seniores
1383 2554 1505 2636 judices
1537 2554 1642 2616 taliter

374 2661 650 2744 adjudicaverunt,
675 2680 713 2721 ex
730 2679 795 2740 quo
821 2660 888 2741 ipsa
906 2660 1007 2720 Elena
1028 2679 1107 2720 uxor
1132 2659 1271 2721 Emerici
1289 2661 1448 2742 selliparis
1470 2661 1539 2722 sola
1557 2659 1638 2722 fassa

377 2781 434 2848 est,
458 2766 546 2850 quod
571 2767 637 2849 ipsa
663 2766 840 2828 ambulavit
856 2785 930 2827 cum
955 2767 1099 2828 clavibus
1123 2767 1223 2848 ipsius
1240 2767 1403 2829 Dominici
1427 2768 1510 2829 circa
1527 2767 1642 2829 ciztam

379 2889 410 2938 et
444 2873 586 2935 ladulam
619 2873 674 2934 ubi
707 2874 841 2954 pecunia
874 2872 1012 2954 reposita
1040 2887 1107 2934 erat
1148 2893 1246 2954 quam
1280 2874 1345 2955 ipse
1379 2873 1534 2955 proponit
1557 2873 1641 2935 circa

376 3000 466 3059 eam,
499 2981 566 3061 ipsa
605 2979 700 3041 debet
731 2977 834 3058 jurare
867 2981 898 3040 in
931 2999 983 3040 ara
1016 2993 1122 3040 sancte
1155 2979 1268 3042 Crucis
1300 2979 1641 3062 vigesimaquintamet

377 3086 455 3148 feria
479 3099 565 3147 serta
599 3086 744 3167 proxima
775 3101 847 3168 post
879 3083 994 3147 festum
1028 3087 1118 3147 beate
1151 3085 1325 3148 Katherine
1357 3105 1453 3168 super
1478 3105 1528 3164 eo,
1553 3085 1642 3167 quod

376 3193 444 3274 ipsa
475 3193 515 3252 sit
546 3193 701 3254 innocens
725 3193 757 3252 in
790 3192 942 3252 omnibus
973 3193 1255 3274 proposicionibus
1290 3193 1389 3275 ipsius
1422 3193 1585 3255 Dominici
1609 3208 1642 3254 et

376 3299 538 3381 signanter
562 3298 594 3359 in
620 3297 683 3359 illis
707 3297 940 3379 quinquaginta
966 3311 997 3360 et
1021 3317 1086 3360 uno
1109 3299 1178 3362 flor.

482 3404 559 3465 ltem
583 3423 711 3466 causam
737 3404 818 3465 inter
843 3403 1024 3465 iohannem
1055 3405 1216 3467 Perowicz
1249 3421 1280 3468 et
1305 3406 1511 3470 Dominicum
1536 3407 1641 3470 filium

378 3511 534 3590 eiusdem,
559 3510 682 3593 (quam)
696 3509 774 3572 leria
791 3511 885 3572 tercia
911 3511 1056 3592 proxima
1080 3525 1153 3593 post
1170 3510 1283 3574 festum
1302 3514 1386 3575 beati
1411 3515 1541 3577 Martini
1557 3515 1641 3597 epis·

375 3617 449 3699 copi
474 3631 505 3678 et
529 3615 721 3678 confessoris
744 3616 830 3678 idem
855 3617 1017 3678 lohannes
1046 3617 1211 3680 Perowich
1237 3619 1454 3701 appellaverat
1478 3621 1518 3682 ad
1534 3620 1640 3682 senio·

376 3703 443 3786 rem
468 3723 601 3804 judices,
626 3725 717 3785 cuius
749 3743 842 3784 cause
875 3724 1108 3805 deputaverant
1140 3725 1180 3786 ad
1204 3726 1290 3787 diem
1324 3725 1394 3789 sesti
1418 3728 1542 3790 sabbati
1566 3740 1639 3789 ante

376 3829 492 3892 festum
525 3831 616 3892 beate
642 3829 809 3891 Elisabeth
841 3830 937 3890 vidue
970 3829 1222 3910 adjudicacionis
1247 3845 1278 3893 et
1309 3832 1499 3894 adveniente
1524 3832 1640 3894 eodem

375 3936 428 3997 die
452 3937 574 3998 sabbati
599 3937 764 4018 prescripti
791 3937 890 3998 iidem
922 3937 1065 3999 seniores
1097 3937 1219 4017 judices
1247 3937 1377 4001 fuerunt
1401 3939 1538 4001 invicem
1564 3959 1640 4001 con-

376 4043 499 4124 gregati
526 4043 557 4102 in
583 4042 773 4104 consistorio
787 4043 1027 4104 communitatis
1051 4043 1106 4105 ubi
1130 4044 1394 4126 adjudicaverunt
1419 4045 1642 4128 quamplures

376 4169 487 4210 causas
510 4149 550 4210 ad
575 4151 662 4231 ipsos
686 4150 874 4232 appellatas,
905 4164 936 4212 et
961 4151 1061 4211 eciam
1091 4151 1139 4212 bis
1171 4153 1327 4215 miserunt
1350 4153 1389 4214 ad
1422 4154 1561 4214 eundem
1587 4153 1640 4214 Jo-

376 4254 516 4316 hannem
542 4255 715 4338 Perowych
749 4256 849 4318 semel
881 4275 1054 4339 preconem
1087 4257 1233 4338 civitatis,
1265 4259 1456 4321 secundario
1481 4258 1640 4321 Briccium

377 4359 534 4422 decanum
570 4360 766 4442 juratorum,
803 4363 870 4445 ipse
906 4375 1013 4424 autem
1049 4362 1211 4425 lohannes
1243 4365 1416 4448 Perowych
1452 4384 1639 4446 responsum

377 4465 476 4546 dedit,
501 4467 590 4548 quod
614 4489 669 4551 pre
695 4469 806 4531 dolore
831 4468 922 4551 pedis
946 4468 1055 4531 venire
1084 4489 1148 4532 non
1174 4485 1279 4552 potest
1302 4491 1360 4534 nec
1384 4472 1526 4554 aliquem
1542 4471 1640 4534 talem

377 4571 474 4634 habet
501 4574 638 4637 mittere.

484 4681 561 4742 ltem
585 4701 712 4743 causam
747 4683 828 4743 inter
854 4682 1060 4745 Dominicum
1093 4683 1196 4745 filium
1226 4684 1381 4746 iohannis
1414 4685 1585 4768 Perowycz
1609 4697 1641 4746 et

378 4787 640 4870 circumspectam
675 4789 798 4850 lellram
828 4804 986 4867 vocatam,
1022 4804 1201 4852 consortem
1238 4790 1375 4852 Emerici
1403 4791 1560 4872 selliparis
1592 4810 1639 4851 ra·

377 4895 470 4955 cione
496 4909 527 4956 et
551 4909 696 4977 pretextu
713 4897 929 4978 quorumdam
955 4897 1189 4980 quinquaginta
1207 4911 1238 4960 et
1255 4917 1320 4960 uno
1337 4898 1407 4961 flor.
1432 4897 1472 4959 ad
1496 4897 1640 4959 seniores
