<?xml version="1.0" encoding="UTF-8"?>
<!DOCTYPE html PUBLIC "-//W3C//DTD XHTML 1.0 Transitional//EN"
    "http://www.w3.org/TR/xhtml1/DTD/xhtml1-transitional.dtd">
<html xmlns="http://www.w3.org/1999/xhtml" xml:lang="en" lang="en">
 <head>
  <title>
</title>
<meta http-equiv="Content-Type" content="text/html;charset=utf-8" />
  <meta name='ocr-system' content='tesseract 3.04.00' />
  <meta name='ocr-capabilities' content='ocr_page ocr_carea ocr_par ocr_line ocrx_word'/>
</head>
<body>
  <div class='ocr_page' id='page_1' title='image "./monumentahistor13laszgoog_0063.png"; bbox 0 0 3818 5786; ppageno 0'>
   <div class='ocr_carea' id='block_1_1' title="bbox 616 591 1499 672">
    <p class='ocr_par' dir='ltr' id='par_1_1' title="bbox 616 591 1499 672">
     <span class='ocr_line' id='line_1_1' title="bbox 616 591 1499 672; baseline 0.002 -24"><span class='ocrx_word' id='word_1_1' title='bbox 616 591 818 668; x_wconf 68' lang='lat' dir='ltr'><em>Ann01450.</em></span> <span class='ocrx_word' id='word_1_2' title='bbox 845 624 884 636; x_wconf 89' lang='lat'>-</span> <span class='ocrx_word' id='word_1_3' title='bbox 909 605 957 653; x_wconf 85' lang='lat'>21.</span> <span class='ocrx_word' id='word_1_4' title='bbox 983 593 1109 666; x_wconf 80' lang='lat' dir='ltr'><em>augusti.</em></span> <span class='ocrx_word' id='word_1_5' title='bbox 1483 611 1499 672; x_wconf 86' lang='lat'>3</span> 
     </span>
    </p>
   </div>
   <div class='ocr_carea' id='block_1_2' title="bbox 231 801 1502 2378">
    <p class='ocr_par' dir='ltr' id='par_1_2' title="bbox 231 801 1502 1314">
     <span class='ocr_line' id='line_1_2' title="bbox 233 801 1501 886; baseline 0.003 -24"><span class='ocrx_word' id='word_1_6' title='bbox 233 803 331 884; x_wconf 88' lang='lat' dir='ltr'>ipsius</span> <span class='ocrx_word' id='word_1_7' title='bbox 349 801 500 884; x_wconf 81' lang='lat' dir='ltr'>Gregorii</span> <span class='ocrx_word' id='word_1_8' title='bbox 515 801 678 883; x_wconf 85' lang='lat' dir='ltr'>lutifiguli,</span> <span class='ocrx_word' id='word_1_9' title='bbox 691 803 847 885; x_wconf 82' lang='lat' dir='ltr'>compatri</span> <span class='ocrx_word' id='word_1_10' title='bbox 861 821 919 864; x_wconf 91' lang='lat' dir='ltr'>suo</span> <span class='ocrx_word' id='word_1_11' title='bbox 934 802 1103 884; x_wconf 90' lang='lat' dir='ltr'>legavisset</span> <span class='ocrx_word' id='word_1_12' title='bbox 1120 803 1188 884; x_wconf 85' lang='lat' dir='ltr'>jure</span> <span class='ocrx_word' id='word_1_13' title='bbox 1201 802 1387 884; x_wconf 90' lang='lat' dir='ltr'>perhennali</span> <span class='ocrx_word' id='word_1_14' title='bbox 1401 804 1501 886; x_wconf 89' lang='lat' dir='ltr'>possi·</span> 
     </span>
     <span class='ocr_line' id='line_1_3' title="bbox 232 907 1501 994; baseline 0.002 -24"><span class='ocrx_word' id='word_1_15' title='bbox 232 908 391 985; x_wconf 88' lang='lat' dir='ltr'>dendam;</span> <span class='ocrx_word' id='word_1_16' title='bbox 416 907 557 990; x_wconf 89' lang='lat' dir='ltr'>ideoque</span> <span class='ocrx_word' id='word_1_17' title='bbox 574 927 634 970; x_wconf 91' lang='lat' dir='ltr'>nos</span> <span class='ocrx_word' id='word_1_18' title='bbox 657 907 794 970; x_wconf 89' lang='lat' dir='ltr'>eandem</span> <span class='ocrx_word' id='word_1_19' title='bbox 811 909 939 971; x_wconf 88' lang='lat' dir='ltr'>vineam</span> <span class='ocrx_word' id='word_1_20' title='bbox 961 929 1034 971; x_wconf 88' lang='lat' dir='ltr'>cum</span> <span class='ocrx_word' id='word_1_21' title='bbox 1059 909 1124 970; x_wconf 90' lang='lat' dir='ltr'>suis</span> <span class='ocrx_word' id='word_1_22' title='bbox 1148 909 1339 972; x_wconf 76' lang='lat' dir='ltr'>utilitatibus</span> <span class='ocrx_word' id='word_1_23' title='bbox 1362 923 1393 972; x_wconf 88' lang='lat' dir='ltr'>et</span> <span class='ocrx_word' id='word_1_24' title='bbox 1406 912 1501 994; x_wconf 89' lang='lat' dir='ltr'>perti·</span> 
     </span>
     <span class='ocr_line' id='line_1_4' title="bbox 232 1013 1502 1098; baseline 0.002 -22"><span class='ocrx_word' id='word_1_25' title='bbox 232 1014 354 1076; x_wconf 85' lang='lat' dir='ltr'>nenciis</span> <span class='ocrx_word' id='word_1_26' title='bbox 367 1014 526 1076; x_wconf 90' lang='lat' dir='ltr'>universis</span> <span class='ocrx_word' id='word_1_27' title='bbox 547 1013 691 1096; x_wconf 89' lang='lat' dir='ltr'>predicto</span> <span class='ocrx_word' id='word_1_28' title='bbox 705 1014 878 1076; x_wconf 83' lang='lat' dir='ltr'>Valentino</span> <span class='ocrx_word' id='word_1_29' title='bbox 891 1015 1018 1077; x_wconf 79' lang='lat' dir='ltr'>literato</span> <span class='ocrx_word' id='word_1_30' title='bbox 1037 1035 1073 1077; x_wconf 90' lang='lat' dir='ltr'>ac</span> <span class='ocrx_word' id='word_1_31' title='bbox 1087 1035 1142 1098; x_wconf 89' lang='lat' dir='ltr'>per</span> <span class='ocrx_word' id='word_1_32' title='bbox 1159 1035 1232 1077; x_wconf 90' lang='lat' dir='ltr'>eum</span> <span class='ocrx_word' id='word_1_33' title='bbox 1251 1017 1317 1078; x_wconf 90' lang='lat' dir='ltr'>suis</span> <span class='ocrx_word' id='word_1_34' title='bbox 1329 1016 1502 1079; x_wconf 75' lang='lat' dir='ltr'>heredibus</span> 
     </span>
     <span class='ocr_line' id='line_1_5' title="bbox 231 1120 1500 1208; baseline 0.003 -26"><span class='ocrx_word' id='word_1_35' title='bbox 231 1121 400 1184; x_wconf 84' lang='lat' dir='ltr'>statuimus</span> <span class='ocrx_word' id='word_1_36' title='bbox 418 1133 574 1205; x_wconf 90' lang='lat' dir='ltr'>perpetuo</span> <span class='ocrx_word' id='word_1_37' title='bbox 599 1120 826 1204; x_wconf 84' lang='lat' dir='ltr'>possidendam</span> <span class='ocrx_word' id='word_1_38' title='bbox 845 1135 876 1184; x_wconf 88' lang='lat' dir='ltr'>et</span> <span class='ocrx_word' id='word_1_39' title='bbox 899 1122 1207 1204; x_wconf 87' lang='lat' dir='ltr'>quomodocumque</span> <span class='ocrx_word' id='word_1_40' title='bbox 1232 1123 1370 1186; x_wconf 86' lang='lat' dir='ltr'>voluerit</span> <span class='ocrx_word' id='word_1_41' title='bbox 1393 1123 1500 1208; x_wconf 90' lang='lat' dir='ltr'>dispo·</span> 
     </span>
     <span class='ocr_line' id='line_1_6' title="bbox 232 1229 1501 1314; baseline 0.003 -24"><span class='ocrx_word' id='word_1_42' title='bbox 232 1229 370 1290; x_wconf 87' lang='lat' dir='ltr'>nendam</span> <span class='ocrx_word' id='word_1_43' title='bbox 390 1229 477 1312; x_wconf 82' lang='lat' dir='ltr'>juxta</span> <span class='ocrx_word' id='word_1_44' title='bbox 495 1229 719 1291; x_wconf 90' lang='lat' dir='ltr'>condicionem</span> <span class='ocrx_word' id='word_1_45' title='bbox 739 1229 875 1292; x_wconf 89' lang='lat' dir='ltr'>civitatis</span> <span class='ocrx_word' id='word_1_46' title='bbox 893 1243 1059 1313; x_wconf 89' lang='lat' dir='ltr'>prenotate</span> <span class='ocrx_word' id='word_1_47' title='bbox 1077 1231 1116 1291; x_wconf 91' lang='lat' dir='ltr'>ab</span> <span class='ocrx_word' id='word_1_48' title='bbox 1133 1231 1267 1313; x_wconf 90' lang='lat' dir='ltr'>antiquo</span> <span class='ocrx_word' id='word_1_49' title='bbox 1281 1233 1501 1314; x_wconf 86' lang='lat' dir='ltr'>approbatam.</span> 
     </span>
    </p>

    <p class='ocr_par' dir='ltr' id='par_1_3' title="bbox 232 1333 1501 2142">
     <span class='ocr_line' id='line_1_7' title="bbox 337 1333 1496 1419; baseline 0.003 -23"><span class='ocrx_word' id='word_1_50' title='bbox 337 1335 416 1396; x_wconf 90' lang='lat' dir='ltr'>ltem</span> <span class='ocrx_word' id='word_1_51' title='bbox 442 1335 561 1398; x_wconf 88' lang='lat' dir='ltr'>Paulus</span> <span class='ocrx_word' id='word_1_52' title='bbox 584 1333 669 1397; x_wconf 84' lang='lat' dir='ltr'>filius</span> <span class='ocrx_word' id='word_1_53' title='bbox 690 1336 789 1398; x_wconf 89' lang='lat' dir='ltr'>Marci</span> <span class='ocrx_word' id='word_1_54' title='bbox 822 1334 1048 1419; x_wconf 89' lang='lat' dir='ltr'>Chernowych</span> <span class='ocrx_word' id='word_1_55' title='bbox 1081 1336 1120 1398; x_wconf 90' lang='lat' dir='ltr'>de</span> <span class='ocrx_word' id='word_1_56' title='bbox 1145 1337 1321 1416; x_wconf 89' lang='lat' dir='ltr'>Kralewcz,</span> <span class='ocrx_word' id='word_1_57' title='bbox 1348 1337 1416 1400; x_wconf 87' lang='lat' dir='ltr'>sola</span> <span class='ocrx_word' id='word_1_58' title='bbox 1440 1357 1496 1400; x_wconf 86' lang='lat' dir='ltr'>sua</span> 
     </span>
     <span class='ocr_line' id='line_1_8' title="bbox 234 1441 1501 1527; baseline 0.003 -25"><span class='ocrx_word' id='word_1_59' title='bbox 234 1441 264 1502; x_wconf 90' lang='lat' dir='ltr'>in</span> <span class='ocrx_word' id='word_1_60' title='bbox 289 1460 429 1524; x_wconf 91' lang='lat' dir='ltr'>persona</span> <span class='ocrx_word' id='word_1_61' title='bbox 453 1461 509 1524; x_wconf 92' lang='lat' dir='ltr'>per</span> <span class='ocrx_word' id='word_1_62' title='bbox 533 1441 810 1523; x_wconf 85' lang='lat' dir='ltr'>adjudicacionem</span> <span class='ocrx_word' id='word_1_63' title='bbox 835 1441 1023 1524; x_wconf 89' lang='lat' dir='ltr'>juratorum,</span> <span class='ocrx_word' id='word_1_64' title='bbox 1048 1441 1126 1505; x_wconf 83' lang='lat' dir='ltr'>feria</span> <span class='ocrx_word' id='word_1_65' title='bbox 1155 1457 1240 1505; x_wconf 85' lang='lat' dir='ltr'>sexta</span> <span class='ocrx_word' id='word_1_66' title='bbox 1259 1443 1405 1525; x_wconf 82' lang='lat' dir='ltr'>proxima</span> <span class='ocrx_word' id='word_1_67' title='bbox 1429 1457 1501 1527; x_wconf 90' lang='lat' dir='ltr'>post</span> 
     </span>
     <span class='ocr_line' id='line_1_9' title="bbox 235 1547 1500 1632; baseline 0.002 -23"><span class='ocrx_word' id='word_1_68' title='bbox 235 1561 381 1609; x_wconf 84' lang='lat' dir='ltr'>octavam</span> <span class='ocrx_word' id='word_1_69' title='bbox 407 1548 505 1610; x_wconf 87' lang='lat' dir='ltr'>Pasce</span> <span class='ocrx_word' id='word_1_70' title='bbox 530 1547 653 1609; x_wconf 92' lang='lat' dir='ltr'>domini</span> <span class='ocrx_word' id='word_1_71' title='bbox 678 1567 775 1630; x_wconf 90' lang='lat' dir='ltr'>super</span> <span class='ocrx_word' id='word_1_72' title='bbox 806 1568 905 1627; x_wconf 88' lang='lat' dir='ltr'>aram,</span> <span class='ocrx_word' id='word_1_73' title='bbox 930 1563 1075 1632; x_wconf 87' lang='lat' dir='ltr'>presente</span> <span class='ocrx_word' id='word_1_74' title='bbox 1109 1569 1175 1611; x_wconf 90' lang='lat' dir='ltr'>uno</span> <span class='ocrx_word' id='word_1_75' title='bbox 1199 1570 1236 1612; x_wconf 86' lang='lat' dir='ltr'>ex</span> <span class='ocrx_word' id='word_1_76' title='bbox 1261 1549 1372 1630; x_wconf 89' lang='lat' dir='ltr'>juratis</span> <span class='ocrx_word' id='word_1_77' title='bbox 1395 1549 1500 1632; x_wconf 86' lang='lat' dir='ltr'>jurare</span> 
     </span>
     <span class='ocr_line' id='line_1_10' title="bbox 232 1653 1500 1738; baseline 0.002 -23"><span class='ocrx_word' id='word_1_78' title='bbox 232 1654 393 1716; x_wconf 90' lang='lat' dir='ltr'>tenebitur</span> <span class='ocrx_word' id='word_1_79' title='bbox 417 1673 513 1738; x_wconf 89' lang='lat' dir='ltr'>super</span> <span class='ocrx_word' id='word_1_80' title='bbox 537 1674 587 1734; x_wconf 90' lang='lat' dir='ltr'>eo,</span> <span class='ocrx_word' id='word_1_81' title='bbox 612 1668 648 1717; x_wconf 92' lang='lat' dir='ltr'>ut</span> <span class='ocrx_word' id='word_1_82' title='bbox 671 1653 739 1738; x_wconf 87' lang='lat' dir='ltr'>ipse</span> <span class='ocrx_word' id='word_1_83' title='bbox 770 1655 936 1718; x_wconf 89' lang='lat' dir='ltr'>Demetrio</span> <span class='ocrx_word' id='word_1_84' title='bbox 960 1655 1064 1738; x_wconf 85' lang='lat' dir='ltr'>jurato</span> <span class='ocrx_word' id='word_1_85' title='bbox 1097 1656 1241 1738; x_wconf 87' lang='lat' dir='ltr'>quinque</span> <span class='ocrx_word' id='word_1_86' title='bbox 1266 1656 1396 1720; x_wconf 87' lang='lat' dir='ltr'>florenis</span> <span class='ocrx_word' id='word_1_87' title='bbox 1419 1659 1500 1736; x_wconf 92' lang='lat' dir='ltr'>auri,</span> 
     </span>
     <span class='ocr_line' id='line_1_11' title="bbox 233 1761 1499 1843; baseline 0.002 -22"><span class='ocrx_word' id='word_1_88' title='bbox 233 1761 349 1842; x_wconf 87' lang='lat' dir='ltr'>quibus</span> <span class='ocrx_word' id='word_1_89' title='bbox 373 1761 433 1823; x_wconf 87' lang='lat' dir='ltr'>sibi</span> <span class='ocrx_word' id='word_1_90' title='bbox 459 1781 519 1843; x_wconf 93' lang='lat' dir='ltr'>pro</span> <span class='ocrx_word' id='word_1_91' title='bbox 543 1761 643 1823; x_wconf 90' lang='lat' dir='ltr'>domo</span> <span class='ocrx_word' id='word_1_92' title='bbox 667 1781 724 1823; x_wconf 89' lang='lat' dir='ltr'>sua</span> <span class='ocrx_word' id='word_1_93' title='bbox 752 1761 968 1842; x_wconf 85' lang='lat' dir='ltr'>obligabatur,</span> <span class='ocrx_word' id='word_1_94' title='bbox 993 1763 1074 1824; x_wconf 91' lang='lat' dir='ltr'>nulli</span> <span class='ocrx_word' id='word_1_95' title='bbox 1107 1762 1196 1824; x_wconf 91' lang='lat' dir='ltr'>alteri</span> <span class='ocrx_word' id='word_1_96' title='bbox 1222 1763 1297 1824; x_wconf 92' lang='lat' dir='ltr'>dare</span> <span class='ocrx_word' id='word_1_97' title='bbox 1322 1776 1352 1825; x_wconf 82' lang='lat' dir='ltr'>et</span> <span class='ocrx_word' id='word_1_98' title='bbox 1374 1763 1499 1826; x_wconf 84' lang='lat' dir='ltr'>solvere</span> 
     </span>
     <span class='ocr_line' id='line_1_12' title="bbox 233 1867 1499 1952; baseline 0.002 -24"><span class='ocrx_word' id='word_1_99' title='bbox 233 1867 309 1929; x_wconf 86' lang='lat' dir='ltr'>dixit</span> <span class='ocrx_word' id='word_1_100' title='bbox 333 1887 441 1950; x_wconf 91' lang='lat' dir='ltr'>neque</span> <span class='ocrx_word' id='word_1_101' title='bbox 467 1868 640 1947; x_wconf 88' lang='lat' dir='ltr'>commisit,</span> <span class='ocrx_word' id='word_1_102' title='bbox 665 1868 721 1930; x_wconf 89' lang='lat' dir='ltr'>sed</span> <span class='ocrx_word' id='word_1_103' title='bbox 750 1868 838 1930; x_wconf 91' lang='lat' dir='ltr'>idem</span> <span class='ocrx_word' id='word_1_104' title='bbox 863 1869 982 1930; x_wconf 91' lang='lat' dir='ltr'>Paulus</span> <span class='ocrx_word' id='word_1_105' title='bbox 1013 1869 1073 1930; x_wconf 88' lang='lat' dir='ltr'>sibi</span> <span class='ocrx_word' id='word_1_106' title='bbox 1099 1868 1158 1952; x_wconf 90' lang='lat' dir='ltr'>ipsi</span> <span class='ocrx_word' id='word_1_107' title='bbox 1193 1889 1249 1952; x_wconf 92' lang='lat' dir='ltr'>per</span> <span class='ocrx_word' id='word_1_108' title='bbox 1273 1869 1410 1932; x_wconf 89' lang='lat' dir='ltr'>eundem</span> <span class='ocrx_word' id='word_1_109' title='bbox 1437 1871 1499 1931; x_wconf 89' lang='lat' dir='ltr'>De-</span> 
     </span>
     <span class='ocr_line' id='line_1_13' title="bbox 234 1973 1498 2058; baseline 0.003 -24"><span class='ocrx_word' id='word_1_110' title='bbox 234 1974 384 2036; x_wconf 88' lang='lat' dir='ltr'>metrium</span> <span class='ocrx_word' id='word_1_111' title='bbox 409 1973 548 2056; x_wconf 90' lang='lat' dir='ltr'>juratum</span> <span class='ocrx_word' id='word_1_112' title='bbox 575 1973 643 2035; x_wconf 91' lang='lat' dir='ltr'>dari</span> <span class='ocrx_word' id='word_1_113' title='bbox 676 1975 838 2037; x_wconf 88' lang='lat' dir='ltr'>commisit</span> <span class='ocrx_word' id='word_1_114' title='bbox 865 1975 906 2037; x_wconf 89' lang='lat' dir='ltr'>ad</span> <span class='ocrx_word' id='word_1_115' title='bbox 937 1975 1234 2058; x_wconf 88' lang='lat' dir='ltr'>peregrinacionem</span> <span class='ocrx_word' id='word_1_116' title='bbox 1260 1977 1292 2037; x_wconf 94' lang='lat' dir='ltr'>in</span> <span class='ocrx_word' id='word_1_117' title='bbox 1318 1977 1498 2038; x_wconf 87' lang='lat' dir='ltr'>Romanam</span> 
     </span>
     <span class='ocr_line' id='line_1_14' title="bbox 234 2078 533 2142; baseline 0.013 -4"><span class='ocrx_word' id='word_1_118' title='bbox 234 2079 355 2142; x_wconf 89' lang='lat' dir='ltr'>curiam</span> <span class='ocrx_word' id='word_1_119' title='bbox 380 2078 533 2142; x_wconf 88' lang='lat' dir='ltr'>fiendam.</span> 
     </span>
    </p>

    <p class='ocr_par' dir='ltr' id='par_1_4' title="bbox 232 2186 1498 2378">
     <span class='ocr_line' id='line_1_15' title="bbox 337 2186 1498 2270; baseline 0.002 -22"><span class='ocrx_word' id='word_1_120' title='bbox 337 2186 417 2248; x_wconf 89' lang='lat' dir='ltr'>ltem</span> <span class='ocrx_word' id='word_1_121' title='bbox 444 2186 605 2270; x_wconf 82' lang='lat' dir='ltr'>Georgius</span> <span class='ocrx_word' id='word_1_122' title='bbox 629 2188 869 2250; x_wconf 89' lang='lat' dir='ltr'>molendinator</span> <span class='ocrx_word' id='word_1_123' title='bbox 893 2201 1002 2250; x_wconf 90' lang='lat' dir='ltr'>contra</span> <span class='ocrx_word' id='word_1_124' title='bbox 1034 2187 1166 2250; x_wconf 90' lang='lat' dir='ltr'>Luciam</span> <span class='ocrx_word' id='word_1_125' title='bbox 1191 2207 1323 2250; x_wconf 85' lang='lat' dir='ltr'>uxorem</span> <span class='ocrx_word' id='word_1_126' title='bbox 1349 2187 1498 2270; x_wconf 85' lang='lat' dir='ltr'>Gregorii</span> 
     </span>
     <span class='ocr_line' id='line_1_16' title="bbox 232 2292 968 2378; baseline 0.007 -25"><span class='ocrx_word' id='word_1_127' title='bbox 232 2292 397 2376; x_wconf 86' lang='lat' dir='ltr'>Wychecz</span> <span class='ocrx_word' id='word_1_128' title='bbox 422 2294 528 2376; x_wconf 90' lang='lat' dir='ltr'>primo</span> <span class='ocrx_word' id='word_1_129' title='bbox 552 2295 666 2357; x_wconf 89' lang='lat' dir='ltr'>citatus</span> <span class='ocrx_word' id='word_1_130' title='bbox 689 2315 754 2358; x_wconf 93' lang='lat' dir='ltr'>non</span> <span class='ocrx_word' id='word_1_131' title='bbox 779 2296 968 2378; x_wconf 89' lang='lat' dir='ltr'>comparuit.</span> 
     </span>
    </p>
   </div>
   <div class='ocr_carea' id='block_1_3' title="bbox 233 2531 1493 2625">
    <p class='ocr_par' dir='ltr' id='par_1_5' title="bbox 233 2531 1493 2625">
     <span class='ocr_line' id='line_1_17' title="bbox 233 2531 1493 2625; baseline 0.005 -23"><span class='ocrx_word' id='word_1_132' title='bbox 233 2531 313 2603; x_wconf 88' lang='lat' dir='ltr'>ltem</span> <span class='ocrx_word' id='word_1_133' title='bbox 343 2532 428 2603; x_wconf 86' lang='lat' dir='ltr'>teria</span> <span class='ocrx_word' id='word_1_134' title='bbox 457 2539 556 2604; x_wconf 83' lang='lat' dir='ltr'>serta</span> <span class='ocrx_word' id='word_1_135' title='bbox 594 2535 747 2622; x_wconf 81' lang='lat' dir='ltr'>proxima</span> <span class='ocrx_word' id='word_1_136' title='bbox 785 2541 861 2624; x_wconf 86' lang='lat' dir='ltr'>post</span> <span class='ocrx_word' id='word_1_137' title='bbox 899 2533 1023 2606; x_wconf 83' lang='lat' dir='ltr'>leston</span> <span class='ocrx_word' id='word_1_138' title='bbox 1059 2537 1169 2607; x_wconf 86' lang='lat' dir='ltr'>sancti</span> <span class='ocrx_word' id='word_1_139' title='bbox 1206 2538 1294 2624; x_wconf 84' lang='lat' dir='ltr'>regis</span> <span class='ocrx_word' id='word_1_140' title='bbox 1322 2535 1493 2625; x_wconf 85' lang='lat' dir='ltr'>Stephani.</span> 
     </span>
    </p>
   </div>
   <div class='ocr_carea' id='block_1_4' title="bbox 742 2684 982 2768">
    <p class='ocr_par' dir='ltr' id='par_1_6' title="bbox 742 2684 982 2768">
     <span class='ocr_line' id='line_1_18' title="bbox 742 2684 982 2768; baseline 0.017 -24"><span class='ocrx_word' id='word_1_141' title='bbox 742 2684 807 2767; x_wconf 85' lang='lat'>(21.</span> <span class='ocrx_word' id='word_1_142' title='bbox 839 2685 982 2768; x_wconf 76' lang='lat' dir='ltr'>augusta).</span> 
     </span>
    </p>
   </div>
   <div class='ocr_carea' id='block_1_5' title="bbox 224 2825 1497 5149">
    <p class='ocr_par' dir='ltr' id='par_1_7' title="bbox 226 2825 1497 4612">
     <span class='ocr_line' id='line_1_19' title="bbox 337 2825 1497 2910; baseline 0.003 -24"><span class='ocrx_word' id='word_1_143' title='bbox 337 2825 414 2887; x_wconf 84' lang='lat' dir='ltr'>ltenr</span> <span class='ocrx_word' id='word_1_144' title='bbox 441 2826 517 2906; x_wconf 89' lang='lat' dir='ltr'>quia</span> <span class='ocrx_word' id='word_1_145' title='bbox 542 2826 660 2888; x_wconf 89' lang='lat' dir='ltr'>Paulus</span> <span class='ocrx_word' id='word_1_146' title='bbox 685 2841 786 2890; x_wconf 90' lang='lat' dir='ltr'>sartor</span> <span class='ocrx_word' id='word_1_147' title='bbox 810 2826 895 2890; x_wconf 90' lang='lat' dir='ltr'>filius</span> <span class='ocrx_word' id='word_1_148' title='bbox 924 2827 1052 2910; x_wconf 88' lang='lat' dir='ltr'>Mathye</span> <span class='ocrx_word' id='word_1_149' title='bbox 1085 2827 1161 2890; x_wconf 89' lang='lat' dir='ltr'>dicti</span> <span class='ocrx_word' id='word_1_150' title='bbox 1188 2827 1329 2907; x_wconf 87' lang='lat' dir='ltr'>Philech,</span> <span class='ocrx_word' id='word_1_151' title='bbox 1355 2841 1497 2889; x_wconf 90' lang='lat' dir='ltr'>nostram</span> 
     </span>
     <span class='ocr_line' id='line_1_20' title="bbox 231 2931 1496 3015; baseline 0.004 -24"><span class='ocrx_word' id='word_1_152' title='bbox 231 2931 363 2992; x_wconf 87' lang='lat' dir='ltr'>veniens</span> <span class='ocrx_word' id='word_1_153' title='bbox 387 2931 484 2993; x_wconf 88' lang='lat' dir='ltr'>hodie</span> <span class='ocrx_word' id='word_1_154' title='bbox 510 2933 540 2994; x_wconf 94' lang='lat' dir='ltr'>in</span> <span class='ocrx_word' id='word_1_155' title='bbox 567 2934 778 3015; x_wconf 87' lang='lat' dir='ltr'>presenciam,</span> <span class='ocrx_word' id='word_1_156' title='bbox 804 2933 835 2995; x_wconf 92' lang='lat' dir='ltr'>id</span> <span class='ocrx_word' id='word_1_157' title='bbox 853 2934 946 2996; x_wconf 91' lang='lat' dir='ltr'>nobis</span> <span class='ocrx_word' id='word_1_158' title='bbox 963 2933 1141 3014; x_wconf 87' lang='lat' dir='ltr'>significare</span> <span class='ocrx_word' id='word_1_159' title='bbox 1167 2934 1288 2996; x_wconf 88' lang='lat' dir='ltr'>curavit</span> <span class='ocrx_word' id='word_1_160' title='bbox 1313 2934 1496 3015; x_wconf 90' lang='lat' dir='ltr'>querulose,</span> 
     </span>
     <span class='ocr_line' id='line_1_21' title="bbox 232 3039 1496 3123; baseline 0.003 -25"><span class='ocrx_word' id='word_1_161' title='bbox 232 3052 265 3098; x_wconf 91' lang='lat' dir='ltr'>ut</span> <span class='ocrx_word' id='word_1_162' title='bbox 288 3041 429 3119; x_wconf 89' lang='lat' dir='ltr'>quedam</span> <span class='ocrx_word' id='word_1_163' title='bbox 454 3039 544 3101; x_wconf 90' lang='lat' dir='ltr'>litera</span> <span class='ocrx_word' id='word_1_164' title='bbox 578 3059 634 3102; x_wconf 91' lang='lat' dir='ltr'>sua</span> <span class='ocrx_word' id='word_1_165' title='bbox 659 3060 715 3102; x_wconf 89' lang='lat' dir='ltr'>seu</span> <span class='ocrx_word' id='word_1_166' title='bbox 747 3040 884 3103; x_wconf 89' lang='lat' dir='ltr'>civitatis</span> <span class='ocrx_word' id='word_1_167' title='bbox 916 3040 1048 3122; x_wconf 87' lang='lat' dir='ltr'>prefate,</span> <span class='ocrx_word' id='word_1_168' title='bbox 1081 3039 1300 3122; x_wconf 87' lang='lat' dir='ltr'>privilegialis,</span> <span class='ocrx_word' id='word_1_169' title='bbox 1324 3060 1383 3123; x_wconf 94' lang='lat' dir='ltr'>pro</span> <span class='ocrx_word' id='word_1_170' title='bbox 1407 3054 1496 3122; x_wconf 90' lang='lat' dir='ltr'>parte</span> 
     </span>
     <span class='ocr_line' id='line_1_22' title="bbox 231 3145 1496 3229; baseline 0.002 -25"><span class='ocrx_word' id='word_1_171' title='bbox 231 3164 326 3227; x_wconf 90' lang='lat' dir='ltr'>super</span> <span class='ocrx_word' id='word_1_172' title='bbox 357 3145 497 3227; x_wconf 91' lang='lat' dir='ltr'>quadam</span> <span class='ocrx_word' id='word_1_173' title='bbox 523 3159 605 3208; x_wconf 90' lang='lat' dir='ltr'>terra</span> <span class='ocrx_word' id='word_1_174' title='bbox 638 3167 694 3208; x_wconf 86' lang='lat' dir='ltr'>sua</span> <span class='ocrx_word' id='word_1_175' title='bbox 728 3147 841 3208; x_wconf 88' lang='lat' dir='ltr'>arabili</span> <span class='ocrx_word' id='word_1_176' title='bbox 875 3148 906 3208; x_wconf 92' lang='lat' dir='ltr'>in</span> <span class='ocrx_word' id='word_1_177' title='bbox 936 3167 1050 3229; x_wconf 88' lang='lat' dir='ltr'>campo</span> <span class='ocrx_word' id='word_1_178' title='bbox 1083 3147 1218 3208; x_wconf 88' lang='lat' dir='ltr'>civitatis</span> <span class='ocrx_word' id='word_1_179' title='bbox 1251 3145 1383 3229; x_wconf 86' lang='lat' dir='ltr'>prefate,</span> <span class='ocrx_word' id='word_1_180' title='bbox 1415 3147 1496 3208; x_wconf 89' lang='lat' dir='ltr'>inter</span> 
     </span>
     <span class='ocr_line' id='line_1_23' title="bbox 230 3253 1496 3336; baseline 0.003 -26"><span class='ocrx_word' id='word_1_181' title='bbox 230 3263 343 3312; x_wconf 88' lang='lat' dir='ltr'>terram</span> <span class='ocrx_word' id='word_1_182' title='bbox 377 3265 485 3314; x_wconf 90' lang='lat' dir='ltr'>nostre</span> <span class='ocrx_word' id='word_1_183' title='bbox 517 3253 757 3315; x_wconf 84' lang='lat' dir='ltr'>communitatis</span> <span class='ocrx_word' id='word_1_184' title='bbox 789 3267 820 3316; x_wconf 93' lang='lat' dir='ltr'>et</span> <span class='ocrx_word' id='word_1_185' title='bbox 850 3254 933 3316; x_wconf 88' lang='lat' dir='ltr'>viam</span> <span class='ocrx_word' id='word_1_186' title='bbox 967 3273 1173 3316; x_wconf 90' lang='lat' dir='ltr'>communem</span> <span class='ocrx_word' id='word_1_187' title='bbox 1206 3253 1324 3332; x_wconf 91' lang='lat' dir='ltr'>habita,</span> <span class='ocrx_word' id='word_1_188' title='bbox 1356 3253 1415 3314; x_wconf 91' lang='lat' dir='ltr'>sibi</span> <span class='ocrx_word' id='word_1_189' title='bbox 1440 3273 1496 3336; x_wconf 92' lang='lat' dir='ltr'>per</span> 
     </span>
     <span class='ocr_line' id='line_1_24' title="bbox 231 3356 1495 3442; baseline 0.004 -26"><span class='ocrx_word' id='word_1_190' title='bbox 231 3356 409 3437; x_wconf 91' lang='lat' dir='ltr'>predictum</span> <span class='ocrx_word' id='word_1_191' title='bbox 436 3373 558 3440; x_wconf 88' lang='lat' dir='ltr'>patrem</span> <span class='ocrx_word' id='word_1_192' title='bbox 584 3378 676 3422; x_wconf 91' lang='lat' dir='ltr'>suum</span> <span class='ocrx_word' id='word_1_193' title='bbox 704 3361 968 3422; x_wconf 88' lang='lat' dir='ltr'>testamentaliter</span> <span class='ocrx_word' id='word_1_194' title='bbox 985 3361 1099 3442; x_wconf 89' lang='lat' dir='ltr'>legata,</span> <span class='ocrx_word' id='word_1_195' title='bbox 1121 3359 1265 3423; x_wconf 89' lang='lat' dir='ltr'>conlecta</span> <span class='ocrx_word' id='word_1_196' title='bbox 1284 3374 1314 3422; x_wconf 89' lang='lat' dir='ltr'>et</span> <span class='ocrx_word' id='word_1_197' title='bbox 1338 3373 1495 3440; x_wconf 88' lang='lat' dir='ltr'>emanata,</span> 
     </span>
     <span class='ocr_line' id='line_1_25' title="bbox 231 3463 1493 3549; baseline 0.005 -26"><span class='ocrx_word' id='word_1_198' title='bbox 231 3463 399 3524; x_wconf 82' lang='lat' dir='ltr'>casualiter</span> <span class='ocrx_word' id='word_1_199' title='bbox 423 3465 539 3526; x_wconf 89' lang='lat' dir='ltr'>amissa</span> <span class='ocrx_word' id='word_1_200' title='bbox 566 3479 597 3528; x_wconf 90' lang='lat' dir='ltr'>et</span> <span class='ocrx_word' id='word_1_201' title='bbox 613 3465 780 3548; x_wconf 89' lang='lat' dir='ltr'>deperdita</span> <span class='ocrx_word' id='word_1_202' title='bbox 798 3467 968 3544; x_wconf 81' lang='lat' dir='ltr'>extitisset3</span> <span class='ocrx_word' id='word_1_203' title='bbox 993 3482 1024 3529; x_wconf 90' lang='lat' dir='ltr'>et</span> <span class='ocrx_word' id='word_1_204' title='bbox 1048 3467 1122 3549; x_wconf 88' lang='lat' dir='ltr'>quia</span> <span class='ocrx_word' id='word_1_205' title='bbox 1148 3469 1260 3529; x_wconf 90' lang='lat' dir='ltr'>eadem</span> <span class='ocrx_word' id='word_1_206' title='bbox 1278 3467 1369 3529; x_wconf 90' lang='lat' dir='ltr'>litera</span> <span class='ocrx_word' id='word_1_207' title='bbox 1387 3480 1493 3529; x_wconf 89' lang='lat' dir='ltr'>nostra</span> 
     </span>
     <span class='ocr_line' id='line_1_26' title="bbox 231 3569 1495 3656; baseline 0.006 -28"><span class='ocrx_word' id='word_1_208' title='bbox 231 3588 286 3630; x_wconf 90' lang='lat' dir='ltr'>seu</span> <span class='ocrx_word' id='word_1_209' title='bbox 311 3569 448 3631; x_wconf 84' lang='lat' dir='ltr'>civitatis</span> <span class='ocrx_word' id='word_1_210' title='bbox 472 3571 614 3653; x_wconf 88' lang='lat' dir='ltr'>predicte</span> <span class='ocrx_word' id='word_1_211' title='bbox 639 3573 858 3655; x_wconf 88' lang='lat' dir='ltr'>privilegialis,</span> <span class='ocrx_word' id='word_1_212' title='bbox 882 3575 922 3635; x_wconf 87' lang='lat' dir='ltr'>ad</span> <span class='ocrx_word' id='word_1_213' title='bbox 951 3575 1067 3636; x_wconf 88' lang='lat' dir='ltr'>trinam</span> <span class='ocrx_word' id='word_1_214' title='bbox 1092 3572 1251 3636; x_wconf 87' lang='lat' dir='ltr'>forensem</span> <span class='ocrx_word' id='word_1_215' title='bbox 1277 3589 1307 3636; x_wconf 90' lang='lat' dir='ltr'>et</span> <span class='ocrx_word' id='word_1_216' title='bbox 1331 3574 1495 3656; x_wconf 86' lang='lat' dir='ltr'>publicam</span> 
     </span>
     <span class='ocr_line' id='line_1_27' title="bbox 231 3676 1495 3763; baseline 0.005 -27"><span class='ocrx_word' id='word_1_217' title='bbox 231 3676 523 3756; x_wconf 83' lang='lat' dir='ltr'>proclamacionem</span> <span class='ocrx_word' id='word_1_218' title='bbox 550 3698 606 3760; x_wconf 92' lang='lat' dir='ltr'>per</span> <span class='ocrx_word' id='word_1_219' title='bbox 629 3699 784 3762; x_wconf 85' lang='lat' dir='ltr'>precones</span> <span class='ocrx_word' id='word_1_220' title='bbox 808 3696 934 3743; x_wconf 90' lang='lat' dir='ltr'>nostros</span> <span class='ocrx_word' id='word_1_221' title='bbox 966 3701 1155 3743; x_wconf 89' lang='lat' dir='ltr'>communes</span> <span class='ocrx_word' id='word_1_222' title='bbox 1179 3702 1216 3742; x_wconf 90' lang='lat' dir='ltr'>ex</span> <span class='ocrx_word' id='word_1_223' title='bbox 1241 3681 1370 3744; x_wconf 88' lang='lat' dir='ltr'>instanti</span> <span class='ocrx_word' id='word_1_224' title='bbox 1395 3681 1495 3763; x_wconf 90' lang='lat' dir='ltr'>ipsius</span> 
     </span>
     <span class='ocr_line' id='line_1_28' title="bbox 231 3781 1493 3869; baseline 0.006 -27"><span class='ocrx_word' id='word_1_225' title='bbox 231 3781 322 3844; x_wconf 85' lang='lat' dir='ltr'>Pauli</span> <span class='ocrx_word' id='word_1_226' title='bbox 345 3785 476 3846; x_wconf 89' lang='lat' dir='ltr'>sartoris</span> <span class='ocrx_word' id='word_1_227' title='bbox 500 3785 660 3866; x_wconf 89' lang='lat' dir='ltr'>peticione</span> <span class='ocrx_word' id='word_1_228' title='bbox 685 3799 716 3848; x_wconf 91' lang='lat' dir='ltr'>et</span> <span class='ocrx_word' id='word_1_229' title='bbox 734 3807 771 3849; x_wconf 82' lang='lat' dir='ltr'>er</span> <span class='ocrx_word' id='word_1_230' title='bbox 789 3801 893 3849; x_wconf 91' lang='lat' dir='ltr'>nostra</span> <span class='ocrx_word' id='word_1_231' title='bbox 912 3787 1076 3869; x_wconf 79' lang='lat' dir='ltr'>judiciaria</span> <span class='ocrx_word' id='word_1_232' title='bbox 1095 3788 1322 3850; x_wconf 89' lang='lat' dir='ltr'>commissione</span> <span class='ocrx_word' id='word_1_233' title='bbox 1348 3787 1387 3850; x_wconf 90' lang='lat' dir='ltr'>de</span> <span class='ocrx_word' id='word_1_234' title='bbox 1404 3807 1493 3850; x_wconf 89' lang='lat' dir='ltr'>more</span> 
     </span>
     <span class='ocr_line' id='line_1_29' title="bbox 231 3890 1491 3977; baseline 0.004 -27"><span class='ocrx_word' id='word_1_235' title='bbox 231 3890 308 3950; x_wconf 88' lang='lat' dir='ltr'>alias</span> <span class='ocrx_word' id='word_1_236' title='bbox 338 3891 435 3952; x_wconf 90' lang='lat' dir='ltr'>solito</span> <span class='ocrx_word' id='word_1_237' title='bbox 467 3890 595 3972; x_wconf 81' lang='lat' dir='ltr'>tactam,</span> <span class='ocrx_word' id='word_1_238' title='bbox 626 3893 743 3956; x_wconf 91' lang='lat' dir='ltr'>nullibi</span> <span class='ocrx_word' id='word_1_239' title='bbox 776 3895 911 3956; x_wconf 87' lang='lat' dir='ltr'>inveniri</span> <span class='ocrx_word' id='word_1_240' title='bbox 944 3896 1058 3977; x_wconf 88' lang='lat' dir='ltr'>potuit,</span> <span class='ocrx_word' id='word_1_241' title='bbox 1091 3894 1230 3977; x_wconf 88' lang='lat' dir='ltr'>ideoque</span> <span class='ocrx_word' id='word_1_242' title='bbox 1265 3915 1323 3956; x_wconf 91' lang='lat' dir='ltr'>nos</span> <span class='ocrx_word' id='word_1_243' title='bbox 1355 3894 1491 3957; x_wconf 87' lang='lat' dir='ltr'>eandem</span> 
     </span>
     <span class='ocr_line' id='line_1_30' title="bbox 230 3998 1491 4085; baseline 0.005 -29"><span class='ocrx_word' id='word_1_244' title='bbox 230 4009 345 4058; x_wconf 83' lang='lat' dir='ltr'>terrant</span> <span class='ocrx_word' id='word_1_245' title='bbox 370 3998 524 4060; x_wconf 85' lang='lat' dir='ltr'>arabilem</span> <span class='ocrx_word' id='word_1_246' title='bbox 549 4020 622 4062; x_wconf 90' lang='lat' dir='ltr'>cum</span> <span class='ocrx_word' id='word_1_247' title='bbox 648 4003 799 4063; x_wconf 90' lang='lat' dir='ltr'>omnibus</span> <span class='ocrx_word' id='word_1_248' title='bbox 824 4003 888 4064; x_wconf 91' lang='lat' dir='ltr'>suis</span> <span class='ocrx_word' id='word_1_249' title='bbox 913 4003 1104 4065; x_wconf 85' lang='lat' dir='ltr'>utilitatibus</span> <span class='ocrx_word' id='word_1_250' title='bbox 1138 4015 1167 4064; x_wconf 90' lang='lat' dir='ltr'>et</span> <span class='ocrx_word' id='word_1_251' title='bbox 1192 4002 1397 4085; x_wconf 85' lang='lat' dir='ltr'>pertinenciis</span> <span class='ocrx_word' id='word_1_252' title='bbox 1422 4001 1491 4063; x_wconf 91' lang='lat' dir='ltr'>uni·</span> 
     </span>
     <span class='ocr_line' id='line_1_31' title="bbox 230 4101 1491 4190; baseline 0.007 -29"><span class='ocrx_word' id='word_1_253' title='bbox 230 4102 329 4164; x_wconf 82' lang='lat' dir='ltr'>versis</span> <span class='ocrx_word' id='word_1_254' title='bbox 352 4101 476 4184; x_wconf 88' lang='lat' dir='ltr'>prelato</span> <span class='ocrx_word' id='word_1_255' title='bbox 502 4104 602 4167; x_wconf 89' lang='lat' dir='ltr'>Paulo</span> <span class='ocrx_word' id='word_1_256' title='bbox 626 4107 750 4187; x_wconf 87' lang='lat' dir='ltr'>sartori,</span> <span class='ocrx_word' id='word_1_257' title='bbox 782 4107 868 4189; x_wconf 83' lang='lat' dir='ltr'>juxta</span> <span class='ocrx_word' id='word_1_258' title='bbox 896 4108 1096 4190; x_wconf 90' lang='lat' dir='ltr'>legacionem</span> <span class='ocrx_word' id='word_1_259' title='bbox 1127 4109 1396 4170; x_wconf 88' lang='lat' dir='ltr'>testamentariam</span> <span class='ocrx_word' id='word_1_260' title='bbox 1422 4128 1491 4190; x_wconf 91' lang='lat' dir='ltr'>pre·</span> 
     </span>
     <span class='ocr_line' id='line_1_32' title="bbox 230 4210 1492 4299; baseline 0.006 -29"><span class='ocrx_word' id='word_1_261' title='bbox 230 4210 304 4272; x_wconf 88' lang='lat' dir='ltr'>dicti</span> <span class='ocrx_word' id='word_1_262' title='bbox 329 4213 427 4294; x_wconf 88' lang='lat' dir='ltr'>patris</span> <span class='ocrx_word' id='word_1_263' title='bbox 452 4213 512 4291; x_wconf 93' lang='lat' dir='ltr'>sui,</span> <span class='ocrx_word' id='word_1_264' title='bbox 535 4214 704 4276; x_wconf 89' lang='lat' dir='ltr'>statuimus</span> <span class='ocrx_word' id='word_1_265' title='bbox 728 4229 759 4276; x_wconf 90' lang='lat' dir='ltr'>et</span> <span class='ocrx_word' id='word_1_266' title='bbox 782 4215 1043 4278; x_wconf 87' lang='lat' dir='ltr'>confirmavimus</span> <span class='ocrx_word' id='word_1_267' title='bbox 1060 4217 1243 4278; x_wconf 91' lang='lat' dir='ltr'>racionibus</span> <span class='ocrx_word' id='word_1_268' title='bbox 1268 4235 1304 4278; x_wconf 86' lang='lat' dir='ltr'>ex</span> <span class='ocrx_word' id='word_1_269' title='bbox 1329 4217 1492 4299; x_wconf 88' lang='lat' dir='ltr'>premissis</span> 
     </span>
     <span class='ocr_line' id='line_1_33' title="bbox 228 4314 1490 4406; baseline 0.006 -29"><span class='ocrx_word' id='word_1_270' title='bbox 228 4314 297 4397; x_wconf 83' lang='lat' dir='ltr'>jure</span> <span class='ocrx_word' id='word_1_271' title='bbox 321 4333 480 4400; x_wconf 89' lang='lat' dir='ltr'>perpetuo</span> <span class='ocrx_word' id='word_1_272' title='bbox 513 4331 543 4380; x_wconf 90' lang='lat' dir='ltr'>et</span> <span class='ocrx_word' id='word_1_273' title='bbox 575 4320 826 4384; x_wconf 86' lang='lat' dir='ltr'>irrevocabiliter</span> <span class='ocrx_word' id='word_1_274' title='bbox 857 4323 1083 4404; x_wconf 90' lang='lat' dir='ltr'>possidendam</span> <span class='ocrx_word' id='word_1_275' title='bbox 1117 4337 1147 4385; x_wconf 91' lang='lat' dir='ltr'>et</span> <span class='ocrx_word' id='word_1_276' title='bbox 1182 4323 1490 4406; x_wconf 89' lang='lat' dir='ltr'>quomodocumque</span> 
     </span>
     <span class='ocr_line' id='line_1_34' title="bbox 227 4423 1491 4512; baseline 0.007 -30"><span class='ocrx_word' id='word_1_277' title='bbox 227 4423 367 4484; x_wconf 85' lang='lat' dir='ltr'>voluerit</span> <span class='ocrx_word' id='word_1_278' title='bbox 392 4423 628 4506; x_wconf 86' lang='lat' dir='ltr'>disponendam</span> <span class='ocrx_word' id='word_1_279' title='bbox 653 4426 739 4509; x_wconf 87' lang='lat' dir='ltr'>juxta</span> <span class='ocrx_word' id='word_1_280' title='bbox 763 4428 989 4490; x_wconf 86' lang='lat' dir='ltr'>condicionem</span> <span class='ocrx_word' id='word_1_281' title='bbox 1020 4428 1156 4492; x_wconf 87' lang='lat' dir='ltr'>civitatis</span> <span class='ocrx_word' id='word_1_282' title='bbox 1180 4443 1346 4512; x_wconf 92' lang='lat' dir='ltr'>prenotate</span> <span class='ocrx_word' id='word_1_283' title='bbox 1372 4432 1410 4492; x_wconf 90' lang='lat' dir='ltr'>ab</span> <span class='ocrx_word' id='word_1_284' title='bbox 1436 4450 1491 4491; x_wconf 91' lang='lat' dir='ltr'>an·</span> 
     </span>
     <span class='ocr_line' id='line_1_35' title="bbox 226 4529 567 4612; baseline 0.012 -22"><span class='ocrx_word' id='word_1_285' title='bbox 226 4529 317 4611; x_wconf 91' lang='lat' dir='ltr'>tiquo</span> <span class='ocrx_word' id='word_1_286' title='bbox 342 4532 567 4612; x_wconf 89' lang='lat' dir='ltr'>approbatam.</span> 
     </span>
    </p>

    <p class='ocr_par' dir='ltr' id='par_1_8' title="bbox 225 4636 1491 4830">
     <span class='ocr_line' id='line_1_36' title="bbox 333 4636 1491 4723; baseline 0.006 -26"><span class='ocrx_word' id='word_1_287' title='bbox 333 4636 412 4698; x_wconf 90' lang='lat' dir='ltr'>ltem</span> <span class='ocrx_word' id='word_1_288' title='bbox 437 4636 622 4700; x_wconf 81' lang='lat' dir='ltr'>Anthonius</span> <span class='ocrx_word' id='word_1_289' title='bbox 646 4659 780 4723; x_wconf 89' lang='lat' dir='ltr'>arcupar</span> <span class='ocrx_word' id='word_1_290' title='bbox 804 4641 907 4703; x_wconf 89' lang='lat' dir='ltr'>dictus</span> <span class='ocrx_word' id='word_1_291' title='bbox 936 4641 1038 4704; x_wconf 89' lang='lat' dir='ltr'>Janlro</span> <span class='ocrx_word' id='word_1_292' title='bbox 1068 4656 1176 4704; x_wconf 91' lang='lat' dir='ltr'>contra</span> <span class='ocrx_word' id='word_1_293' title='bbox 1204 4641 1339 4704; x_wconf 89' lang='lat' dir='ltr'>Paulum</span> <span class='ocrx_word' id='word_1_294' title='bbox 1365 4641 1491 4704; x_wconf 88' lang='lat' dir='ltr'>labrum</span> 
     </span>
     <span class='ocr_line' id='line_1_37' title="bbox 225 4744 1056 4830; baseline 0.006 -25"><span class='ocrx_word' id='word_1_295' title='bbox 225 4744 347 4805; x_wconf 91' lang='lat' dir='ltr'>dictum</span> <span class='ocrx_word' id='word_1_296' title='bbox 372 4763 485 4826; x_wconf 86' lang='lat' dir='ltr'>sporar</span> <span class='ocrx_word' id='word_1_297' title='bbox 509 4745 614 4827; x_wconf 91' lang='lat' dir='ltr'>primo</span> <span class='ocrx_word' id='word_1_298' title='bbox 639 4746 752 4820; x_wconf 78' lang='lat' dir='ltr'>citatus</span> <span class='ocrx_word' id='word_1_299' title='bbox 777 4767 841 4808; x_wconf 93' lang='lat' dir='ltr'>non</span> <span class='ocrx_word' id='word_1_300' title='bbox 867 4748 1056 4830; x_wconf 88' lang='lat' dir='ltr'>comparuit.</span> 
     </span>
    </p>

    <p class='ocr_par' dir='ltr' id='par_1_9' title="bbox 224 4849 1490 5149">
     <span class='ocr_line' id='line_1_38' title="bbox 329 4849 1490 4936; baseline 0.004 -25"><span class='ocrx_word' id='word_1_301' title='bbox 329 4849 410 4912; x_wconf 89' lang='lat' dir='ltr'>ltem</span> <span class='ocrx_word' id='word_1_302' title='bbox 435 4869 530 4912; x_wconf 89' lang='lat' dir='ltr'>causa</span> <span class='ocrx_word' id='word_1_303' title='bbox 556 4851 637 4914; x_wconf 89' lang='lat' dir='ltr'>inter</span> <span class='ocrx_word' id='word_1_304' title='bbox 664 4852 779 4936; x_wconf 89' lang='lat' dir='ltr'>Elyam</span> <span class='ocrx_word' id='word_1_305' title='bbox 811 4869 954 4916; x_wconf 91' lang='lat' dir='ltr'>sutorem</span> <span class='ocrx_word' id='word_1_306' title='bbox 985 4869 1016 4916; x_wconf 90' lang='lat' dir='ltr'>et</span> <span class='ocrx_word' id='word_1_307' title='bbox 1042 4855 1169 4916; x_wconf 85' lang='lat' dir='ltr'>Petrum</span> <span class='ocrx_word' id='word_1_308' title='bbox 1196 4854 1357 4936; x_wconf 76' lang='lat' dir='ltr'>Sunhych</span> <span class='ocrx_word' id='word_1_309' title='bbox 1382 4874 1490 4916; x_wconf 89' lang='lat' dir='ltr'>coram</span> 
     </span>
     <span class='ocr_line' id='line_1_39' title="bbox 225 4957 1490 5044; baseline 0.003 -26"><span class='ocrx_word' id='word_1_310' title='bbox 225 4957 316 5019; x_wconf 90' lang='lat' dir='ltr'>nobis</span> <span class='ocrx_word' id='word_1_311' title='bbox 340 4970 442 5036; x_wconf 90' lang='lat' dir='ltr'>mota,</span> <span class='ocrx_word' id='word_1_312' title='bbox 467 4977 524 5040; x_wconf 90' lang='lat' dir='ltr'>per</span> <span class='ocrx_word' id='word_1_313' title='bbox 548 4959 740 5041; x_wconf 89' lang='lat' dir='ltr'>peticionem</span> <span class='ocrx_word' id='word_1_314' title='bbox 773 4962 900 5023; x_wconf 89' lang='lat' dir='ltr'>testium</span> <span class='ocrx_word' id='word_1_315' title='bbox 931 4961 1073 5043; x_wconf 91' lang='lat' dir='ltr'>ipsorum</span> <span class='ocrx_word' id='word_1_316' title='bbox 1106 4961 1145 5023; x_wconf 90' lang='lat' dir='ltr'>ad</span> <span class='ocrx_word' id='word_1_317' title='bbox 1171 4961 1310 5044; x_wconf 86' lang='lat' dir='ltr'>primum</span> <span class='ocrx_word' id='word_1_318' title='bbox 1336 4961 1490 5042; x_wconf 89' lang='lat' dir='ltr'>judicium</span> 
     </span>
     <span class='ocr_line' id='line_1_40' title="bbox 224 5065 842 5149; baseline 0.006 -23"><span class='ocrx_word' id='word_1_319' title='bbox 224 5065 370 5146; x_wconf 83' lang='lat' dir='ltr'>proxime</span> <span class='ocrx_word' id='word_1_320' title='bbox 395 5085 567 5128; x_wconf 90' lang='lat' dir='ltr'>occurrens</span> <span class='ocrx_word' id='word_1_321' title='bbox 592 5081 638 5129; x_wconf 87' lang='lat' dir='ltr'>est</span> <span class='ocrx_word' id='word_1_322' title='bbox 663 5083 842 5149; x_wconf 88' lang='lat' dir='ltr'>prorogata.</span> 
     </span>
    </p>
   </div>
   <div class='ocr_carea' id='block_1_6' title="bbox 0 0 1914 5786">
    <p class='ocr_par' dir='ltr' id='par_1_10' title="bbox 0 0 1914 5786">
     <span class='ocr_line' id='line_1_41' title="bbox 0 0 1914 5786; baseline 0 4"><span class='ocrx_word' id='word_1_323' title='bbox 0 0 1914 5786; x_wconf 95' lang='lat' dir='ltr'> </span> 
     </span>
    </p>
   </div>
  </div>
 </body>
</html>
