3694 5782
828 537 915 592 Anno
939 533 1029 612 1465.
1055 571 1096 579 -
1121 532 1152 598 8.
1180 537 1294 598 martii.

836 748 914 810 Item
939 749 1128 811 Dominicus
1152 749 1301 813 carnifex.

834 853 912 916 Item
938 855 1091 918 Clemens
1114 871 1224 920 sartor.

832 959 911 1023 Item
937 964 1078 1025 Briccius
1103 965 1217 1047 Myrlro
1243 963 1356 1026 dictus.

835 1068 912 1130 Item
938 1069 1049 1132 Petrus
1072 1091 1193 1153 sporar.

833 1175 911 1237 Item
938 1177 1119 1260 Stephanus
1143 1192 1252 1240 sartor.

833 1281 911 1342 Item
938 1283 1068 1346 Bnrthol
1092 1285 1229 1368 sellipar.

836 1387 911 1450 Item
938 1389 1050 1452 Petrus
1073 1390 1223 1454 carnifex.

833 1495 910 1556 Item
936 1497 1086 1580 Cristoph
1111 1499 1249 1580 sellipar.

833 1602 910 1664 Item
937 1603 1096 1685 Georgius
1119 1605 1279 1688 annyak.

836 1708 913 1770 Item
940 1711 1078 1773 Iacobus
1101 1731 1220 1794 sporar.

835 1815 911 1877 Item
938 1816 1084 1880 Thomas
1109 1817 1245 1902 Glazyn.

832 1923 908 1985 Item
934 1925 1060 1988 Marcus
1082 1939 1180 1988 sutor.

833 2029 910 2091 Item
936 2031 1128 2093 Benedictus
1153 2030 1281 2093 Gerdalr
1305 2047 1403 2094 sutor.

835 2136 911 2198 Item
938 2137 1090 2199 Clemens
1115 2139 1254 2200 Kechlra.

830 2243 907 2306 Item
935 2243 1094 2326 Georqus
1118 2259 1215 2309 sutor.

835 2351 911 2412 Item
938 2352 1105 2434 Philippus
1132 2365 1228 2415 sutor.

833 2457 910 2518 Item
936 2457 1049 2520 Gallus
1073 2472 1170 2520 sutor.

832 2564 909 2625 Item
935 2565 1124 2626 Valentinus
1147 2580 1245 2626 sutor.

835 2671 912 2732 Item
939 2671 1100 2734 Iohannes
1124 2687 1222 2733 sutor.
1247 2677 1251 2684 '

833 2777 912 2840 Item
938 2778 1118 2860 Stephanus
1141 2791 1239 2842 sutor.

833 2885 910 2946 Item
937 2885 1039 2946 Lucas
1063 2899 1160 2946 sutor.

831 2991 908 3052 Item
935 2991 1080 3053 Thomas
1103 3007 1205 3054 sutor.

533 3184 609 3245 Item
634 3183 746 3266 prefati
772 3185 955 3246 Anthonius
980 3185 1074 3265 judex
1091 3205 1127 3247 ac
1146 3185 1237 3266 jurati
1263 3199 1294 3248 et
1314 3185 1489 3247 consiliarii
1516 3205 1587 3247 cum
1610 3203 1677 3246 con·

425 3309 519 3350 sensu
555 3306 585 3352 et
617 3291 841 3352 commissione
877 3292 1020 3353 unanimi
1053 3305 1083 3354 et
1115 3292 1265 3353 concordi
1298 3293 1462 3353 voluntate
1496 3307 1527 3353 et
1558 3291 1676 3352 decreto

425 3397 527 3456 tocius
551 3399 790 3458 communitatis
815 3399 924 3459 omnia
942 3399 1067 3460 decreta
1088 3411 1119 3460 et
1139 3412 1254 3460 statuta
1279 3413 1343 3460 tam
1369 3399 1399 3459 in
1425 3399 1564 3480 presenti
1588 3415 1675 3479 quam

426 3503 457 3562 in
472 3504 611 3584 antiquis
624 3504 781 3566 cathernis
795 3505 910 3567 nostris
935 3519 1082 3566 contenta
1100 3519 1130 3566 et
1147 3505 1336 3587 conscripta,
1362 3505 1470 3586 quoad
1485 3525 1596 3566 omnes
1612 3503 1676 3564 arti·

426 3609 515 3670 culos
539 3623 570 3671 et
601 3625 717 3692 puncta
742 3625 772 3671 et
797 3611 955 3672 clausulas
979 3611 1167 3672 eorumdem
1200 3625 1391 3673 statutorum
1423 3627 1454 3673 et
1486 3613 1675 3673 decretorum

425 3735 481 3796 per
504 3729 607 3777 totum
624 3737 745 3778 annum
763 3719 916 3799 presentis
942 3717 1099 3798 judicatus
1124 3719 1223 3799 ipsius
1244 3717 1399 3780 Anthonii
1418 3717 1532 3798 judicis
1556 3739 1592 3778 ac
1608 3737 1676 3778 con·

425 3838 596 3903 sequenter
620 3839 650 3886 et
674 3824 825 3906 deinceps
849 3825 916 3906 jure
949 3839 1104 3906 perpetuo
1133 3839 1164 3886 et
1186 3825 1436 3887 irrevocabiliter
1459 3824 1678 3886 confirmarunt

426 3949 551 4011 semper
575 3932 710 3994 valitura
735 3947 766 3993 et
794 3932 925 3994 firmiter
949 3933 1158 3994 observanda.

533 4055 609 4116 Item
643 4059 747 4138 primo
780 4057 938 4126 Andreas,
957 4057 1164 4140 Symwnych,
1197 4057 1303 4120 senior
1335 4056 1456 4138 juratus
1488 4071 1520 4120 et
1548 4056 1677 4118 concitis

426 4175 543 4240 noster,
569 4183 605 4223 ac
630 4165 763 4245 provida
790 4166 904 4226 mulier
929 4169 1037 4246 Agnes
1069 4179 1191 4243 vocata,
1226 4165 1334 4228 relicta
1359 4163 1497 4226 condam
1524 4163 1676 4226 Michaelis

425 4269 575 4348 agricole,
599 4291 689 4332 soror
714 4273 849 4333 carnalis
873 4272 1010 4333 condam
1030 4271 1186 4333 Anthonii
1208 4271 1347 4352 agricole
1373 4270 1413 4332 de
1439 4272 1539 4350 boka,
1564 4272 1594 4332 id
1611 4289 1674 4331 curn

425 4373 594 4438 sufficienti
612 4393 794 4440 nostrorum
815 4380 995 4441 concivium
1006 4379 1193 4440 testimonio
1210 4379 1294 4440 clare
1312 4379 1571 4460 comprobarunt,
1596 4373 1672 4458 quod

424 4484 558 4564 provida
584 4486 699 4546 mulier
732 4487 935 4567 Margaretha
968 4487 1061 4564 dicta,
1091 4486 1200 4547 relicta
1233 4485 1333 4566 ipsius
1356 4485 1496 4545 condam
1520 4480 1672 4556 Anthonii,

425 4589 554 4650 eosdem
572 4611 667 4673 super
691 4593 842 4654 omnibus
859 4594 952 4654 bonis
976 4593 1041 4654 suis
1058 4607 1281 4674 procuratores
1298 4592 1513 4654 constituisset
1528 4604 1558 4652 et
1573 4587 1671 4650 omnia

424 4697 508 4757 bona
533 4717 589 4758 sua
614 4699 775 4760 vendendi
801 4700 1021 4762 commisisset.

530 4822 606 4883 Item
631 4824 705 4904 quia
732 4825 856 4884 Blasius
881 4822 1138 4905 Chwdawchych
1165 4821 1304 4884 carnifex
1322 4835 1352 4884 et
1376 4822 1455 4884 alter
1479 4821 1597 4884 Blasius
1612 4835 1669 4879 car·

424 4927 508 4988 nifex
535 4929 718 5012 Lendarryn
745 4930 858 5009 dictus,
899 4931 1046 4991 concives
1071 4929 1179 5008 nostri,
1204 4929 1298 4991 nobis
1322 4928 1501 5011 significare
1525 4937 1669 4998 curarunt,

426 5049 458 5095 ut
483 5055 544 5095 una
570 5035 659 5097 litera
685 5049 791 5097 nostra
816 5037 1025 5118 privilegialis
1049 5055 1144 5117 super
1169 5037 1362 5116 quibusdam
1388 5037 1538 5098 domibus
1560 5051 1610 5094 seu
1631 5028 1666 5089 ci·
