<?xml version="1.0" encoding="UTF-8"?>
<!DOCTYPE html PUBLIC "-//W3C//DTD XHTML 1.0 Transitional//EN"
    "http://www.w3.org/TR/xhtml1/DTD/xhtml1-transitional.dtd">
<html xmlns="http://www.w3.org/1999/xhtml" xml:lang="en" lang="en">
 <head>
  <title>
</title>
<meta http-equiv="Content-Type" content="text/html;charset=utf-8" />
  <meta name='ocr-system' content='tesseract 3.04.00' />
  <meta name='ocr-capabilities' content='ocr_page ocr_carea ocr_par ocr_line ocrx_word'/>
</head>
<body>
  <div class='ocr_page' id='page_1' title='image "./monumentahistor13laszgoog_0359.png"; bbox 0 0 3694 5782; ppageno 0'>
   <div class='ocr_carea' id='block_1_1' title="bbox 152 486 1481 5044">
    <p class='ocr_par' dir='ltr' id='par_1_1' title="bbox 215 486 1479 1106">
     <span class='ocr_line' id='line_1_1' title="bbox 630 486 1479 572; baseline 0.002 -24"><span class='ocrx_word' id='word_1_1' title='bbox 630 491 717 548; x_wconf 82' lang='lat' dir='ltr'>Anno</span> <span class='ocrx_word' id='word_1_2' title='bbox 739 486 834 568; x_wconf 76' lang='lat'><em>1466.</em></span> <span class='ocrx_word' id='word_1_3' title='bbox 860 525 903 534; x_wconf 97' lang='lat'><em>-</em></span> <span class='ocrx_word' id='word_1_4' title='bbox 925 505 956 568; x_wconf 77' lang='lat'>4.</span> <span class='ocrx_word' id='word_1_5' title='bbox 973 489 1060 565; x_wconf 76' lang='lat' dir='ltr'>julii.</span> <span class='ocrx_word' id='word_1_6' title='bbox 1417 508 1479 572; x_wconf 85' lang='lat'>299</span> 
     </span>
     <span class='ocr_line' id='line_1_2' title="bbox 215 700 1478 782; baseline -0.001 -17"><span class='ocrx_word' id='word_1_7' title='bbox 215 705 256 765; x_wconf 84' lang='lat' dir='ltr'>ab</span> <span class='ocrx_word' id='word_1_8' title='bbox 281 721 356 780; x_wconf 85' lang='lat' dir='ltr'>una,</span> <span class='ocrx_word' id='word_1_9' title='bbox 379 715 411 763; x_wconf 92' lang='lat' dir='ltr'>er</span> <span class='ocrx_word' id='word_1_10' title='bbox 434 701 516 762; x_wconf 89' lang='lat' dir='ltr'>inter</span> <span class='ocrx_word' id='word_1_11' title='bbox 540 701 684 762; x_wconf 90' lang='lat' dir='ltr'>relictam</span> <span class='ocrx_word' id='word_1_12' title='bbox 710 701 839 764; x_wconf 88' lang='lat' dir='ltr'>Martini</span> <span class='ocrx_word' id='word_1_13' title='bbox 871 701 987 763; x_wconf 83' lang='lat' dir='ltr'>rasoria</span> <span class='ocrx_word' id='word_1_14' title='bbox 1018 700 1145 762; x_wconf 86' lang='lat' dir='ltr'>racione</span> <span class='ocrx_word' id='word_1_15' title='bbox 1171 701 1349 782; x_wconf 88' lang='lat' dir='ltr'>empciouis</span> <span class='ocrx_word' id='word_1_16' title='bbox 1373 702 1478 764; x_wconf 78' lang='lat' dir='ltr'>cuius-</span> 
     </span>
     <span class='ocr_line' id='line_1_3' title="bbox 216 805 1478 890; baseline -0.002 -19"><span class='ocrx_word' id='word_1_17' title='bbox 216 810 290 872; x_wconf 90' lang='lat' dir='ltr'>dam</span> <span class='ocrx_word' id='word_1_18' title='bbox 314 809 419 888; x_wconf 85' lang='lat' dir='ltr'>vinee,</span> <span class='ocrx_word' id='word_1_19' title='bbox 442 807 536 889; x_wconf 88' lang='lat' dir='ltr'>jurati</span> <span class='ocrx_word' id='word_1_20' title='bbox 561 806 840 890; x_wconf 84' lang='lat' dir='ltr'>adjudicaverunt,</span> <span class='ocrx_word' id='word_1_21' title='bbox 864 808 939 890; x_wconf 88' lang='lat' dir='ltr'>quia</span> <span class='ocrx_word' id='word_1_22' title='bbox 956 807 1085 869; x_wconf 91' lang='lat' dir='ltr'>mencio</span> <span class='ocrx_word' id='word_1_23' title='bbox 1109 826 1174 869; x_wconf 95' lang='lat' dir='ltr'>non</span> <span class='ocrx_word' id='word_1_24' title='bbox 1199 805 1260 869; x_wconf 91' lang='lat' dir='ltr'>fuit</span> <span class='ocrx_word' id='word_1_25' title='bbox 1284 806 1365 869; x_wconf 90' lang='lat' dir='ltr'>facta</span> <span class='ocrx_word' id='word_1_26' title='bbox 1390 808 1478 890; x_wconf 93' lang='lat' dir='ltr'>quod</span> 
     </span>
     <span class='ocr_line' id='line_1_4' title="bbox 215 913 1479 1000; baseline -0.002 -22"><span class='ocrx_word' id='word_1_27' title='bbox 215 918 284 1000; x_wconf 84' lang='lat' dir='ltr'>ipsa</span> <span class='ocrx_word' id='word_1_28' title='bbox 307 917 401 978; x_wconf 84' lang='lat' dir='ltr'>vinea</span> <span class='ocrx_word' id='word_1_29' title='bbox 426 934 491 977; x_wconf 91' lang='lat' dir='ltr'>uon</span> <span class='ocrx_word' id='word_1_30' title='bbox 516 914 556 976; x_wconf 86' lang='lat' dir='ltr'>sit</span> <span class='ocrx_word' id='word_1_31' title='bbox 572 913 613 976; x_wconf 89' lang='lat' dir='ltr'>ad</span> <span class='ocrx_word' id='word_1_32' title='bbox 638 934 781 994; x_wconf 86' lang='lat' dir='ltr'>censum,</span> <span class='ocrx_word' id='word_1_33' title='bbox 805 934 882 996; x_wconf 88' lang='lat' dir='ltr'>ergo</span> <span class='ocrx_word' id='word_1_34' title='bbox 906 914 966 997; x_wconf 83' lang='lat' dir='ltr'>ipsi</span> <span class='ocrx_word' id='word_1_35' title='bbox 983 913 1103 978; x_wconf 88' lang='lat' dir='ltr'>debent</span> <span class='ocrx_word' id='word_1_36' title='bbox 1127 913 1304 976; x_wconf 78' lang='lat' dir='ltr'>contentari</span> <span class='ocrx_word' id='word_1_37' title='bbox 1329 927 1360 976; x_wconf 87' lang='lat' dir='ltr'>et</span> <span class='ocrx_word' id='word_1_38' title='bbox 1377 915 1479 998; x_wconf 78' lang='lat' dir='ltr'>ipsam</span> 
     </span>
     <span class='ocr_line' id='line_1_5' title="bbox 216 1021 547 1106; baseline -0.003 -21"><span class='ocrx_word' id='word_1_39' title='bbox 216 1021 382 1106; x_wconf 87' lang='lat' dir='ltr'>pacificam</span> <span class='ocrx_word' id='word_1_40' title='bbox 410 1023 547 1085; x_wconf 90' lang='lat' dir='ltr'>mittere.</span> 
     </span>
    </p>

    <p class='ocr_par' dir='ltr' id='par_1_2' title="bbox 213 1126 1481 1744">
     <span class='ocr_line' id='line_1_6' title="bbox 322 1126 1481 1210; baseline -0.001 -19"><span class='ocrx_word' id='word_1_41' title='bbox 322 1128 399 1192; x_wconf 88' lang='lat' dir='ltr'><strong>Item</strong></span> <span class='ocrx_word' id='word_1_42' title='bbox 424 1129 500 1210; x_wconf 88' lang='lat' dir='ltr'>quia</span> <span class='ocrx_word' id='word_1_43' title='bbox 532 1127 679 1190; x_wconf 80' lang='lat' dir='ltr'><strong>Thomas</strong></span> <span class='ocrx_word' id='word_1_44' title='bbox 711 1126 845 1190; x_wconf 89' lang='lat' dir='ltr'>Cheden</span> <span class='ocrx_word' id='word_1_45' title='bbox 877 1127 1070 1209; x_wconf 79' lang='lat' dir='ltr'>vituperavit</span> <span class='ocrx_word' id='word_1_46' title='bbox 1102 1127 1283 1190; x_wconf 77' lang='lat' dir='ltr'>iohannem</span> <span class='ocrx_word' id='word_1_47' title='bbox 1308 1127 1425 1191; x_wconf 82' lang='lat' dir='ltr'>Bolsalr</span> <span class='ocrx_word' id='word_1_48' title='bbox 1449 1141 1481 1190; x_wconf 89' lang='lat' dir='ltr'>et</span> 
     </span>
     <span class='ocr_line' id='line_1_7' title="bbox 217 1233 1480 1318; baseline -0.002 -20"><span class='ocrx_word' id='word_1_49' title='bbox 217 1236 360 1298; x_wconf 83' lang='lat' dir='ltr'>Blasium</span> <span class='ocrx_word' id='word_1_50' title='bbox 385 1233 611 1318; x_wconf 87' lang='lat' dir='ltr'>Ztoymylycb,</span> <span class='ocrx_word' id='word_1_51' title='bbox 642 1235 718 1316; x_wconf 90' lang='lat' dir='ltr'>quia</span> <span class='ocrx_word' id='word_1_52' title='bbox 750 1233 814 1316; x_wconf 86' lang='lat' dir='ltr'>jam</span> <span class='ocrx_word' id='word_1_53' title='bbox 839 1233 939 1296; x_wconf 87' lang='lat' dir='ltr'>semel</span> <span class='ocrx_word' id='word_1_54' title='bbox 972 1233 1170 1316; x_wconf 85' lang='lat' dir='ltr'>conscriptus</span> <span class='ocrx_word' id='word_1_55' title='bbox 1201 1247 1247 1296; x_wconf 84' lang='lat' dir='ltr'>est</span> <span class='ocrx_word' id='word_1_56' title='bbox 1270 1235 1303 1296; x_wconf 92' lang='lat' dir='ltr'>in</span> <span class='ocrx_word' id='word_1_57' title='bbox 1328 1233 1480 1296; x_wconf 86' lang='lat' dir='ltr'>catherno</span> 
     </span>
     <span class='ocr_line' id='line_1_8' title="bbox 215 1339 1479 1424; baseline -0.002 -19"><span class='ocrx_word' id='word_1_58' title='bbox 215 1357 246 1405; x_wconf 92' lang='lat' dir='ltr'>et</span> <span class='ocrx_word' id='word_1_59' title='bbox 270 1341 331 1404; x_wconf 94' lang='lat' dir='ltr'>fuit</span> <span class='ocrx_word' id='word_1_60' title='bbox 346 1341 406 1404; x_wconf 84' lang='lat' dir='ltr'>sibi</span> <span class='ocrx_word' id='word_1_61' title='bbox 430 1339 513 1404; x_wconf 84' lang='lat' dir='ltr'>facta</span> <span class='ocrx_word' id='word_1_62' title='bbox 530 1341 617 1402; x_wconf 89' lang='lat' dir='ltr'>mina</span> <span class='ocrx_word' id='word_1_63' title='bbox 634 1339 734 1403; x_wconf 91' lang='lat' dir='ltr'>modo</span> <span class='ocrx_word' id='word_1_64' title='bbox 757 1340 948 1402; x_wconf 87' lang='lat' dir='ltr'>secundario</span> <span class='ocrx_word' id='word_1_65' title='bbox 972 1341 1118 1424; x_wconf 84' lang='lat' dir='ltr'>patravit,</span> <span class='ocrx_word' id='word_1_66' title='bbox 1144 1340 1217 1402; x_wconf 89' lang='lat' dir='ltr'>ideo</span> <span class='ocrx_word' id='word_1_67' title='bbox 1242 1341 1408 1403; x_wconf 82' lang='lat' dir='ltr'>convictus</span> <span class='ocrx_word' id='word_1_68' title='bbox 1432 1353 1479 1403; x_wconf 85' lang='lat' dir='ltr'>eat</span> 
     </span>
     <span class='ocr_line' id='line_1_9' title="bbox 217 1446 1480 1530; baseline -0.002 -20"><span class='ocrx_word' id='word_1_69' title='bbox 217 1462 328 1511; x_wconf 90' lang='lat' dir='ltr'>contra</span> <span class='ocrx_word' id='word_1_70' title='bbox 353 1449 532 1530; x_wconf 89' lang='lat' dir='ltr'>quemlibet</span> <span class='ocrx_word' id='word_1_71' title='bbox 548 1466 660 1509; x_wconf 89' lang='lat' dir='ltr'>eorum</span> <span class='ocrx_word' id='word_1_72' title='bbox 679 1447 711 1508; x_wconf 91' lang='lat' dir='ltr'>iu</span> <span class='ocrx_word' id='word_1_73' title='bbox 736 1446 846 1510; x_wconf 90' lang='lat' dir='ltr'>decern</span> <span class='ocrx_word' id='word_1_74' title='bbox 864 1447 970 1530; x_wconf 86' lang='lat' dir='ltr'>pensis</span> <span class='ocrx_word' id='word_1_75' title='bbox 994 1446 1211 1526; x_wconf 86' lang='lat' dir='ltr'>denariorum,</span> <span class='ocrx_word' id='word_1_76' title='bbox 1236 1460 1266 1509; x_wconf 92' lang='lat' dir='ltr'>et</span> <span class='ocrx_word' id='word_1_77' title='bbox 1282 1447 1307 1508; x_wconf 83' lang='lat' dir='ltr'>ai</span> <span class='ocrx_word' id='word_1_78' title='bbox 1333 1447 1480 1509; x_wconf 89' lang='lat' dir='ltr'>terciario</span> 
     </span>
     <span class='ocr_line' id='line_1_10' title="bbox 216 1551 1479 1637; baseline -0.002 -20"><span class='ocrx_word' id='word_1_79' title='bbox 216 1556 247 1617; x_wconf 93' lang='lat' dir='ltr'>in</span> <span class='ocrx_word' id='word_1_80' title='bbox 272 1555 371 1617; x_wconf 80' lang='lat' dir='ltr'>simili</span> <span class='ocrx_word' id='word_1_81' title='bbox 395 1553 646 1637; x_wconf 83' lang='lat' dir='ltr'>comprehensus</span> <span class='ocrx_word' id='word_1_82' title='bbox 670 1551 776 1634; x_wconf 85' lang='lat' dir='ltr'>fuerit,</span> <span class='ocrx_word' id='word_1_83' title='bbox 799 1573 917 1636; x_wconf 90' lang='lat' dir='ltr'>penam</span> <span class='ocrx_word' id='word_1_84' title='bbox 942 1553 973 1615; x_wconf 93' lang='lat' dir='ltr'>in</span> <span class='ocrx_word' id='word_1_85' title='bbox 991 1566 1110 1616; x_wconf 84' lang='lat' dir='ltr'>statuto</span> <span class='ocrx_word' id='word_1_86' title='bbox 1135 1553 1218 1616; x_wconf 90' lang='lat' dir='ltr'>dicte</span> <span class='ocrx_word' id='word_1_87' title='bbox 1244 1553 1380 1615; x_wconf 85' lang='lat' dir='ltr'>civitatis</span> <span class='ocrx_word' id='word_1_88' title='bbox 1404 1573 1479 1617; x_wconf 94' lang='lat' dir='ltr'>con-</span> 
     </span>
     <span class='ocr_line' id='line_1_11' title="bbox 213 1662 513 1744; baseline -0.013 -18"><span class='ocrx_word' id='word_1_89' title='bbox 213 1677 335 1726; x_wconf 90' lang='lat' dir='ltr'>tentam</span> <span class='ocrx_word' id='word_1_90' title='bbox 360 1662 513 1744; x_wconf 84' lang='lat' dir='ltr'>pacietur.</span> 
     </span>
    </p>

    <p class='ocr_par' dir='ltr' id='par_1_3' title="bbox 215 1765 1480 2064">
     <span class='ocr_line' id='line_1_12' title="bbox 320 1765 1478 1850; baseline -0.003 -20"><span class='ocrx_word' id='word_1_91' title='bbox 320 1767 398 1830; x_wconf 86' lang='lat' dir='ltr'>ltem</span> <span class='ocrx_word' id='word_1_92' title='bbox 422 1787 551 1830; x_wconf 85' lang='lat' dir='ltr'>causam</span> <span class='ocrx_word' id='word_1_93' title='bbox 569 1767 650 1829; x_wconf 88' lang='lat' dir='ltr'>inter</span> <span class='ocrx_word' id='word_1_94' title='bbox 668 1765 799 1829; x_wconf 89' lang='lat' dir='ltr'>Bartbol</span> <span class='ocrx_word' id='word_1_95' title='bbox 816 1767 1000 1830; x_wconf 88' lang='lat' dir='ltr'>sellatorem</span> <span class='ocrx_word' id='word_1_96' title='bbox 1018 1781 1049 1830; x_wconf 87' lang='lat' dir='ltr'>et</span> <span class='ocrx_word' id='word_1_97' title='bbox 1070 1769 1152 1829; x_wconf 88' lang='lat' dir='ltr'>iuter</span> <span class='ocrx_word' id='word_1_98' title='bbox 1169 1765 1333 1829; x_wconf 90' lang='lat' dir='ltr'>Thomam</span> <span class='ocrx_word' id='word_1_99' title='bbox 1351 1765 1478 1850; x_wconf 88' lang='lat' dir='ltr'>Glazyn</span> 
     </span>
     <span class='ocr_line' id='line_1_13' title="bbox 217 1871 1480 1956; baseline -0.002 -20"><span class='ocrx_word' id='word_1_100' title='bbox 217 1875 347 1936; x_wconf 78' lang='lat' dir='ltr'>racione</span> <span class='ocrx_word' id='word_1_101' title='bbox 371 1875 467 1936; x_wconf 84' lang='lat' dir='ltr'>unius</span> <span class='ocrx_word' id='word_1_102' title='bbox 490 1873 580 1952; x_wconf 86' lang='lat' dir='ltr'>selle,</span> <span class='ocrx_word' id='word_1_103' title='bbox 604 1871 698 1956; x_wconf 90' lang='lat' dir='ltr'>jurati</span> <span class='ocrx_word' id='word_1_104' title='bbox 723 1872 953 1936; x_wconf 83' lang='lat' dir='ltr'>confirmarunt</span> <span class='ocrx_word' id='word_1_105' title='bbox 976 1873 1132 1956; x_wconf 92' lang='lat' dir='ltr'>judicium</span> <span class='ocrx_word' id='word_1_106' title='bbox 1157 1873 1256 1934; x_wconf 89' lang='lat' dir='ltr'>Marci</span> <span class='ocrx_word' id='word_1_107' title='bbox 1281 1871 1375 1954; x_wconf 89' lang='lat' dir='ltr'>jurati</span> <span class='ocrx_word' id='word_1_108' title='bbox 1399 1873 1480 1934; x_wconf 91' lang='lat' dir='ltr'>sicut</span> 
     </span>
     <span class='ocr_line' id='line_1_14' title="bbox 215 1979 514 2064; baseline 0.007 -22"><span class='ocrx_word' id='word_1_109' title='bbox 215 1981 283 2064; x_wconf 89' lang='lat' dir='ltr'>ipse</span> <span class='ocrx_word' id='word_1_110' title='bbox 308 1979 514 2062; x_wconf 74' lang='lat' dir='ltr'>adjudicavit.</span> 
     </span>
    </p>

    <p class='ocr_par' dir='ltr' id='par_1_4' title="bbox 211 2086 1480 2489">
     <span class='ocr_line' id='line_1_15' title="bbox 323 2086 1479 2170; baseline 0 -22"><span class='ocrx_word' id='word_1_111' title='bbox 323 2087 401 2149; x_wconf 87' lang='lat' dir='ltr'>ltem</span> <span class='ocrx_word' id='word_1_112' title='bbox 426 2106 554 2149; x_wconf 89' lang='lat' dir='ltr'>causam</span> <span class='ocrx_word' id='word_1_113' title='bbox 579 2087 662 2149; x_wconf 92' lang='lat' dir='ltr'>inter</span> <span class='ocrx_word' id='word_1_114' title='bbox 686 2086 889 2149; x_wconf 86' lang='lat' dir='ltr'><strong>Clementem</strong></span> <span class='ocrx_word' id='word_1_115' title='bbox 923 2086 1188 2170; x_wconf 87' lang='lat' dir='ltr'>Chwthlroyczyn</span> <span class='ocrx_word' id='word_1_116' title='bbox 1220 2101 1251 2150; x_wconf 91' lang='lat' dir='ltr'>et</span> <span class='ocrx_word' id='word_1_117' title='bbox 1278 2087 1360 2149; x_wconf 92' lang='lat' dir='ltr'>inter</span> <span class='ocrx_word' id='word_1_118' title='bbox 1384 2087 1479 2148; x_wconf 89' lang='lat' dir='ltr'>Nico·</span> 
     </span>
     <span class='ocr_line' id='line_1_16' title="bbox 212 2191 1480 2276; baseline -0.003 -20"><span class='ocrx_word' id='word_1_119' title='bbox 212 2193 301 2256; x_wconf 89' lang='lat' dir='ltr'>laum</span> <span class='ocrx_word' id='word_1_120' title='bbox 328 2192 451 2256; x_wconf 85' lang='lat' dir='ltr'>Saffran</span> <span class='ocrx_word' id='word_1_121' title='bbox 476 2193 610 2272; x_wconf 88' lang='lat' dir='ltr'>dictum,</span> <span class='ocrx_word' id='word_1_122' title='bbox 642 2193 771 2256; x_wconf 85' lang='lat' dir='ltr'>racione</span> <span class='ocrx_word' id='word_1_123' title='bbox 804 2193 971 2256; x_wconf 86' lang='lat' dir='ltr'>cuiusdam</span> <span class='ocrx_word' id='word_1_124' title='bbox 1002 2193 1132 2276; x_wconf 85' lang='lat' dir='ltr'>auspicii</span> <span class='ocrx_word' id='word_1_125' title='bbox 1165 2193 1229 2255; x_wconf 90' lang='lat' dir='ltr'>feni</span> <span class='ocrx_word' id='word_1_126' title='bbox 1254 2205 1285 2255; x_wconf 91' lang='lat' dir='ltr'>et</span> <span class='ocrx_word' id='word_1_127' title='bbox 1309 2191 1480 2270; x_wconf 75' lang='lat' dir='ltr'>straminis,</span> 
     </span>
     <span class='ocr_line' id='line_1_17' title="bbox 213 2297 1480 2382; baseline 0 -21"><span class='ocrx_word' id='word_1_128' title='bbox 213 2299 308 2380; x_wconf 87' lang='lat' dir='ltr'>jurati</span> <span class='ocrx_word' id='word_1_129' title='bbox 333 2297 527 2381; x_wconf 88' lang='lat' dir='ltr'>judicarunt,</span> <span class='ocrx_word' id='word_1_130' title='bbox 552 2297 640 2381; x_wconf 92' lang='lat' dir='ltr'>quod</span> <span class='ocrx_word' id='word_1_131' title='bbox 665 2299 733 2382; x_wconf 89' lang='lat' dir='ltr'>ipse</span> <span class='ocrx_word' id='word_1_132' title='bbox 758 2299 911 2362; x_wconf 84' lang='lat' dir='ltr'>Nicolaua</span> <span class='ocrx_word' id='word_1_133' title='bbox 943 2299 1040 2362; x_wconf 89' lang='lat' dir='ltr'>debet</span> <span class='ocrx_word' id='word_1_134' title='bbox 1069 2298 1172 2382; x_wconf 87' lang='lat' dir='ltr'>jurare</span> <span class='ocrx_word' id='word_1_135' title='bbox 1200 2299 1384 2361; x_wconf 86' lang='lat' dir='ltr'>terciusmet</span> <span class='ocrx_word' id='word_1_136' title='bbox 1407 2312 1480 2382; x_wconf 87' lang='lat' dir='ltr'>post</span> 
     </span>
     <span class='ocr_line' id='line_1_18' title="bbox 211 2404 756 2489; baseline 0.002 -21"><span class='ocrx_word' id='word_1_137' title='bbox 211 2405 360 2488; x_wconf 81' lang='lat' dir='ltr'>frangam</span> <span class='ocrx_word' id='word_1_138' title='bbox 384 2404 463 2468; x_wconf 90' lang='lat' dir='ltr'>feria</span> <span class='ocrx_word' id='word_1_139' title='bbox 486 2419 574 2468; x_wconf 88' lang='lat' dir='ltr'>sexta</span> <span class='ocrx_word' id='word_1_140' title='bbox 599 2405 756 2489; x_wconf 89' lang='lat' dir='ltr'>proxima.</span> 
     </span>
    </p>

    <p class='ocr_par' dir='ltr' id='par_1_5' title="bbox 213 2511 1479 2702">
     <span class='ocr_line' id='line_1_19' title="bbox 320 2511 1479 2596; baseline -0.003 -21"><span class='ocrx_word' id='word_1_141' title='bbox 320 2513 399 2575; x_wconf 86' lang='lat' dir='ltr'>Item</span> <span class='ocrx_word' id='word_1_142' title='bbox 424 2532 553 2575; x_wconf 86' lang='lat' dir='ltr'>causam</span> <span class='ocrx_word' id='word_1_143' title='bbox 577 2513 660 2576; x_wconf 91' lang='lat' dir='ltr'>inter</span> <span class='ocrx_word' id='word_1_144' title='bbox 683 2512 821 2574; x_wconf 89' lang='lat' dir='ltr'>Paulum</span> <span class='ocrx_word' id='word_1_145' title='bbox 845 2511 1044 2576; x_wconf 78' lang='lat' dir='ltr'>aurifabrum</span> <span class='ocrx_word' id='word_1_146' title='bbox 1061 2525 1092 2575; x_wconf 94' lang='lat' dir='ltr'>et</span> <span class='ocrx_word' id='word_1_147' title='bbox 1109 2513 1241 2575; x_wconf 87' lang='lat' dir='ltr'>Rawsar</span> <span class='ocrx_word' id='word_1_148' title='bbox 1265 2524 1479 2596; x_wconf 82' lang='lat' dir='ltr'>prorogarunt</span> 
     </span>
     <span class='ocr_line' id='line_1_20' title="bbox 213 2618 1478 2702; baseline -0.001 -20"><span class='ocrx_word' id='word_1_149' title='bbox 213 2639 317 2702; x_wconf 83' lang='lat' dir='ltr'>usque</span> <span class='ocrx_word' id='word_1_150' title='bbox 331 2619 471 2702; x_wconf 91' lang='lat' dir='ltr'>primum</span> <span class='ocrx_word' id='word_1_151' title='bbox 482 2619 650 2700; x_wconf 87' lang='lat' dir='ltr'>judicium,</span> <span class='ocrx_word' id='word_1_152' title='bbox 663 2619 688 2680; x_wconf 84' lang='lat' dir='ltr'>si</span> <span class='ocrx_word' id='word_1_153' title='bbox 702 2638 767 2680; x_wconf 90' lang='lat' dir='ltr'>non</span> <span class='ocrx_word' id='word_1_154' title='bbox 782 2632 932 2702; x_wconf 84' lang='lat' dir='ltr'>poterunt</span> <span class='ocrx_word' id='word_1_155' title='bbox 942 2619 1137 2682; x_wconf 89' lang='lat' dir='ltr'>concordare</span> <span class='ocrx_word' id='word_1_156' title='bbox 1150 2633 1267 2682; x_wconf 83' lang='lat' dir='ltr'>extunc</span> <span class='ocrx_word' id='word_1_157' title='bbox 1276 2618 1478 2702; x_wconf 82' lang='lat' dir='ltr'>judicabitur.</span> 
     </span>
    </p>

    <p class='ocr_par' dir='ltr' id='par_1_6' title="bbox 214 2725 1480 2915">
     <span class='ocr_line' id='line_1_21' title="bbox 321 2725 1480 2788; baseline -0.001 -1"><span class='ocrx_word' id='word_1_158' title='bbox 321 2725 399 2787; x_wconf 90' lang='lat' dir='ltr'>Item</span> <span class='ocrx_word' id='word_1_159' title='bbox 424 2745 518 2788; x_wconf 87' lang='lat' dir='ltr'>causa</span> <span class='ocrx_word' id='word_1_160' title='bbox 542 2725 625 2787; x_wconf 91' lang='lat' dir='ltr'>inter</span> <span class='ocrx_word' id='word_1_161' title='bbox 649 2725 793 2787; x_wconf 86' lang='lat' dir='ltr'>Blasium</span> <span class='ocrx_word' id='word_1_162' title='bbox 817 2725 999 2788; x_wconf 88' lang='lat' dir='ltr'>carnificem</span> <span class='ocrx_word' id='word_1_163' title='bbox 1024 2725 1064 2788; x_wconf 90' lang='lat' dir='ltr'>de</span> <span class='ocrx_word' id='word_1_164' title='bbox 1089 2726 1161 2788; x_wconf 81' lang='lat' dir='ltr'>vico</span> <span class='ocrx_word' id='word_1_165' title='bbox 1185 2726 1320 2787; x_wconf 84' lang='lat' dir='ltr'>Abbatis</span> <span class='ocrx_word' id='word_1_166' title='bbox 1344 2738 1375 2786; x_wconf 89' lang='lat' dir='ltr'>et</span> <span class='ocrx_word' id='word_1_167' title='bbox 1399 2725 1480 2786; x_wconf 87' lang='lat' dir='ltr'>inter</span> 
     </span>
     <span class='ocr_line' id='line_1_22' title="bbox 214 2830 1320 2915; baseline 0.002 -23"><span class='ocrx_word' id='word_1_168' title='bbox 214 2831 430 2894; x_wconf 85' lang='lat' dir='ltr'>Laurencium</span> <span class='ocrx_word' id='word_1_169' title='bbox 455 2851 566 2914; x_wconf 88' lang='lat' dir='ltr'>sporar</span> <span class='ocrx_word' id='word_1_170' title='bbox 591 2844 637 2893; x_wconf 82' lang='lat' dir='ltr'>est</span> <span class='ocrx_word' id='word_1_171' title='bbox 660 2845 832 2915; x_wconf 88' lang='lat' dir='ltr'>prorogata</span> <span class='ocrx_word' id='word_1_172' title='bbox 856 2851 959 2914; x_wconf 86' lang='lat' dir='ltr'>usque</span> <span class='ocrx_word' id='word_1_173' title='bbox 987 2833 1128 2914; x_wconf 90' lang='lat' dir='ltr'>primum</span> <span class='ocrx_word' id='word_1_174' title='bbox 1152 2830 1320 2914; x_wconf 89' lang='lat' dir='ltr'>judicium.</span> 
     </span>
    </p>

    <p class='ocr_par' dir='ltr' id='par_1_7' title="bbox 215 2937 1480 3448">
     <span class='ocr_line' id='line_1_23' title="bbox 321 2937 1479 3022; baseline 0.001 -23"><span class='ocrx_word' id='word_1_175' title='bbox 321 2937 399 3000; x_wconf 88' lang='lat' dir='ltr'>Item</span> <span class='ocrx_word' id='word_1_176' title='bbox 424 2937 572 3000; x_wconf 89' lang='lat' dir='ltr'>Vrbanus</span> <span class='ocrx_word' id='word_1_177' title='bbox 589 2938 733 3018; x_wconf 85' lang='lat' dir='ltr'>claudus,</span> <span class='ocrx_word' id='word_1_178' title='bbox 751 2959 852 3022; x_wconf 87' lang='lat' dir='ltr'>prope</span> <span class='ocrx_word' id='word_1_179' title='bbox 869 2953 1014 3002; x_wconf 85' lang='lat' dir='ltr'>sanctum</span> <span class='ocrx_word' id='word_1_180' title='bbox 1033 2939 1219 3018; x_wconf 69' lang='lat' dir='ltr'>flaminum,</span> <span class='ocrx_word' id='word_1_181' title='bbox 1243 2939 1372 3002; x_wconf 86' lang='lat' dir='ltr'>racione</span> <span class='ocrx_word' id='word_1_182' title='bbox 1390 2937 1479 3002; x_wconf 90' lang='lat' dir='ltr'>furti·</span> 
     </span>
     <span class='ocr_line' id='line_1_24' title="bbox 215 3043 1479 3128; baseline 0.001 -23"><span class='ocrx_word' id='word_1_183' title='bbox 215 3044 290 3105; x_wconf 92' lang='lat' dir='ltr'>cinii</span> <span class='ocrx_word' id='word_1_184' title='bbox 315 3043 481 3106; x_wconf 88' lang='lat' dir='ltr'>cuiusdam</span> <span class='ocrx_word' id='word_1_185' title='bbox 507 3043 588 3106; x_wconf 91' lang='lat' dir='ltr'>milii</span> <span class='ocrx_word' id='word_1_186' title='bbox 621 3044 848 3128; x_wconf 85' lang='lat' dir='ltr'>Chehkoycze‚</span> <span class='ocrx_word' id='word_1_187' title='bbox 873 3059 904 3108; x_wconf 90' lang='lat' dir='ltr'>et</span> <span class='ocrx_word' id='word_1_188' title='bbox 925 3065 1057 3108; x_wconf 80' lang='lat' dir='ltr'>uxorem</span> <span class='ocrx_word' id='word_1_189' title='bbox 1089 3045 1147 3107; x_wconf 85' lang='lat' dir='ltr'>filii</span> <span class='ocrx_word' id='word_1_190' title='bbox 1178 3045 1322 3108; x_wconf 88' lang='lat' dir='ltr'>eiusdem</span> <span class='ocrx_word' id='word_1_191' title='bbox 1346 3045 1479 3124; x_wconf 91' lang='lat' dir='ltr'>Vrbani‚</span> 
     </span>
     <span class='ocr_line' id='line_1_25' title="bbox 216 3151 1479 3236; baseline 0.002 -24"><span class='ocrx_word' id='word_1_192' title='bbox 216 3151 282 3232; x_wconf 87' lang='lat' dir='ltr'>ipse</span> <span class='ocrx_word' id='word_1_193' title='bbox 307 3151 455 3213; x_wconf 87' lang='lat' dir='ltr'>Vrbanus</span> <span class='ocrx_word' id='word_1_194' title='bbox 479 3151 582 3234; x_wconf 89' lang='lat' dir='ltr'>jurare</span> <span class='ocrx_word' id='word_1_195' title='bbox 606 3152 767 3214; x_wconf 90' lang='lat' dir='ltr'>tenebitur</span> <span class='ocrx_word' id='word_1_196' title='bbox 798 3152 982 3215; x_wconf 85' lang='lat' dir='ltr'>terciusmet</span> <span class='ocrx_word' id='word_1_197' title='bbox 1007 3151 1084 3214; x_wconf 90' lang='lat' dir='ltr'>feria</span> <span class='ocrx_word' id='word_1_198' title='bbox 1115 3167 1202 3214; x_wconf 85' lang='lat' dir='ltr'>sexta</span> <span class='ocrx_word' id='word_1_199' title='bbox 1226 3167 1299 3236; x_wconf 87' lang='lat' dir='ltr'>post</span> <span class='ocrx_word' id='word_1_200' title='bbox 1323 3151 1479 3233; x_wconf 85' lang='lat' dir='ltr'>frangam,</span> 
     </span>
     <span class='ocr_line' id='line_1_26' title="bbox 217 3257 1480 3342; baseline 0.002 -24"><span class='ocrx_word' id='word_1_201' title='bbox 217 3257 304 3339; x_wconf 92' lang='lat' dir='ltr'>quod</span> <span class='ocrx_word' id='word_1_202' title='bbox 330 3257 397 3340; x_wconf 86' lang='lat' dir='ltr'>ipse</span> <span class='ocrx_word' id='word_1_203' title='bbox 422 3277 481 3320; x_wconf 89' lang='lat' dir='ltr'>nec</span> <span class='ocrx_word' id='word_1_204' title='bbox 505 3258 551 3319; x_wconf 93' lang='lat' dir='ltr'>nil</span> <span class='ocrx_word' id='word_1_205' title='bbox 576 3279 635 3320; x_wconf 91' lang='lat' dir='ltr'>nec</span> <span class='ocrx_word' id='word_1_206' title='bbox 659 3259 825 3322; x_wconf 91' lang='lat' dir='ltr'>modicum</span> <span class='ocrx_word' id='word_1_207' title='bbox 857 3259 1003 3321; x_wconf 85' lang='lat' dir='ltr'>conscius</span> <span class='ocrx_word' id='word_1_208' title='bbox 1027 3273 1073 3320; x_wconf 86' lang='lat' dir='ltr'>est</span> <span class='ocrx_word' id='word_1_209' title='bbox 1098 3260 1129 3320; x_wconf 93' lang='lat' dir='ltr'>in</span> <span class='ocrx_word' id='word_1_210' title='bbox 1155 3259 1225 3342; x_wconf 85' lang='lat' dir='ltr'>ipso</span> <span class='ocrx_word' id='word_1_211' title='bbox 1250 3257 1424 3338; x_wconf 88' lang='lat' dir='ltr'>furticinio‚</span> <span class='ocrx_word' id='word_1_212' title='bbox 1449 3273 1480 3320; x_wconf 89' lang='lat' dir='ltr'>et</span> 
     </span>
     <span class='ocr_line' id='line_1_27' title="bbox 218 3363 1478 3448; baseline 0.003 -25"><span class='ocrx_word' id='word_1_213' title='bbox 218 3363 261 3424; x_wconf 87' lang='lat' dir='ltr'>sic</span> <span class='ocrx_word' id='word_1_214' title='bbox 277 3363 394 3426; x_wconf 88' lang='lat' dir='ltr'>eodem</span> <span class='ocrx_word' id='word_1_215' title='bbox 408 3363 507 3426; x_wconf 91' lang='lat' dir='ltr'>modo</span> <span class='ocrx_word' id='word_1_216' title='bbox 521 3383 652 3426; x_wconf 85' lang='lat' dir='ltr'>consors</span> <span class='ocrx_word' id='word_1_217' title='bbox 666 3363 722 3426; x_wconf 90' lang='lat' dir='ltr'>filii</span> <span class='ocrx_word' id='word_1_218' title='bbox 737 3365 880 3427; x_wconf 89' lang='lat' dir='ltr'>eiusdem</span> <span class='ocrx_word' id='word_1_219' title='bbox 895 3365 1060 3428; x_wconf 90' lang='lat' dir='ltr'>terciamet</span> <span class='ocrx_word' id='word_1_220' title='bbox 1077 3365 1223 3448; x_wconf 85' lang='lat' dir='ltr'>personis</span> <span class='ocrx_word' id='word_1_221' title='bbox 1235 3365 1296 3426; x_wconf 87' lang='lat' dir='ltr'>sibi</span> <span class='ocrx_word' id='word_1_222' title='bbox 1309 3363 1478 3427; x_wconf 89' lang='lat' dir='ltr'>similibus.</span> 
     </span>
    </p>

    <p class='ocr_par' dir='ltr' id='par_1_8' title="bbox 217 3469 1480 3974">
     <span class='ocr_line' id='line_1_28' title="bbox 321 3469 1478 3553; baseline 0 -22"><span class='ocrx_word' id='word_1_223' title='bbox 321 3470 401 3531; x_wconf 91' lang='lat' dir='ltr'>Item</span> <span class='ocrx_word' id='word_1_224' title='bbox 426 3490 555 3532; x_wconf 86' lang='lat' dir='ltr'>causam</span> <span class='ocrx_word' id='word_1_225' title='bbox 581 3471 662 3533; x_wconf 91' lang='lat' dir='ltr'>inter</span> <span class='ocrx_word' id='word_1_226' title='bbox 687 3469 850 3532; x_wconf 89' lang='lat' dir='ltr'>Thomam</span> <span class='ocrx_word' id='word_1_227' title='bbox 884 3485 915 3533; x_wconf 89' lang='lat' dir='ltr'>et</span> <span class='ocrx_word' id='word_1_228' title='bbox 939 3472 1021 3532; x_wconf 91' lang='lat' dir='ltr'>inter</span> <span class='ocrx_word' id='word_1_229' title='bbox 1046 3472 1229 3533; x_wconf 89' lang='lat' dir='ltr'>Emericum</span> <span class='ocrx_word' id='word_1_230' title='bbox 1255 3470 1478 3553; x_wconf 88' lang='lat' dir='ltr'>Sydowchych</span> 
     </span>
     <span class='ocr_line' id='line_1_29' title="bbox 217 3574 1480 3660; baseline 0.002 -24"><span class='ocrx_word' id='word_1_231' title='bbox 217 3574 309 3655; x_wconf 87' lang='lat' dir='ltr'>jurati</span> <span class='ocrx_word' id='word_1_232' title='bbox 334 3575 570 3658; x_wconf 66' lang='lat' dir='ltr'>adjudicarunt,</span> <span class='ocrx_word' id='word_1_233' title='bbox 595 3579 669 3658; x_wconf 86' lang='lat' dir='ltr'>quia</span> <span class='ocrx_word' id='word_1_234' title='bbox 695 3577 762 3659; x_wconf 87' lang='lat' dir='ltr'>ipse</span> <span class='ocrx_word' id='word_1_235' title='bbox 788 3577 955 3639; x_wconf 88' lang='lat' dir='ltr'>Emericus</span> <span class='ocrx_word' id='word_1_236' title='bbox 986 3577 1211 3660; x_wconf 89' lang='lat' dir='ltr'>potencialiter</span> <span class='ocrx_word' id='word_1_237' title='bbox 1236 3578 1354 3660; x_wconf 88' lang='lat' dir='ltr'>recepit</span> <span class='ocrx_word' id='word_1_238' title='bbox 1378 3597 1480 3658; x_wconf 83' lang='lat' dir='ltr'>equos</span> 
     </span>
     <span class='ocr_line' id='line_1_30' title="bbox 218 3680 1478 3768; baseline 0.002 -25"><span class='ocrx_word' id='word_1_239' title='bbox 218 3680 451 3762; x_wconf 88' lang='lat' dir='ltr'>Corintiorum,</span> <span class='ocrx_word' id='word_1_240' title='bbox 475 3703 552 3765; x_wconf 91' lang='lat' dir='ltr'>ergo</span> <span class='ocrx_word' id='word_1_241' title='bbox 584 3683 610 3745; x_wconf 91' lang='lat' dir='ltr'>si</span> <span class='ocrx_word' id='word_1_242' title='bbox 643 3683 704 3746; x_wconf 91' lang='lat' dir='ltr'>fuit</span> <span class='ocrx_word' id='word_1_243' title='bbox 731 3703 910 3768; x_wconf 84' lang='lat' dir='ltr'>percussus,</span> <span class='ocrx_word' id='word_1_244' title='bbox 936 3684 1017 3746; x_wconf 93' lang='lat' dir='ltr'>illud</span> <span class='ocrx_word' id='word_1_245' title='bbox 1049 3685 1206 3748; x_wconf 83' lang='lat' dir='ltr'>sustinere</span> <span class='ocrx_word' id='word_1_246' title='bbox 1230 3685 1336 3762; x_wconf 90' lang='lat' dir='ltr'>debet,</span> <span class='ocrx_word' id='word_1_247' title='bbox 1368 3697 1478 3746; x_wconf 88' lang='lat' dir='ltr'>contra</span> 
     </span>
     <span class='ocr_line' id='line_1_31' title="bbox 218 3788 1477 3873; baseline 0.002 -25"><span class='ocrx_word' id='word_1_248' title='bbox 218 3788 321 3869; x_wconf 84' lang='lat' dir='ltr'>ipsum</span> <span class='ocrx_word' id='word_1_249' title='bbox 347 3788 510 3851; x_wconf 89' lang='lat' dir='ltr'>Thomam</span> <span class='ocrx_word' id='word_1_250' title='bbox 534 3789 686 3852; x_wconf 86' lang='lat' dir='ltr'>remansit</span> <span class='ocrx_word' id='word_1_251' title='bbox 707 3790 739 3852; x_wconf 90' lang='lat' dir='ltr'>in</span> <span class='ocrx_word' id='word_1_252' title='bbox 757 3790 897 3873; x_wconf 86' lang='lat' dir='ltr'>birsagio</span> <span class='ocrx_word' id='word_1_253' title='bbox 915 3790 1026 3853; x_wconf 89' lang='lat' dir='ltr'>decem</span> <span class='ocrx_word' id='word_1_254' title='bbox 1052 3811 1242 3870; x_wconf 87' lang='lat' dir='ltr'>marcarum,</span> <span class='ocrx_word' id='word_1_255' title='bbox 1260 3809 1396 3872; x_wconf 89' lang='lat' dir='ltr'>quarum</span> <span class='ocrx_word' id='word_1_256' title='bbox 1414 3789 1477 3850; x_wconf 87' lang='lat' dir='ltr'>due</span> 
     </span>
     <span class='ocr_line' id='line_1_32' title="bbox 218 3894 852 3974; baseline 0.005 -19"><span class='ocrx_word' id='word_1_257' title='bbox 218 3907 322 3974; x_wconf 88' lang='lat' dir='ltr'>partes</span> <span class='ocrx_word' id='word_1_258' title='bbox 347 3894 415 3956; x_wconf 88' lang='lat' dir='ltr'>lesu</span> <span class='ocrx_word' id='word_1_259' title='bbox 439 3909 470 3956; x_wconf 90' lang='lat' dir='ltr'>et</span> <span class='ocrx_word' id='word_1_260' title='bbox 493 3897 590 3957; x_wconf 91' lang='lat' dir='ltr'>tercia</span> <span class='ocrx_word' id='word_1_261' title='bbox 619 3897 852 3958; x_wconf 88' lang='lat' dir='ltr'>communitati.</span> 
     </span>
    </p>

    <p class='ocr_par' dir='ltr' id='par_1_9' title="bbox 217 4000 1479 4192">
     <span class='ocr_line' id='line_1_33' title="bbox 323 4000 1478 4086; baseline 0 -24"><span class='ocrx_word' id='word_1_262' title='bbox 323 4000 401 4062; x_wconf 89' lang='lat' dir='ltr'>ltem</span> <span class='ocrx_word' id='word_1_263' title='bbox 426 4021 553 4063; x_wconf 89' lang='lat' dir='ltr'>causam</span> <span class='ocrx_word' id='word_1_264' title='bbox 578 4002 661 4063; x_wconf 91' lang='lat' dir='ltr'>inter</span> <span class='ocrx_word' id='word_1_265' title='bbox 683 4003 858 4086; x_wconf 90' lang='lat' dir='ltr'>Valentycz</span> <span class='ocrx_word' id='word_1_266' title='bbox 890 4015 920 4064; x_wconf 91' lang='lat' dir='ltr'>et</span> <span class='ocrx_word' id='word_1_267' title='bbox 952 4003 1156 4086; x_wconf 84' lang='lat' dir='ltr'>Bankowych</span> <span class='ocrx_word' id='word_1_268' title='bbox 1185 4003 1313 4065; x_wconf 89' lang='lat' dir='ltr'>racione</span> <span class='ocrx_word' id='word_1_269' title='bbox 1338 4001 1478 4063; x_wconf 85' lang='lat' dir='ltr'>destruc·</span> 
     </span>
     <span class='ocr_line' id='line_1_34' title="bbox 217 4107 1479 4192; baseline 0.002 -24"><span class='ocrx_word' id='word_1_270' title='bbox 217 4108 320 4169; x_wconf 89' lang='lat' dir='ltr'>cionis</span> <span class='ocrx_word' id='word_1_271' title='bbox 336 4107 501 4170; x_wconf 87' lang='lat' dir='ltr'>cuiusdam</span> <span class='ocrx_word' id='word_1_272' title='bbox 527 4109 621 4191; x_wconf 85' lang='lat' dir='ltr'>sepis,</span> <span class='ocrx_word' id='word_1_273' title='bbox 646 4109 714 4191; x_wconf 88' lang='lat' dir='ltr'>ipse</span> <span class='ocrx_word' id='word_1_274' title='bbox 736 4109 909 4192; x_wconf 88' lang='lat' dir='ltr'>Bankoych</span> <span class='ocrx_word' id='word_1_275' title='bbox 928 4122 974 4172; x_wconf 88' lang='lat' dir='ltr'>eat</span> <span class='ocrx_word' id='word_1_276' title='bbox 990 4111 1155 4171; x_wconf 84' lang='lat' dir='ltr'>convictus</span> <span class='ocrx_word' id='word_1_277' title='bbox 1178 4111 1210 4171; x_wconf 92' lang='lat' dir='ltr'>in</span> <span class='ocrx_word' id='word_1_278' title='bbox 1236 4109 1347 4171; x_wconf 85' lang='lat' dir='ltr'>decem</span> <span class='ocrx_word' id='word_1_279' title='bbox 1364 4109 1479 4171; x_wconf 86' lang='lat' dir='ltr'>marcis</span> 
     </span>
    </p>

    <p class='ocr_par' dir='ltr' id='par_1_10' title="bbox 152 4214 1480 4618">
     <span class='ocr_line' id='line_1_35' title="bbox 218 4214 1389 4298; baseline 0.005 -25"><span class='ocrx_word' id='word_1_280' title='bbox 218 4227 326 4275; x_wconf 89' lang='lat' dir='ltr'>contra</span> <span class='ocrx_word' id='word_1_281' title='bbox 351 4214 456 4296; x_wconf 90' lang='lat' dir='ltr'>ipsum</span> <span class='ocrx_word' id='word_1_282' title='bbox 481 4215 689 4276; x_wconf 90' lang='lat' dir='ltr'>Valentinum</span> <span class='ocrx_word' id='word_1_283' title='bbox 714 4215 789 4296; x_wconf 89' lang='lat' dir='ltr'>quia</span> <span class='ocrx_word' id='word_1_284' title='bbox 814 4215 880 4298; x_wconf 88' lang='lat' dir='ltr'>ipse</span> <span class='ocrx_word' id='word_1_285' title='bbox 905 4216 1059 4277; x_wconf 89' lang='lat' dir='ltr'>solusmet</span> <span class='ocrx_word' id='word_1_286' title='bbox 1084 4214 1158 4278; x_wconf 90' lang='lat' dir='ltr'>fecit</span> <span class='ocrx_word' id='word_1_287' title='bbox 1182 4237 1214 4277; x_wconf 88' lang='lat' dir='ltr'>se</span> <span class='ocrx_word' id='word_1_288' title='bbox 1237 4215 1389 4296; x_wconf 87' lang='lat' dir='ltr'>judicare.</span> 
     </span>
     <span class='ocr_line' id='line_1_36' title="bbox 152 4303 1480 4385; baseline 0.003 -5"><span class='ocrx_word' id='word_1_289' title='bbox 152 4303 155 4308; x_wconf 40' lang='lat'><em>¹</em></span> <span class='ocrx_word' id='word_1_290' title='bbox 322 4319 399 4381; x_wconf 88' lang='lat' dir='ltr'>irem</span> <span class='ocrx_word' id='word_1_291' title='bbox 425 4321 521 4382; x_wconf 87' lang='lat' dir='ltr'>aliam</span> <span class='ocrx_word' id='word_1_292' title='bbox 546 4341 675 4383; x_wconf 88' lang='lat' dir='ltr'>causam</span> <span class='ocrx_word' id='word_1_293' title='bbox 701 4323 829 4384; x_wconf 87' lang='lat' dir='ltr'>racione</span> <span class='ocrx_word' id='word_1_294' title='bbox 854 4322 1087 4384; x_wconf 87' lang='lat' dir='ltr'>deseccacionis</span> <span class='ocrx_word' id='word_1_295' title='bbox 1104 4323 1270 4384; x_wconf 89' lang='lat' dir='ltr'>cuiusdam</span> <span class='ocrx_word' id='word_1_296' title='bbox 1287 4324 1409 4385; x_wconf 88' lang='lat' dir='ltr'>arboris</span> <span class='ocrx_word' id='word_1_297' title='bbox 1433 4337 1480 4385; x_wconf 85' lang='lat' dir='ltr'>est</span> 
     </span>
     <span class='ocr_line' id='line_1_37' title="bbox 217 4427 1478 4512; baseline 0.002 -25"><span class='ocrx_word' id='word_1_298' title='bbox 217 4427 382 4489; x_wconf 86' lang='lat' dir='ltr'>convictus</span> <span class='ocrx_word' id='word_1_299' title='bbox 405 4427 553 4489; x_wconf 86' lang='lat' dir='ltr'>similiter</span> <span class='ocrx_word' id='word_1_300' title='bbox 578 4428 608 4489; x_wconf 92' lang='lat' dir='ltr'>in</span> <span class='ocrx_word' id='word_1_301' title='bbox 635 4428 745 4491; x_wconf 89' lang='lat' dir='ltr'>decem</span> <span class='ocrx_word' id='word_1_302' title='bbox 779 4429 893 4490; x_wconf 84' lang='lat' dir='ltr'>marcis</span> <span class='ocrx_word' id='word_1_303' title='bbox 917 4429 984 4511; x_wconf 89' lang='lat' dir='ltr'>ipse</span> <span class='ocrx_word' id='word_1_304' title='bbox 1009 4428 1214 4512; x_wconf 89' lang='lat' dir='ltr'>Bankowych</span> <span class='ocrx_word' id='word_1_305' title='bbox 1239 4444 1347 4491; x_wconf 88' lang='lat' dir='ltr'>contra</span> <span class='ocrx_word' id='word_1_306' title='bbox 1373 4429 1478 4511; x_wconf 89' lang='lat' dir='ltr'>ipsum</span> 
     </span>
     <span class='ocr_line' id='line_1_38' title="bbox 217 4532 1478 4618; baseline 0.002 -25"><span class='ocrx_word' id='word_1_307' title='bbox 217 4532 423 4595; x_wconf 89' lang='lat' dir='ltr'>Valentinum</span> <span class='ocrx_word' id='word_1_308' title='bbox 448 4548 479 4596; x_wconf 93' lang='lat' dir='ltr'>et</span> <span class='ocrx_word' id='word_1_309' title='bbox 503 4547 612 4596; x_wconf 91' lang='lat' dir='ltr'>contra</span> <span class='ocrx_word' id='word_1_310' title='bbox 644 4533 783 4616; x_wconf 83' lang='lat' dir='ltr'>juratos;</span> <span class='ocrx_word' id='word_1_311' title='bbox 816 4535 854 4596; x_wconf 92' lang='lat' dir='ltr'>dc</span> <span class='ocrx_word' id='word_1_312' title='bbox 888 4555 954 4617; x_wconf 92' lang='lat' dir='ltr'>quo</span> <span class='ocrx_word' id='word_1_313' title='bbox 979 4535 1100 4616; x_wconf 90' lang='lat' dir='ltr'>judicio</span> <span class='ocrx_word' id='word_1_314' title='bbox 1133 4536 1276 4618; x_wconf 90' lang='lat' dir='ltr'>ipsorum</span> <span class='ocrx_word' id='word_1_315' title='bbox 1300 4535 1478 4617; x_wconf 88' lang='lat' dir='ltr'>juratorum</span> 
     </span>
    </p>

    <p class='ocr_par' dir='ltr' id='par_1_11' title="bbox 217 4639 1479 5044">
     <span class='ocr_line' id='line_1_39' title="bbox 217 4639 1389 4724; baseline 0.003 -24"><span class='ocrx_word' id='word_1_316' title='bbox 217 4639 282 4720; x_wconf 84' lang='lat' dir='ltr'>ipse</span> <span class='ocrx_word' id='word_1_317' title='bbox 307 4639 514 4724; x_wconf 88' lang='lat' dir='ltr'>Bankowych</span> <span class='ocrx_word' id='word_1_318' title='bbox 538 4661 604 4703; x_wconf 91' lang='lat' dir='ltr'>non</span> <span class='ocrx_word' id='word_1_319' title='bbox 629 4653 797 4703; x_wconf 86' lang='lat' dir='ltr'>contentus</span> <span class='ocrx_word' id='word_1_320' title='bbox 820 4641 996 4724; x_wconf 88' lang='lat' dir='ltr'>appellavit</span> <span class='ocrx_word' id='word_1_321' title='bbox 1027 4641 1067 4702; x_wconf 92' lang='lat' dir='ltr'>ad</span> <span class='ocrx_word' id='word_1_322' title='bbox 1091 4641 1233 4704; x_wconf 84' lang='lat' dir='ltr'>seniores</span> <span class='ocrx_word' id='word_1_323' title='bbox 1257 4641 1389 4724; x_wconf 85' lang='lat' dir='ltr'>judices.</span> 
     </span>
     <span class='ocr_line' id='line_1_40' title="bbox 321 4745 1479 4830; baseline 0.001 -23"><span class='ocrx_word' id='word_1_324' title='bbox 321 4745 399 4808; x_wconf 90' lang='lat' dir='ltr'>ltem</span> <span class='ocrx_word' id='word_1_325' title='bbox 414 4767 543 4808; x_wconf 83' lang='lat' dir='ltr'>causam</span> <span class='ocrx_word' id='word_1_326' title='bbox 558 4748 640 4810; x_wconf 90' lang='lat' dir='ltr'>inter</span> <span class='ocrx_word' id='word_1_327' title='bbox 653 4748 827 4809; x_wconf 88' lang='lat' dir='ltr'>Martinum</span> <span class='ocrx_word' id='word_1_328' title='bbox 841 4747 979 4828; x_wconf 90' lang='lat' dir='ltr'>juratum</span> <span class='ocrx_word' id='word_1_329' title='bbox 993 4763 1024 4810; x_wconf 92' lang='lat' dir='ltr'>et</span> <span class='ocrx_word' id='word_1_330' title='bbox 1038 4748 1119 4810; x_wconf 88' lang='lat' dir='ltr'>inter</span> <span class='ocrx_word' id='word_1_331' title='bbox 1132 4762 1313 4810; x_wconf 87' lang='lat' dir='ltr'>consortem</span> <span class='ocrx_word' id='word_1_332' title='bbox 1332 4747 1479 4830; x_wconf 84' lang='lat' dir='ltr'>plathnar</span> 
     </span>
     <span class='ocr_line' id='line_1_41' title="bbox 218 4851 1479 4936; baseline 0 -22"><span class='ocrx_word' id='word_1_333' title='bbox 218 4851 369 4935; x_wconf 89' lang='lat' dir='ltr'>Stephani</span> <span class='ocrx_word' id='word_1_334' title='bbox 395 4867 608 4935; x_wconf 89' lang='lat' dir='ltr'>prorogarunt</span> <span class='ocrx_word' id='word_1_335' title='bbox 640 4873 741 4935; x_wconf 88' lang='lat' dir='ltr'>usque</span> <span class='ocrx_word' id='word_1_336' title='bbox 774 4854 915 4936; x_wconf 91' lang='lat' dir='ltr'>primum</span> <span class='ocrx_word' id='word_1_337' title='bbox 948 4853 1104 4935; x_wconf 88' lang='lat' dir='ltr'>judicium</span> <span class='ocrx_word' id='word_1_338' title='bbox 1133 4854 1159 4915; x_wconf 86' lang='lat' dir='ltr'>si</span> <span class='ocrx_word' id='word_1_339' title='bbox 1189 4853 1329 4934; x_wconf 88' lang='lat' dir='ltr'>graciam</span> <span class='ocrx_word' id='word_1_340' title='bbox 1362 4854 1479 4935; x_wconf 88' lang='lat' dir='ltr'>poterit</span> 
     </span>
     <span class='ocr_line' id='line_1_42' title="bbox 219 4959 1476 5044; baseline 0.001 -25"><span class='ocrx_word' id='word_1_341' title='bbox 219 4959 302 5041; x_wconf 90' lang='lat' dir='ltr'>apud</span> <span class='ocrx_word' id='word_1_342' title='bbox 327 4960 430 5042; x_wconf 85' lang='lat' dir='ltr'>ipsam</span> <span class='ocrx_word' id='word_1_343' title='bbox 456 4960 610 5040; x_wconf 83' lang='lat' dir='ltr'>invenire,</span> <span class='ocrx_word' id='word_1_344' title='bbox 633 4961 779 5044; x_wconf 89' lang='lat' dir='ltr'>alioquin</span> <span class='ocrx_word' id='word_1_345' title='bbox 803 4961 829 5022; x_wconf 88' lang='lat' dir='ltr'>si</span> <span class='ocrx_word' id='word_1_346' title='bbox 854 4979 930 5040; x_wconf 85' lang='lat' dir='ltr'>non,</span> <span class='ocrx_word' id='word_1_347' title='bbox 959 4974 1074 5022; x_wconf 84' lang='lat' dir='ltr'>extunc</span> <span class='ocrx_word' id='word_1_348' title='bbox 1097 4959 1292 5042; x_wconf 90' lang='lat' dir='ltr'>judicabitur</span> <span class='ocrx_word' id='word_1_349' title='bbox 1316 4960 1356 5023; x_wconf 88' lang='lat' dir='ltr'>de</span> <span class='ocrx_word' id='word_1_350' title='bbox 1379 4979 1476 5021; x_wconf 86' lang='lat' dir='ltr'>novo.</span> 
     </span>
    </p>
   </div>
   <div class='ocr_carea' id='block_1_2' title="bbox 0 0 1855 5782">
    <p class='ocr_par' dir='ltr' id='par_1_12' title="bbox 0 0 1855 5782">
     <span class='ocr_line' id='line_1_43' title="bbox 0 0 1855 5782; baseline 0 0"><span class='ocrx_word' id='word_1_351' title='bbox 0 0 1855 5782; x_wconf 95' lang='lat' dir='ltr'> </span> 
     </span>
    </p>
   </div>
  </div>
 </body>
</html>
