3644 5788
571 549 659 606 Anno
684 544 775 626 1462.
801 581 842 590 -
867 562 914 624 19.
937 549 1046 610 martii.
1377 565 1439 626 219

179 759 241 841 ipse
266 758 452 821 Antbonius
476 778 539 820 non
566 759 745 820 voluntarie
771 779 829 822 nec
855 779 893 821 ex
922 761 1149 823 commissione
1174 781 1231 822 sua
1255 761 1314 844 ipsi
1341 761 1440 824 Paulo

180 865 360 949 lagychych
388 867 417 927 in
444 866 521 927 silva
546 885 602 926 sua
632 867 772 947 dampna
805 865 941 945 fecisset,
965 867 1021 927 sed
1054 887 1113 928 nec
1138 867 1239 949 ipsam
1264 867 1438 930 sessionem

178 987 257 1036 terre
283 973 342 1034 nisi
367 987 510 1055 ternpore
535 972 766 1034 conduccionis
797 973 963 1055 lignorum
988 987 1053 1034 tam
1077 974 1136 1056 ipsi
1163 974 1264 1036 Paulo
1288 993 1385 1056 quarn
1410 988 1441 1036 et

177 1081 306 1142 sibimet
331 1081 390 1162 ipsi
415 1094 445 1142 et
469 1100 534 1141 non
557 1081 635 1142 alias
660 1078 794 1142 fecisset.

284 1205 361 1267 Item
388 1205 420 1265 in
446 1224 540 1266 causa
558 1205 640 1266 inter
663 1223 796 1266 uxorem
814 1205 969 1266 laulronis
985 1206 1147 1288 arcuparis
1171 1219 1202 1267 et
1227 1205 1307 1266 inter
1324 1224 1441 1287 pueros

178 1312 315 1374 condam
334 1313 478 1374 Vrabecz
496 1327 541 1374 est
558 1311 776 1394 adjudicatum
794 1313 909 1392 taliter,
934 1311 1022 1394 quod
1041 1312 1094 1374 illa
1113 1314 1198 1374 bona
1223 1331 1284 1395 que
1302 1311 1439 1374 condam

178 1418 292 1501 prefati
324 1420 461 1481 condam
486 1419 646 1480 Wrabccz
678 1418 881 1503 prefuissent,
911 1439 974 1500 que
1007 1420 1072 1502 ipse
1105 1419 1207 1481 lanko
1232 1420 1440 1502 exposuisset,

179 1545 241 1607 que
267 1525 445 1606 Gregorius
469 1524 553 1587 filius
577 1526 677 1608 ipsius
700 1525 860 1587 Wrabecz
892 1525 1079 1587 testimonio
1103 1524 1270 1607 fidedigno
1294 1545 1440 1607 compro-

176 1633 264 1694 bavit
288 1651 396 1693 coram
422 1631 525 1710 nobis,
550 1633 638 1713 quod
664 1631 718 1692 illa
752 1633 835 1693 bona
865 1645 1021 1712 quantum
1055 1631 1225 1694 valuerunt
1250 1632 1334 1694 idern
1361 1631 1440 1694 Gre-

174 1739 287 1819 gorius
312 1758 369 1820 pro
394 1739 601 1820 quantisper
633 1739 735 1819 ipsum
762 1738 940 1799 lankonem
966 1738 1094 1800 vendita
1127 1737 1266 1816 fuerunt,
1291 1757 1440 1821 compro-

176 1847 251 1906 bare
278 1846 404 1926 poterit,
430 1859 544 1906 extunc
569 1845 608 1904 de
633 1845 727 1905 bonis
752 1844 851 1926 ipsius
875 1845 1030 1905 lankonis
1060 1845 1116 1926 ipsi
1145 1845 1234 1928 pueri
1260 1845 1438 1908 contentari

176 1953 305 2028 debent,
330 1951 498 2012 residuitas
521 1971 598 2011 vero
622 1949 782 2032 superflua
807 1950 866 2031 ipsi
895 1951 1004 2012 relicte
1030 1951 1167 2012 condam
1193 1952 1346 2013 lankonis
1372 1971 1437 2014 ma·

178 2059 284 2132 nebit;
310 2071 340 2119 et
364 2056 483 2139 prefata
509 2057 618 2118 relicta
643 2057 797 2118 Jankonis
821 2057 994 2138 appellavit
1025 2058 1065 2118 ad
1090 2058 1231 2118 seniores
1255 2057 1386 2137 judices.

286 2181 363 2243 ltem
390 2201 515 2243 causam
541 2183 623 2242 inter
646 2181 811 2243 Vrbanum
830 2180 994 2264 Kelcbych
1019 2195 1049 2244 et
1075 2182 1156 2243 inter
1180 2180 1264 2242 filios
1288 2180 1440 2262 Gerdyna

179 2288 308 2350 racione
341 2289 589 2366 vulnerationis,
621 2287 709 2368 quod
743 2277 812 2369 ipse
845 2285 929 2348 filius
962 2287 1113 2371 Gerdyna
1138 2303 1253 2349 octavo
1286 2288 1337 2350 die
1371 2287 1440 2349 festi

180 2395 297 2456 Pasche
324 2395 455 2456 Domini
480 2394 708 2456 secundusmet
736 2395 768 2454 in
799 2413 851 2454 ara
876 2409 982 2455 sancte
1008 2393 1121 2456 Crucis
1152 2394 1254 2475 jurare
1279 2395 1441 2456 tenebitur

178 2501 207 2561 in
233 2521 284 2578 eo,
308 2501 397 2580 quod
422 2489 489 2582 ipse
507 2500 655 2561 Vrbanus
679 2499 865 2581 premissam
885 2502 1121 2582 percussionem
1144 2521 1239 2583 super
1262 2521 1336 2562 eum
1355 2499 1438 2578 fecit,

178 2620 207 2667 et
231 2606 308 2668 dum
342 2606 458 2686 jurabit
483 2607 548 2688 ipse
581 2607 728 2668 Vrbanus
760 2607 791 2666 in
825 2607 997 2668 duodecim
1030 2623 1060 2668 et
1092 2609 1198 2668 medis
1223 2607 1329 2690 pensis
1361 2627 1436 2668 con·

179 2713 323 2773 vincetur
346 2726 376 2773 et
401 2711 623 2774 communitati
651 2713 682 2772 in
707 2726 835 2773 centum
860 2713 1009 2776 denariis.

285 2837 362 2899 ltem
380 2857 508 2899 causam
526 2838 608 2898 inter
633 2837 833 2900 Demetrium
850 2851 1004 2900 sartorem
1029 2853 1059 2900 et
1083 2839 1224 2900 relictam
1246 2837 1440 2920 lludosthyh

179 2943 270 3023 jurati
292 2944 568 3026 adjudicaverunt,
589 2945 677 3025 quod
690 2945 765 3026 quia
780 2945 847 3026 ipse
861 2945 1042 3007 Demetrius
1062 2946 1156 3006 solvit
1171 2945 1296 3006 cuidam
1314 2945 1434 3006 Teuto-

181 3051 251 3111 nico
270 3051 351 3112 duos
367 3050 436 3112 flor.
455 3051 542 3132 quod
561 3051 629 3132 ipsa
645 3063 770 3113 tenetur
794 3052 898 3113 eidem
913 3051 1037 3113 solvere
1052 3052 1194 3113 medium
1217 3053 1393 3133 dampnum
1409 3066 1440 3112 et

180 3157 210 3217 in
236 3155 320 3218 facto
337 3157 586 3239 procurationis,
611 3157 699 3238 quod
717 3158 783 3239 ipse
802 3159 929 3220 racione
947 3159 1113 3220 cuiusdam
1132 3159 1230 3220 debiti
1249 3171 1437 3234 procurator

181 3262 238 3325 fuit
263 3264 367 3326 eidem
393 3278 502 3325 contra
529 3265 716 3344 magistrum
742 3265 884 3326 Blasium
912 3265 950 3325 de
976 3266 1092 3326 Nemes
1116 3266 1307 3326 canonicum
1332 3283 1439 3344 zagra-

181 3371 333 3448 biensem,
365 3385 396 3431 et
428 3371 503 3451 quia
536 3371 602 3452 ipse
628 3371 768 3432 eundem
802 3371 988 3452 magistrum
1023 3371 1164 3432 Blasium
1190 3385 1384 3432 convenerat
1408 3370 1439 3430 in

183 3476 311 3556 judici0,
335 3478 389 3538 sed
416 3479 491 3559 quia
510 3479 576 3560 ipsa
601 3479 722 3559 absque
739 3479 819 3540 scitu
843 3479 942 3561 ipsius
965 3479 1116 3541 Demetrii
1144 3479 1349 3541 concordavit
1366 3499 1439 3540 cum

183 3584 294 3645 eodem
321 3586 473 3665 magistro
498 3585 616 3662 Blasio,
641 3585 714 3647 ideo
737 3585 803 3667 ipse
828 3601 954 3648 tenerur
977 3587 1101 3648 solvere
1120 3586 1178 3667 ipsi
1204 3586 1356 3667 magistro
1375 3585 1435 3646 De-

183 3690 294 3751 metrio
319 3691 399 3751 illud
424 3691 511 3772 quod
538 3691 643 3752 eidem
669 3693 823 3773 promisit.

285 3814 362 3876 Item
380 3835 435 3896 per
453 3815 571 3896 juratos
589 3836 681 3877 causa
707 3815 789 3877 inter
805 3815 984 3897 Georgium
1002 3817 1163 3877 medicum
1178 3832 1208 3878 et
1226 3817 1306 3878 inter
1324 3817 1438 3898 Elyam

185 3919 321 3981 fusorem
347 3940 575 4002 campanarum
600 3921 781 3998 adjudicata
814 3936 870 4000 est,
904 3922 991 4004 quod
1018 3922 1076 4003 ipsi
1109 3925 1205 3984 ambo
1229 3937 1378 3984 tenentur
1409 3922 1439 3982 in

181 4027 313 4108 propriis
338 4029 485 4109 expensis
509 4029 642 4090 transire
667 4029 707 4090 ad
734 4029 892 4090 Prodauiz
917 4043 947 4090 et
973 4029 1025 4090 illa
1052 4029 1160 4091 debita
1186 4031 1304 4090 ibidem
1333 4029 1439 4090 habita

181 4133 318 4214 expediri
352 4154 387 4194 ac
419 4135 572 4216 pecunias
596 4148 626 4195 et
659 4135 714 4196 illa
749 4135 855 4196 debita
888 4137 955 4217 ipse
988 4139 1081 4198 ambe
1113 4151 1217 4218 partes
1241 4138 1272 4198 in
1298 4137 1440 4196 medium

183 4239 422 4301 communitatis
445 4261 500 4300 seu
525 4241 564 4301 ad
591 4260 705 4302 manus
721 4240 836 4321 judicis
858 4242 985 4303 interim
1003 4243 1164 4325 deponere
1183 4262 1350 4324 quousque
1368 4242 1441 4302 illac

182 4347 246 4428 ipsa
270 4347 378 4408 debita
404 4347 584 4429 expedient,
609 4347 779 4430 completis
803 4361 833 4410 et
850 4349 1005 4430 expeditis
1036 4351 1112 4431 ipsis
1137 4351 1263 4426 debitis,
1288 4368 1441 4429 expensas

180 4474 234 4535 per
258 4467 363 4536 partes
389 4451 498 4532 factas,
524 4455 578 4516 illa
611 4475 682 4537 pars
714 4475 776 4536 que
810 4455 899 4517 illesa
932 4457 1075 4517 manebit
1108 4455 1188 4538 parti
1221 4457 1284 4517 lese
1317 4455 1440 4515 solvere

179 4561 356 4636 tenebitur;
382 4561 572 4642 quiquidem
599 4561 759 4642 Georgius
784 4561 927 4624 medicus
951 4564 1104 4644 premissa
1131 4562 1232 4624 lacere
1258 4575 1440 4640 recusasset,

179 4667 233 4729 sed
258 4667 371 4728 eadem
397 4666 437 4728 ad
461 4667 603 4730 seniores
626 4667 749 4750 judices
773 4669 974 4751 appellasset.

283 4790 360 4852 ltem
386 4792 519 4854 sabbato
543 4793 690 4874 proximo
726 4805 798 4874 post
829 4793 1002 4874 predictam
1037 4793 1266 4870 Reminiscere,
1298 4793 1440 4853 seniores

181 4895 300 4974 judices
317 4901 510 4960 roborarunt
534 4913 564 4960 et
582 4899 810 4960 confirmarunt
828 4919 954 4961 causam
974 4902 1054 4962 inter
1073 4899 1248 4980 Georgium
1275 4900 1437 4960 medicum

180 5018 209 5064 et
232 5004 313 5066 inter
337 5005 452 5086 Elyam
478 5021 740 5088 campanatorem
766 5027 821 5088 per
845 5006 965 5088 juratos
991 5006 1215 5088 adjudicatam.
