3838 5786
588 620 673 675 Anno
697 630 787 694 1472.
812 651 855 661 -
878 631 926 695 27.
951 621 1118 681 notrembn‘s.
1428 642 1493 704 419

224 830 364 890 dimittet
389 851 462 890 eum
488 835 703 890 communitas
736 833 819 892 dicte
845 831 980 891 civitatis
1012 852 1106 912 super
1132 832 1365 896 relormacione
1391 837 1490 918 ipsius

224 955 346 1016 organi.

330 1043 406 1105 ltem
445 1045 519 1125 quia
553 1044 685 1125 quidam
721 1045 876 1105 Martinus
910 1043 1049 1105 famulus
1080 1047 1206 1126 providi
1239 1047 1297 1106 viri
1331 1049 1486 1109 lobannis

222 1149 367 1228 gurthler
391 1151 526 1210 senioris
551 1150 643 1228 jurati
680 1165 710 1210 et
735 1150 875 1211 concivis
909 1151 1006 1210 nostri
1035 1149 1094 1211 luit
1120 1167 1261 1233 repertus
1286 1167 1315 1212 et
1341 1155 1489 1216 inventus

224 1255 253 1314 in
273 1255 412 1335 quodam
433 1252 518 1317 furto
536 1255 701 1316 cuiusdam
721 1256 826 1332 tritici,
846 1255 933 1336 quod
952 1255 1133 1318 iuraverant
1151 1257 1331 1339 Stephanus
1347 1260 1486 1321 Berthun

222 1377 253 1421 et
279 1362 406 1442 Mycula
434 1361 577 1444 Galoycz
602 1382 741 1424 unacum
775 1363 889 1424 eodem
924 1363 1041 1441 Blasio,
1067 1365 1121 1444 qni
1153 1365 1232 1444 juvit
1256 1367 1301 1425 eis
1327 1365 1430 1427 iurare
1455 1383 1485 1427 et

222 1481 348 1548 portare
383 1469 486 1548 ipsum
512 1468 652 1528 triticum
686 1470 773 1549 quod
799 1465 860 1530 fuit
893 1467 1030 1530 furatum
1065 1471 1148 1530 Rose
1181 1471 1490 1554 Hervvoyewychne,

222 1575 276 1654 qui
302 1575 390 1635 solus
417 1575 540 1635 Blasius
566 1573 665 1636 lassus
689 1589 735 1636 est
769 1576 874 1656 ipsum
908 1573 1039 1654 furtum,
1073 1577 1127 1656 qui
1153 1577 1277 1638 Blasius
1302 1598 1359 1659 pro
1384 1581 1488 1660 primo

224 1681 341 1740 delicto
366 1695 412 1741 est
436 1683 567 1762 punitus
585 1682 615 1741 in
642 1701 766 1742 carcere
784 1681 867 1741 dicte
892 1681 1046 1756 civitatis;
1071 1697 1177 1742 tamen
1196 1684 1271 1762 quia
1297 1704 1354 1764 pro
1372 1685 1486 1745 eodem

226 1787 330 1847 Blasio
356 1788 450 1848 nobis
474 1788 595 1849 scilicet
619 1788 675 1848 toti
695 1787 917 1848 communitati
944 1788 1025 1848 dicte
1045 1788 1180 1849 civitatis
1204 1805 1250 1850 est
1274 1791 1488 1871 supplicatum

223 1913 278 1973 per
310 1894 417 1974 plures
451 1894 681 1955 ecclesiasticos
713 1907 744 1954 et
775 1894 933 1954 seculares
969 1895 1055 1954 viros
1088 1901 1122 1956 ul
1157 1897 1261 1956 eidem
1294 1897 1432 1976 graciam
1459 1913 1489 1958 et

225 2001 476 2061 misericordiam
503 1998 604 2061 facere
630 2001 831 2078 deberemus,
866 2000 937 2061 ideo
971 2021 1028 2061 nos
1053 2015 1118 2062 tota
1151 2002 1365 2062 communitas
1389 2004 1484 2064 simul

224 2107 254 2166 in
282 2127 380 2167 unum
408 2107 497 2167 dives
521 2120 552 2168 et
587 2127 708 2188 pauper
732 2126 790 2187 pro
819 2108 974 2188 premisso
1007 2108 1111 2188 primo
1144 2107 1260 2168 delicto
1288 2109 1387 2188 ipsius
1413 2107 1486 2172 lurti

224 2213 328 2273 eidem
356 2213 462 2273 Blasio
489 2211 622 2273 facimus
646 2213 785 2292 graciam
804 2227 834 2273 et
859 2213 1122 2291 misericordiam,
1148 2228 1181 2274 ut
1199 2214 1266 2294 ipse
1290 2217 1487 2296 peramplius

223 2318 408 2378 huiusmodi
442 2317 561 2380 furtum
596 2338 659 2379 non
693 2335 824 2380 renovet
857 2319 912 2379 sed
946 2320 1056 2401 pocius
1089 2319 1204 2381 defleat
1240 2334 1270 2382 et
1302 2341 1365 2381 non
1399 2342 1484 2383 com·

222 2426 338 2502 mittat,
370 2427 525 2506 quoniam
550 2427 574 2485 si
610 2427 778 2486 renovabit
812 2440 926 2487 extunc
958 2439 988 2486 et
1020 2427 1160 2507 primum
1192 2427 1344 2488 delictum
1381 2429 1485 2490 eidem

224 2551 287 2593 non
314 2533 512 2610 remittetur,
545 2532 599 2591 sed
632 2531 716 2612 juxta
749 2532 1013 2592 consvetudinem
1054 2533 1137 2593 dicte
1170 2533 1305 2593 civitatis
1336 2549 1487 2614 punietur

222 2637 308 2719 juxta
332 2658 388 2698 sua
413 2637 579 2699 demerita.

328 2745 405 2806 ltem
431 2765 524 2805 causa
550 2745 631 2805 inter
656 2743 814 2824 Agatham
849 2757 983 2805 matrem
1008 2745 1146 2806 condam
1174 2745 1341 2807 Michaelis
1365 2749 1485 2829 presbi-

220 2851 278 2912 teri
305 2865 335 2912 et
360 2853 441 2912 inter
465 2851 617 2931 Egidium
643 2850 823 2912 carnificem
849 2851 888 2911 de
914 2851 1032 2930 Mlaka,
1056 2853 1183 2912 racione
1209 2855 1378 2914 verberum
1404 2854 1485 2914 inter

221 2957 352 3018 eosdem
377 2971 572 3036 secutorum,
597 2970 644 3018 est
669 2971 838 3038 prorogata
873 2957 912 3018 ad
939 2957 1078 3038 primum
1103 2957 1258 3038 judicium
1284 2958 1308 3018 si
1334 2971 1486 3039 poterunt

221 3064 427 3141 concordare,
452 3063 491 3123 ad
517 3064 710 3145 peticionem
737 3065 912 3144 proborum
937 3063 1091 3125 virorum.

327 3169 404 3231 ltem
437 3167 530 3248 jurati
568 3170 651 3230 dicte
687 3169 823 3231 civitatis
859 3169 1125 3250 adjudicaverunt
1164 3171 1195 3230 in
1232 3168 1316 3231 fecto
1353 3169 1485 3251 Georgii

221 3275 363 3338 Berthun
388 3276 516 3337 racione
541 3276 733 3356 suspicionis
758 3275 830 3336 lurti
864 3275 1069 3337 candelarum
1104 3276 1355 3337 colendinorum
1381 3291 1411 3344 et
1436 3297 1484 3338 ec·

220 3383 325 3461 clesie,
350 3384 445 3443 debet
469 3383 571 3464 jurare
595 3383 780 3444 terciusmet
812 3403 876 3444 non
909 3403 982 3444 curn
1016 3383 1185 3444 Berthunis
1220 3382 1275 3443 sed
1300 3403 1372 3444 curn
1410 3384 1484 3444 aliis

223 3493 356 3570 civibus,
381 3491 459 3553 leria
484 3492 592 3580 tercia,
625 3491 766 3552 secunda
792 3493 936 3573 proxime
970 3505 1114 3569 ventura,
1139 3491 1226 3571 quod
1262 3511 1319 3550 nec
1344 3491 1410 3571 ipse
1435 3511 1483 3551 so·

221 3599 338 3660 lusmet
361 3619 419 3660 nec
443 3598 502 3659 scit
526 3599 598 3679 quis
616 3597 751 3659 iurasset
775 3599 858 3680 ipsas
876 3597 1025 3658 candelas
1042 3598 1287 3658 colendinornm
1302 3597 1333 3657 in
1352 3597 1483 3658 ecclesia

223 3718 253 3766 et
277 3725 309 3764 se
334 3725 520 3786 expurgare.

329 3810 404 3871 ltem
430 3813 540 3872 relicta
565 3811 648 3872 Petri
674 3809 830 3872 carnificis
855 3809 950 3870 debet
979 3808 1081 3889 jurare
1107 3809 1242 3870 solamet
1268 3810 1380 3872 eadem
1406 3808 1484 3870 feria

221 3916 317 3978 tercia
342 3931 499 3997 quantum
524 3917 625 3977 valuit
657 3919 796 3998 palium;
831 3931 861 3977 et
889 3915 964 3976 dum
999 3915 1126 3994 iurabit,
1152 3915 1281 3998 Endrey
1306 3929 1394 3976 sutor
1419 3916 1483 3976 sol-

220 4043 294 4083 vere
318 4024 479 4084 tenebitur
504 4023 608 4084 eidem
635 4024 767 4105 palium.

325 4129 402 4190 ltem
435 4150 528 4190 causa
561 4130 691 4191 Thome
725 4129 900 4211 Selesnyalr
933 4149 1004 4189 cum
1038 4127 1202 4209 lurglrone
1235 4144 1281 4190 est
1313 4143 1483 4211 prorogata

221 4235 260 4297 ad
293 4237 432 4317 primum
457 4236 611 4316 judicium
637 4237 676 4296 ad
702 4257 812 4318 pacem
839 4235 987 4300 fiendam.

325 4341 404 4403 Item
430 4361 523 4402 causa
543 4343 696 4423 Stephani
716 4343 831 4402 sutoris
849 4356 878 4402 et
902 4343 986 4402 Luce
1005 4361 1076 4402 cum
1096 4340 1240 4402 lohanne
1260 4341 1481 4422 Soldynarych

220 4461 266 4510 est
289 4448 436 4509 similiter
466 4463 646 4529 prorogata.

324 4555 401 4617 ltem
429 4557 458 4616 in
486 4575 579 4616 causa
605 4555 735 4616 Achacii
761 4570 790 4614 et
815 4555 970 4616 Anthonii
1000 4554 1200 4637 Thermsych
1226 4556 1354 4616 racione
1379 4555 1482 4616 cuius·

219 4661 291 4722 dam
318 4663 392 4742 equi
418 4660 586 4738 interlecti,
612 4661 769 4721 Achacins
794 4661 889 4722 debet
922 4681 1056 4742 querere
1082 4663 1208 4722 racione
1234 4662 1364 4742 dampni
1391 4662 1481 4722 illum

218 4769 273 4850 qni
299 4767 457 4829 interiecit
481 4787 600 4849 equum
626 4789 720 4828 suum
745 4783 775 4828 et
799 4768 854 4848 qui
881 4788 974 4848 super
998 4787 1117 4848 equum
1144 4768 1234 4829 sedit.

322 4875 397 4935 ltem
425 4894 504 4934 uxor
531 4875 626 4934 Marci
646 4873 739 4954 jurati
764 4873 910 4934 moderni
934 4874 1036 4952 jurare
1054 4874 1214 4934 tenebitur
1238 4873 1403 4934 terciamet
1420 4893 1477 4954 pro

218 4979 272 5041 illa
299 4981 428 5041 camisia
454 4980 551 5060 vulgo
576 4980 720 5062 surlycza
745 4979 828 5040 dicta
858 4981 944 5060 quod
973 4980 1040 5060 ipsa
1065 4979 1199 5038 candem
1226 4979 1389 5038 camisiam
1417 4997 1480 5038 non

218 5086 373 5166 vendidit,
399 5107 456 5148 nec
481 5086 575 5147 alicui
601 5086 794 5170 propinavit,
821 5107 879 5147 nec
904 5086 1142 5169 impignoravit.
