3738 5786
728 503 814 560 Anno
836 514 927 580 1452.
953 537 992 546 -
1016 515 1066 579 25.
1090 507 1216 578 augusti.

446 712 524 774 Item
550 714 625 795 quia
651 713 829 795 Elyzabeth
859 714 924 776 filia
948 714 1122 794 Valentini,
1148 715 1187 776 de
1209 730 1316 778 sancta
1341 716 1443 778 Elena
1466 718 1498 778 in
1524 737 1605 800 pon·

339 819 425 881 tibus
449 821 583 904 Lonzky
608 821 707 884 mozti
732 823 853 883 vocatis
870 821 1002 883 lundata
1027 823 1171 902 ecclesia,
1196 824 1229 884 in
1246 822 1417 886 manifesto
1442 822 1604 886 lurticinio

340 939 498 988 certarum
523 946 628 990 rerum
653 928 829 990 Ztankonis
852 928 988 1010 gastaldi
1013 929 1111 1010 vulgo
1132 929 1252 992 Bertun
1277 931 1353 992 dicti
1379 945 1425 992 est
1448 944 1605 1014 repperta,

339 1033 390 1094 cui
416 1033 516 1094 eciam
551 1033 694 1096 auricula
727 1035 836 1098 dextra
868 1049 999 1118 propter
1031 1036 1120 1118 prius
1152 1034 1271 1098 lurtum
1297 1056 1392 1098 suum
1424 1039 1604 1120 peripsam

341 1137 547 1202 commissum
576 1139 636 1202 luit
660 1142 807 1221 abscissa,
825 1141 898 1204 ideo
921 1143 1022 1225 ipsam
1041 1142 1219 1225 Elyzabeth
1236 1143 1406 1206 mulierem
1425 1163 1483 1226 pro
1500 1143 1604 1226 prima

338 1246 386 1307 sui
412 1247 617 1310 correccione
642 1247 682 1310 de
708 1248 834 1310 civitate
852 1263 883 1311 et
907 1250 976 1311 eius
999 1251 1160 1312 territorio
1177 1251 1311 1334 turpiter
1329 1251 1445 1333 expelli
1470 1250 1604 1314 lecimus

338 1354 577 1416 committentes
601 1355 718 1434 eidem,
743 1368 779 1416 ut
809 1355 849 1416 de
881 1370 985 1418 cetero
1011 1371 1043 1418 et
1071 1376 1128 1438 per
1156 1357 1294 1440 amplius
1326 1357 1359 1419 in
1384 1357 1501 1419 dictam
1525 1357 1602 1418 civi·

339 1472 437 1521 tatem
462 1475 492 1520 et
516 1461 585 1521 eius
608 1461 804 1523 territorium
831 1481 997 1544 nunquam
1030 1463 1147 1524 intrare
1172 1463 1297 1543 debeat,
1330 1483 1392 1546 que
1416 1463 1441 1525 si
1466 1464 1499 1525 in
1524 1463 1602 1524 civi·

337 1579 399 1628 tate
425 1579 455 1628 et
480 1567 548 1629 eius
572 1568 732 1630 territorio
757 1581 904 1650 repperta
935 1583 966 1631 et
991 1568 1189 1652 deprehensa
1221 1567 1326 1650 fuerit,
1350 1571 1436 1651 juxta
1460 1590 1517 1631 sua
1548 1569 1602 1631 de·

337 1672 450 1734 merita
475 1693 591 1754 penam
616 1694 714 1756 quarn
747 1675 942 1738 demeruerit
974 1689 1188 1758 consequetur
1221 1675 1307 1756 juxta
1331 1689 1480 1738 contenta
1504 1675 1601 1758 privi-

338 1778 414 1860 legii
439 1781 537 1842 nostri
562 1781 745 1843 communis
768 1795 799 1843 et
823 1781 898 1862 juris
923 1782 1063 1863 equitate
1087 1767 1281 1863 requirente.

444 1922 520 1984 Item
547 1924 621 2006 quia
648 1925 803 1986 Martinus
828 1922 912 1985 filius
932 1924 1088 1985 iohannis
1111 1924 1150 1985 de
1169 1924 1413 2007 Bosyalrowyna
1437 1924 1469 1985 in
1495 1923 1596 1985 mani-

337 2025 419 2089 festo
443 2027 607 2092 lurticinio
631 2045 662 2092 et
686 2029 854 2092 manifesta
875 2031 1074 2112 spoliacrone
1091 2044 1251 2093 certorum
1278 2031 1553 2112 manutergiorum
1570 2043 1601 2091 et

336 2135 600 2198 vestimentorum
637 2137 720 2198 Petri
757 2137 871 2199 literati
911 2137 942 2198 in
975 2137 1127 2219 Capitulo
1160 2138 1359 2220 zagrabiensi
1392 2138 1424 2199 in
1456 2137 1599 2198 Abbacia

335 2243 563 2322 permanentis,
586 2244 617 2304 in
643 2244 743 2306 domo
762 2243 845 2305 Petri
871 2244 1004 2326 aucupis
1028 2245 1060 2304 in
1080 2245 1236 2306 suburbio
1261 2244 1397 2307 civitatis
1421 2242 1599 2320 residentis,

335 2368 391 2432 per
415 2349 520 2431 ipsum
547 2350 675 2413 Petrum
701 2351 862 2412 literatum
887 2371 943 2412 seu
969 2370 1101 2413 uxorem
1123 2352 1231 2434 ipsius,
1257 2351 1320 2412 filie
1345 2349 1489 2412 eiusdem
1515 2347 1598 2410 Petri

336 2457 469 2538 aucupis
493 2477 552 2540 pro
577 2458 704 2521 locione
729 2458 811 2520 datis
835 2473 866 2520 et
889 2459 1066 2538 assignatis,
1090 2471 1136 2520 est
1152 2470 1331 2540 reppertus,
1356 2456 1430 2538 quia
1455 2456 1596 2538 ipsorum

335 2563 598 2626 vestimentorum
625 2565 781 2627 indicium
805 2579 852 2627 est
875 2579 1059 2647 reppertum
1093 2578 1124 2626 et
1146 2565 1275 2646 signum
1300 2564 1331 2625 in
1356 2563 1475 2625 scrinio
1499 2561 1598 2644 ipsius

336 2669 465 2732 Martini
489 2671 520 2732 in
546 2673 645 2733 domo
668 2672 831 2734 Valentini
865 2671 904 2732 de
929 2672 1097 2750 Vrbowcz‚
1122 2685 1153 2733 et
1185 2671 1260 2753 quia
1286 2670 1352 2752 ipse
1377 2669 1534 2731 Martinus
1557 2667 1597 2728 ad

335 2778 578 2859 expurgandum
611 2799 643 2839 se
668 2793 714 2840 ter
739 2779 771 2839 in
797 2777 868 2840 loro
897 2777 1024 2860 publice
1058 2777 1272 2859 proclamatus
1303 2789 1445 2838 nostram
1470 2775 1502 2836 in
1527 2794 1597 2858 pre·

334 2883 474 2945 sensiam
499 2903 563 2946 non
590 2887 677 2946 venit
700 2905 759 2947 nec
778 2885 874 2963 misit,
899 2905 957 2946 nec
981 2885 1082 2946 eciam
1099 2884 1208 2945 venire
1232 2903 1291 2945 nec
1315 2883 1440 2944 mittere
1465 2881 1597 2958 curavit,

334 2989 408 3050 ideo
433 2991 537 3072 ipsum
564 2992 738 3054 Martinum
768 2993 800 3054 in
832 2994 999 3054 laternum
1032 3003 1178 3052 nostrum
1211 3009 1340 3072 presens
1372 2987 1526 3072 proscribi
1552 2985 1597 3048 le·

336 3095 438 3157 cimus
462 3110 627 3178 tamquam
660 3096 864 3159 manifestum
896 3098 1102 3180 spoliatorem
1129 3111 1159 3160 et
1192 3096 1425 3180 potenciarium
1450 3095 1597 3156 commit·

332 3216 434 3264 tentes
458 3218 489 3265 et
512 3204 720 3267 decernentes
735 3204 789 3266 tali
808 3205 918 3283 modo,
942 3217 976 3267 ut
992 3205 1018 3266 si
1039 3205 1106 3287 ipse
1124 3204 1281 3266 Martinus
1303 3202 1368 3284 jam
1391 3201 1529 3284 amplius
1554 3200 1595 3262 ad

333 3309 494 3372 civitatem
519 3325 550 3372 et
573 3312 642 3373 eius
658 3311 854 3374 territorium
877 3311 999 3373 venerit
1016 3325 1046 3372 et
1070 3310 1189 3372 ibidem
1208 3324 1375 3392 reppertus
1399 3307 1504 3387 luerit,
1521 3326 1596 3368 mox

333 3417 418 3498 juxta
443 3437 499 3478 sua
525 3417 679 3480 demerita
702 3437 820 3500 penam
845 3437 941 3499 quam
968 3417 1161 3479 demeruerit
1177 3429 1393 3497 consequetur
1416 3413 1540 3494 justicia
1566 3428 1597 3476 et

333 3523 403 3604 lege
429 3537 536 3585 nostra
561 3524 754 3605 requirente.

438 3665 516 3726 ltem
535 3667 610 3746 quia
627 3664 787 3747 Georgius
810 3665 895 3728 filius
913 3666 1061 3747 Gregorii
1079 3665 1243 3748 Zukalych
1261 3665 1374 3741 dictus,
1400 3662 1596 3725 inhabitator

333 3771 416 3833 dicte
433 3771 580 3850 civitatis,
604 3772 635 3833 in
654 3773 768 3834 eodem
786 3773 891 3855 spolio
917 3785 948 3834 et
963 3773 996 3832 in
1015 3772 1128 3833 eadem
1145 3772 1296 3833 societate
1313 3769 1482 3852 spoliativa
1497 3768 1596 3850 ipsius

332 3877 462 3939 Martini
487 3891 533 3940 est
557 3891 733 3961 reppertus,
758 3893 789 3940 et
812 3879 844 3940 in
869 3880 996 3960 signum
1021 3899 1057 3940 ac
1082 3879 1237 3940 indicium
1262 3878 1361 3960 ipsius
1385 3896 1442 3938 sue
1466 3875 1594 3937 malicie

332 4005 364 4044 se
390 3983 579 4046 decivitate
613 3999 643 4046 et
671 3986 739 4047 eius
770 3986 931 4048 territorio
963 3983 1160 4066 aufugiendo
1185 3984 1263 4045 alias
1295 3982 1457 4045 transtulit
1487 4001 1591 4044 mora·

331 4103 450 4170 turum,
484 4105 514 4152 et
539 4091 614 4173 quia
639 4092 725 4154 idem
750 4092 910 4174 Georgius
942 4111 1000 4175 pro
1033 4091 1267 4173 expurgacione
1299 4090 1347 4150 sui
1380 4102 1428 4150 ter
1462 4089 1494 4150 in
1519 4087 1590 4150 loro

330 4211 440 4260 nostro
465 4199 629 4260 communi
654 4200 782 4281 publice
815 4199 1042 4282 proclamatus,
1066 4212 1206 4260 nostram
1240 4199 1271 4259 in
1305 4197 1503 4281 presenciam
1528 4215 1594 4258 non

331 4304 418 4366 venit
442 4324 500 4366 nec
524 4306 666 4386 aliquem
691 4326 749 4388 pro
773 4327 805 4367 se
830 4307 926 4386 misit,
951 4305 1007 4368 sed
1031 4327 1065 4369 se
1088 4326 1106 4366 a
1132 4304 1212 4366 facie
1236 4304 1313 4386 juris
1337 4317 1368 4366 et
1391 4303 1515 4384 justicie
1539 4305 1594 4364 ab·

330 4413 476 4492 sentavit,
501 4412 575 4474 ideo
601 4413 706 4494 ipsum
737 4413 913 4494 Georgium
947 4412 1110 4496 Zulralych
1142 4427 1307 4492 tamquam
1332 4412 1540 4494 spoliatorem
1564 4422 1595 4471 et

330 4517 570 4580 malefactorem
594 4518 802 4581 manifestum
827 4520 859 4580 in
892 4539 1023 4602 presens
1051 4521 1219 4581 laternum
1251 4530 1395 4579 nostrum
1420 4535 1594 4578 commune

330 4625 479 4687 duximus
503 4626 769 4708 proscribendum
793 4626 898 4688 eidem
932 4625 1125 4709 judicialiter
1149 4625 1396 4704 committentes,
1421 4637 1455 4686 ut
1479 4622 1519 4685 de
1542 4641 1592 4684 ce·

329 4747 398 4795 tero
423 4747 453 4794 et
476 4753 532 4815 per
557 4734 695 4816 amplius
725 4735 758 4796 in
792 4735 953 4796 civitatem
985 4735 1109 4796 eteius
1141 4717 1339 4798 territorium
1369 4731 1460 4794 nullo
1493 4732 1593 4792 modo

330 4840 446 4902 intrare
470 4853 642 4923 presumat,
667 4841 721 4922 qui
747 4841 786 4902 de
811 4853 914 4906 cetero
940 4854 1105 4926 reppertus
1129 4839 1235 4918 luerit,
1260 4839 1422 4919 punietur.
