3738 5786
369 599 409 659 82
735 599 937 676 Ann01454.
963 633 1003 644 —
1028 613 1079 658 20.
1104 600 1263 658 decembris.

368 810 425 872 filii
450 811 587 873 condam
614 811 766 895 Symonis
791 810 830 871 de
856 809 999 890 Raboch,
1025 811 1104 872 civis
1128 811 1264 873 civitatis
1288 811 1441 893 predicte,
1466 811 1635 888 subtraxit,

369 931 399 978 et
423 919 499 999 quia
524 919 624 980 eciam
651 918 738 980 idem
764 916 924 998 Georgius
956 931 1123 1000 reppertus
1148 930 1195 978 est
1227 917 1335 999 plures
1358 916 1550 979 subtraxisse
1574 936 1635 994 res,

368 1037 399 1084 et
429 1023 504 1086 licet
535 1024 621 1086 idern
655 1022 816 1106 Georgius
847 1042 906 1105 pro
939 1022 1125 1085 huiusmodi
1159 1022 1245 1086 furtu
1278 1023 1429 1105 suspendi
1462 1022 1635 1100 debuisset,

367 1144 475 1192 tamen
500 1130 721 1193 misericordia
755 1129 805 1191 dei
839 1130 918 1192 moti
942 1149 999 1212 per
1030 1129 1226 1212 peticionem
1251 1149 1349 1211 quarn
1381 1130 1557 1212 proborum
1588 1128 1635 1189 vi·

368 1255 476 1298 rorum
494 1237 600 1298 eidem
625 1234 768 1318 Georgio
786 1234 848 1298 luri
865 1255 958 1297 aures
977 1237 1088 1298 ambas
1105 1235 1268 1297 abscidere
1286 1233 1422 1297 fecimus
1446 1249 1477 1298 et
1493 1235 1633 1297 eundem

369 1342 547 1425 Georgium
579 1341 683 1406 furem
714 1341 849 1406 fecimus
880 1343 1040 1425 expellere
1072 1342 1263 1404 decivitate
1296 1355 1327 1404 et
1364 1341 1432 1403 eius
1463 1341 1635 1418 territori0,

367 1451 604 1512 committentes
628 1449 733 1511 eidem
759 1448 912 1532 Georgio,
938 1461 972 1510 ut
996 1449 1063 1532 ipse
1088 1448 1127 1511 de
1160 1461 1265 1511 cetero
1294 1462 1325 1509 et
1348 1467 1404 1532 per
1428 1448 1568 1530 amplius
1592 1447 1633 1508 ad

368 1557 530 1620 civitatem
555 1571 586 1619 et
609 1557 678 1619 eius
694 1557 889 1618 territorium
916 1575 1083 1638 nunquam
1107 1556 1223 1618 debeat
1239 1556 1367 1635 intrare,
1384 1556 1440 1637 qui
1465 1556 1491 1617 si
1508 1555 1540 1616 in
1558 1555 1635 1616 civi·

368 1677 432 1727 tate
458 1678 489 1727 et
514 1665 583 1727 eius
614 1665 775 1726 territorio
807 1664 946 1746 amplius
977 1676 1145 1746 reppertus
1177 1661 1283 1742 luerit,
1308 1682 1425 1746 penam
1450 1682 1548 1744 quam
1580 1662 1635 1723 de·

368 1771 522 1833 meruerit
545 1783 768 1852 consequetur.

474 1878 553 1939 ltem
578 1876 697 1939 Paulus
721 1875 904 1959 lagychych
930 1889 1039 1938 contra
1065 1876 1193 1938 Petrum
1212 1875 1400 1937 servitorem
1426 1887 1634 1936 monetaneo·

369 2004 440 2046 rum
465 1984 570 2066 primo
595 1984 709 2046 citatus
733 2003 798 2044 non
824 1983 1014 2065 comparuit.

476 2091 553 2154 ltem
579 2089 704 2152 Blasius
729 2088 947 2172 Kylawcbych
964 2102 1075 2152 contra
1100 2087 1280 2151 Johannem
1305 2086 1486 2150 carnificem
1512 2087 1634 2149 dictum

370 2196 491 2258 Plakan
514 2196 619 2279 primo
645 2196 759 2258 citatus
783 2215 849 2257 non
874 2196 1063 2277 comparuit.
1271 2263 1274 2270 ,

476 2303 554 2365 Item
579 2321 707 2364 causam
732 2301 857 2362 domini
881 2301 1009 2384 plebani
1029 2303 1111 2364 inter
1139 2302 1243 2386 ipsum
1269 2303 1439 2366 dominum
1464 2299 1634 2363 Nicolaum

372 2409 547 2492 plebanum
572 2421 603 2470 ct
638 2408 719 2470 inter
743 2407 944 2470 Anthonium
977 2407 1097 2470 dictum
1130 2410 1232 2471 Janko
1265 2427 1450 2490 arcuparem
1476 2427 1532 2489 per
1556 2405 1634 2488 peti-

370 2517 497 2578 cionem
531 2517 707 2598 proborum
740 2516 883 2576 virorum
910 2535 969 2598 pro
1002 2535 1079 2597 pace
1103 2514 1209 2578 fienda
1241 2517 1281 2578 ad
1314 2517 1454 2598 primum
1479 2513 1634 2595 judicium

369 2622 514 2705 proxime
540 2635 711 2683 venturum
736 2621 886 2682 duximus
916 2621 1164 2703 prorogandam.

475 2727 553 2789 ltem
587 2725 763 2809 Gregorius
795 2727 903 2810 Zayko
934 2727 1112 2809 lutifigulus
1142 2742 1252 2790 contra
1285 2725 1450 2810 Mathyam
1483 2725 1524 2786 de
1549 2725 1634 2806 Vgra

369 2834 512 2896 secundo
537 2834 649 2896 citatus
674 2853 738 2895 non
764 2834 952 2916 comparuit.

476 2940 554 3002 ltem
579 2941 654 3022 quia
687 2941 787 3002 Elena
819 2939 884 3002 filia
918 2939 1047 3002 Thome
1079 2940 1291 3023 Laczandych
1324 2940 1364 3002 de
1390 2940 1563 3022 Stulbycza
1587 2951 1634 3000 est

371 3059 517 3129 repperta
542 3047 575 3108 in
599 3046 769 3108 manifesto
795 3045 891 3126 furtu,
924 3047 998 3108 ideo
1021 3047 1096 3110 licet
1129 3067 1187 3130 pro
1212 3048 1282 3130 ipso
1307 3046 1393 3109 furtu
1419 3047 1557 3108 debebat
1581 3064 1633 3105 su-

370 3153 496 3236 spendi,
519 3166 627 3214 tamen
660 3173 715 3236 per
740 3153 876 3215 eandem
908 3153 1043 3215 Elenam
1076 3154 1245 3216 mulierem
1278 3153 1413 3217 lecimus
1442 3173 1535 3214 aures
1567 3171 1638 3234 pre-

372 3258 448 3320 dicti
475 3258 608 3340 Georgii
641 3258 720 3320 furis
744 3262 783 3320 ab
815 3259 931 3320 eodem
962 3260 1137 3339 abscidere,
1169 3274 1200 3322 et
1232 3261 1308 3341 quia
1333 3259 1478 3322 eiusdem
1505 3256 1639 3338 Georgii

372 3365 452 3427 furis
476 3385 568 3427 aures
592 3365 705 3428 eadem
731 3365 832 3426 Elena
850 3365 966 3427 mulier
983 3366 1129 3444 abscidit,
1154 3367 1229 3428 ideo
1250 3367 1358 3428 eidem
1384 3366 1486 3428 Elene
1511 3363 1640 3426 mulieri

372 3475 412 3536 ab
437 3473 508 3555 ipso
532 3473 707 3556 suspendio
732 3471 866 3534 lecimus
889 3474 1030 3554 graciam
1056 3473 1108 3551 ita,
1133 3473 1223 3555 quod
1247 3474 1388 3556 amplius
1412 3473 1452 3534 ad
1477 3472 1640 3534 civitatem

374 3581 499 3642 eteius
530 3581 725 3642 territorium
759 3600 824 3642 non
857 3580 973 3642 debeat
1006 3581 1134 3658 intrare,
1159 3599 1223 3662 que
1247 3580 1273 3642 si
1307 3581 1338 3641 in
1364 3579 1492 3642 civitate
1517 3593 1547 3640 et
1572 3579 1643 3639 eius

372 3688 533 3750 territorio
558 3688 697 3770 amplius
720 3701 867 3770 repperta
892 3685 998 3766 fuerit,
1022 3687 1109 3769 juxta
1134 3687 1289 3750 demerita
1314 3706 1371 3748 sua
1397 3705 1515 3768 penam
1541 3703 1641 3766 quam

373 3795 567 3856 demeruerit
591 3808 814 3875 consequetur.

479 3901 558 3964 Item
593 3922 650 3984 per
681 3901 853 3963 instantem
886 3901 1079 3982 peticionem
1114 3902 1200 3962 Luce
1232 3900 1368 3979 sutoris,
1401 3899 1513 3978 jurati,
1545 3918 1643 3980 super

374 4008 508 4070 domum
534 4006 683 4088 Gregorii
707 4006 926 4089 Wrecharych
951 4007 1046 4068 tercia
1074 4007 1142 4068 vice
1172 4005 1307 4068 lecimus
1330 4025 1427 4088 super
1451 4025 1490 4068 eo
1515 4005 1642 4087 procla-

374 4114 554 4175 macionem
580 4112 647 4175 fieri
671 4134 727 4196 per
751 4133 905 4196 precones
929 4113 954 4173 si
980 4113 1096 4194 aliquis
1121 4127 1247 4195 emptor
1264 4112 1400 4174 eandem
1425 4112 1560 4174 domum
1585 4131 1643 4173 vo·

375 4219 470 4280 luerit
495 4239 601 4281 emere
617 4221 657 4282 ab
676 4220 745 4301 ipso
770 4221 857 4281 Luca
874 4233 1003 4301 propter
1020 4219 1171 4302 dampna,
1189 4238 1252 4300 que
1277 4219 1337 4302 ipsi
1356 4219 1442 4280 Luce
1467 4219 1507 4280 ab
1525 4218 1641 4280 eadem

377 4325 475 4386 domo
501 4326 599 4408 ipsius
624 4325 772 4407 Gregorii
797 4339 870 4388 sunt
894 4326 991 4387 illata.

482 4431 559 4492 ltem
585 4429 678 4511 jurati
710 4431 975 4512 adjudicaverunt
1007 4451 1135 4493 causam
1169 4433 1251 4494 inter
1280 4433 1456 4494 Martinum
1481 4431 1644 4493 seniorem

376 4537 515 4619 judicem
541 4550 571 4598 et
595 4537 696 4598 civem
722 4538 858 4598 civitatis
889 4537 1031 4619 predicte
1056 4553 1087 4599 et
1118 4538 1200 4599 inter
1225 4538 1390 4622 Mathyam
1417 4537 1644 4620 Kerzowaycb

376 4643 513 4724 juratum
538 4643 570 4702 in
596 4641 678 4702 lacto
696 4642 830 4704 duarum
848 4645 998 4704 arborum
1016 4643 1182 4707 metalium
1204 4644 1347 4708 habitam
1373 4658 1404 4706 et
1428 4657 1562 4723 motam,
1581 4644 1641 4706 tali

376 4747 476 4810 modo
501 4748 774 4828 adjudicaverunt,
801 4764 833 4810 ut
851 4751 916 4831 ipse
935 4750 1080 4832 Mathyas
1097 4751 1218 4832 juratus
1235 4752 1338 4832 jurare
1355 4752 1518 4814 tenebitur
1535 4751 1641 4834 prima

377 4853 453 4916 seria
478 4868 564 4915 sexta
589 4868 660 4935 post
692 4869 836 4916 octavam
870 4856 1123 4937 Epiphaniarum
1156 4858 1281 4920 domini
1312 4877 1408 4940 super
1440 4877 1490 4937 eo,
1514 4871 1550 4919 ut
1574 4857 1644 4940 ipse

378 4961 535 5042 predictas
559 4961 638 5020 duas
662 4961 791 5021 arbores
815 4963 947 5023 metales
969 4982 1034 5023 non
1053 4963 1205 5042 desecuit,
1235 4984 1293 5026 nec
1311 4984 1385 5026 cum
1410 4966 1491 5026 scitu
1517 4979 1548 5026 et
1572 4984 1648 5046 pre-

378 5079 469 5147 cepto
495 5066 593 5147 ipsius
619 5065 746 5148 Mathye
770 5066 862 5148 jurati
889 5068 956 5149 ipse
982 5069 1043 5130 due
1069 5072 1197 5132 arbores
1222 5085 1296 5132 sunt
1321 5070 1504 5134 anichilate.
