3838 5786
618 597 704 654 Anno
727 607 817 674 1470.
844 630 885 639 -
909 610 962 656 22.
989 597 1080 672 junii.
1416 597 1478 680 3⁶9

210 809 313 869 Lucas
337 807 422 888 juxta
449 807 708 889 prohibicionem
733 808 853 889 recepit
877 821 908 869 et
935 807 1077 886 abduxit,
1111 807 1217 868 eidem
1241 807 1366 870 solvere
1391 823 1477 868 tene·

208 915 294 976 bitur
318 929 475 995 quantum
502 915 601 984 valuit
629 915 696 997 ipse
721 916 790 992 bos,
823 913 900 976 leria
925 929 1011 975 sexta
1043 914 1190 995 proxime
1215 928 1347 976 ventura
1373 916 1476 992 jurare

207 1022 379 1082 tenebitur.

316 1127 392 1188 ltem
418 1127 449 1188 in
475 1147 569 1189 causa
586 1128 723 1210 piscium
751 1128 833 1189 inter
849 1127 1014 1188 Vrbanum
1033 1125 1218 1208 Wenthych
1242 1139 1273 1188 et
1298 1125 1476 1208 Georgium

207 1247 362 1294 sartorem
381 1254 416 1295 ac
442 1234 586 1296 Marcum
613 1233 819 1316 Guraltoych‚
843 1232 1022 1315 empcionis
1047 1231 1262 1313 quorumdam
1288 1233 1424 1315 piscium
1443 1234 1474 1294 in

209 1339 365 1422 Chychan
399 1354 594 1422 emptorum,
627 1340 720 1421 jurati
755 1340 956 1417 invenerunt,
987 1338 1075 1420 quod
1101 1338 1167 1420 ipse
1199 1339 1347 1400 Vrbanus
1378 1360 1474 1401 unam

209 1459 332 1528 partem
362 1461 393 1508 et
426 1447 492 1528 ipse
525 1445 686 1527 Georgius
717 1459 819 1507 sartor
851 1445 947 1506 aliam
979 1458 1102 1526 partem
1125 1445 1320 1506 tenebuntur
1352 1447 1475 1508 solvere

208 1554 319 1614 Marco
345 1552 539 1636 Guralroych
564 1572 666 1614 unum
683 1551 753 1614 flor.
779 1566 810 1614 et
834 1565 906 1613 octo
930 1569 1057 1633 grossos
1079 1563 1109 1611 et
1134 1569 1234 1611 unum
1267 1551 1419 1630 solidum,
1445 1566 1475 1613 et

207 1660 294 1721 idem
327 1658 487 1740 Georgius
511 1659 604 1721 nobis
637 1659 758 1721 scilicet
781 1657 1003 1720 communitati
1035 1656 1169 1718 totidem
1205 1656 1280 1738 quia
1305 1657 1405 1719 alium
1427 1657 1474 1740 ju·

206 1767 312 1828 dicem
337 1767 397 1828 sibi
423 1766 571 1848 quesivit.

314 1873 391 1935 ltem
423 1872 498 1954 quia
531 1871 643 1933 Petrus
671 1871 801 1954 Dragyn
833 1870 936 1932 dictus
979 1883 1088 1932 contra
1115 1869 1299 1953 Philippum
1332 1885 1474 1934 sutorem

208 1979 315 2062 primo
339 1979 454 2040 ciratus
478 1999 543 2042 non
569 1979 749 2060 comparuit
774 1997 882 2039 coram
906 1977 1012 2041 nobis.

316 2085 394 2146 ltem
427 2085 502 2166 quia
529 2083 705 2165 Gregorius
736 2096 835 2163 sutor,
860 2084 916 2165 qui
949 2084 1123 2145 Martinum
1149 2083 1279 2166 Banych
1313 2083 1475 2162 citaverat,

208 2193 285 2254 bina
309 2193 378 2253 vice
403 2191 434 2253 in
459 2191 580 2274 judicio
605 2211 669 2252 non
695 2191 874 2273 comparuit
898 2209 1005 2251 coram
1031 2189 1134 2252 nobis.

317 2299 394 2360 ltem
420 2299 496 2380 quia
521 2297 682 2378 Georgius
707 2297 816 2359 Hozar
840 2296 983 2358 secundo
1001 2297 1114 2358 citatus
1139 2309 1248 2358 contra
1274 2295 1475 2357 Anthonium

208 2419 351 2466 sutorem
376 2405 601 2487 Nekerscenylr
619 2403 753 2483 dietum,
778 2423 843 2464 non
862 2402 1042 2485 comparuit
1059 2403 1090 2464 in
1108 2402 1229 2484 judicio
1247 2421 1354 2464 coram
1371 2401 1476 2463 nobis.

341 2636 440 2711 Faria
469 2647 566 2711 sexta
594 2643 748 2729 proxima
776 2647 854 2729 post
881 2639 1003 2710 lestnm
1032 2636 1189 2728 Corporis
1219 2637 1353 2710 Christi.

745 2794 808 2869 (22.
824 2794 931 2870 junit').

316 2933 393 2995 Item
420 2933 494 3015 quia
528 2934 619 3015 probi
653 2934 712 2994 viri
737 2933 928 2995 Valentinus
953 2933 1128 3016 Saronych,
1154 2933 1299 2994 Thomas
1324 2931 1473 3015 lrenipar,

207 3037 508 3120 seniores'judices,
540 3053 570 3100 et
596 3039 733 3101 Michael
764 3039 895 3122 pellifex
929 3039 1037 3102 senior
1068 3039 1199 3120 juratus,
1225 3039 1256 3100 in
1283 3038 1367 3101 lacto
1392 3039 1474 3100 inter

206 3145 398 3206 Thomaslro
422 3159 576 3206 sartorem
603 3159 637 3206 ut
661 3159 813 3224 actorem,
842 3159 872 3206 et
904 3146 986 3207 inter
1011 3146 1202 3207 Michaelem
1227 3144 1401 3227 pellificem
1428 3143 1474 3220 ju-

206 3251 330 3312 niorem
367 3251 589 3333 Naspychych‚
622 3253 749 3312 racione
781 3251 1032 3334 vituperationis
1066 3251 1174 3312 uxoris
1206 3251 1350 3312 eiusdem
1384 3250 1473 3310 Tho-

205 3359 318 3418 maslro
344 3371 375 3418 et
399 3357 630 3439 appellacionis
663 3358 797 3419 eandem
832 3358 1043 3436 meretricem,
1071 3357 1225 3440 quodque
1258 3369 1289 3418 et
1313 3357 1379 3438 ipse
1413 3356 1472 3417 Mi-

205 3463 296 3524 chael
324 3464 354 3524 in
381 3463 502 3544 judicio
527 3483 635 3525 coram
661 3465 754 3526 nobis
778 3485 810 3525 se
829 3467 1038 3546 comprobare
1060 3465 1237 3540 asserebat;
1262 3475 1293 3524 et
1309 3463 1384 3544 quia
1402 3463 1468 3543 ipse

207 3569 346 3630 Michael
380 3568 507 3652 pellilex
545 3570 576 3630 id
612 3573 821 3652 comprobare
857 3591 922 3632 non
948 3571 1063 3652 potuit,
1099 3583 1130 3631 et
1160 3569 1205 3630 sic
1238 3570 1303 3651 ipse
1330 3567 1467 3629 Michael

205 3675 265 3736 luit
298 3675 465 3737 convictus
497 3676 528 3736 in
563 3676 701 3756 birsagio
735 3690 843 3738 contra
876 3677 1012 3738 eandem
1045 3695 1177 3736 uxorem
1202 3674 1345 3737 eiusdem
1380 3673 1471 3735 Tho·

204 3783 335 3856 maslr03
361 3781 490 3842 eosdem
516 3783 753 3844 concordarunt
774 3783 900 3844 racione
918 3783 1026 3865 previa
1050 3797 1082 3843 et
1106 3801 1215 3864 pacem
1242 3781 1323 3842 inter
1341 3779 1471 3840 eosdem

206 3886 351 3949 lecerunt
374 3888 490 3967 taliter,
516 3888 603 3970 quod
630 3890 697 3971 ipse
722 3889 859 3951 Michael
884 3889 1094 3973 Naspychych
1126 3889 1223 3950 solvit
1247 3887 1353 3949 eidem
1378 3886 1468 3948 Tho·

206 3998 319 4057 masko
343 4015 397 4056 sex
422 4015 535 4078 pensas
560 3995 777 4057 denariorum.

313 4100 391 4162 Item
424 4102 500 4182 quia
533 4100 700 4183 Philippus
731 4115 831 4180 sutor,
864 4101 1020 4162 Martinus
1052 4101 1193 4161 sororius
1225 4098 1411 4183 Franchych
1443 4112 1473 4158 et

205 4207 374 4268 Emericus
398 4207 553 4291 Dywyak‚
579 4208 695 4289 quibus
719 4207 816 4270 hodie
841 4208 1050 4269 commissum
1075 4221 1122 4268 est
1146 4226 1330 4288 comparere
1363 4225 1470 4266 coram

205 4313 300 4374 nobis
325 4312 514 4394 injudicio,
539 4314 595 4396 qui
620 4327 730 4376 contra
765 4315 893 4376 Petrum
924 4313 1043 4396 Sporar
1076 4333 1141 4374 non
1167 4325 1416 4394 comparuerunt
1440 4311 1471 4372 in

205 4420 328 4502 judicio
353 4439 460 4481 coram
486 4421 590 4485 nobis.

312 4525 391 4588 ltem
416 4525 491 4607 quia
518 4527 674 4588 Martinus
699 4527 844 4611 Chypser
869 4541 979 4588 contra
1006 4525 1149 4587 relictam
1180 4524 1315 4586 condam
1343 4523 1471 4585 Martini

204 4632 320 4715 judicis
344 4644 376 4694 et
399 4632 578 4694 Barnabam
604 4633 708 4694 virum
733 4633 876 4694 eiusdem
899 4633 996 4694 tercia
1026 4632 1094 4694 vice
1119 4633 1233 4693 citatus
1250 4630 1377 4691 racione
1395 4649 1468 4710 pro·

203 4738 384 4801 secucionis
408 4738 534 4818 domus,
559 4759 624 4800 non
649 4739 737 4800 venit
761 4758 866 4820 neque
891 4739 1034 4820 aliquem
1059 4757 1117 4819 pro
1140 4757 1174 4798 se
1199 4736 1293 4797 misit.

312 4863 389 4925 Item
416 4865 491 4946 quia
517 4865 620 4926 Lucas
636 4878 725 4926 sutor
749 4885 848 4946 gener
866 4863 1027 4927 Valentini
1053 4863 1092 4922 de
1118 4863 1272 4938 Wrbocz,
1298 4859 1471 4921 Martinam

206 4969 336 5053 Banych
369 4983 521 5049 sutorem,
556 4972 684 5032 racione
716 4971 883 5032 cuiusdam
917 4970 1007 5031 bovis
1045 4969 1261 5050 juramentum
1294 4965 1473 5046 quoderat

205 5077 311 5138 eidem
336 5075 567 5158 adjudicatum,
592 5097 657 5139 non
682 5077 813 5139 admisit
836 5076 951 5158 jurare.

1366 5179 1406 5236 24
