3738 5786
356 521 399 579 44
732 503 819 559 Anno
842 513 931 578 1452.
959 533 998 544 —-
1024 514 1051 560 1.
1075 501 1245 575 septembre.

358 713 561 796 carpentarii,
585 713 767 794 jobagionis
799 712 923 773 domini
954 711 1094 774 Ladislai
1127 712 1166 772 de
1192 713 1334 792 Pezerio,
1359 713 1449 796 olym
1481 713 1623 776 concivis

357 833 476 898 nostra,
508 833 650 880 nostram
682 819 815 881 veniens
839 819 871 879 in
904 819 1102 901 presenciam
1127 819 1221 879 nobis
1253 839 1292 879 eo
1320 819 1420 881 modo
1444 819 1623 901 significare

355 926 487 1005 curavit,
513 939 547 987 ut
570 925 709 1007 quedam
737 925 827 986 litera
853 938 961 987 nostra
986 945 1043 986 seu
1075 925 1211 987 civitatis
1234 926 1378 1007 predicte
1402 927 1623 1009 privilegialis,

355 1051 413 1112 pro
438 1047 526 1113 parte
549 1032 597 1092 sui
630 1050 726 1113 super
759 1031 901 1112 quodam
934 1030 1052 1114 (h)orto
1088 1051 1147 1093 suo
1179 1032 1212 1093 in
1241 1032 1402 1094 territorio
1427 1046 1537 1095 nostro
1567 1053 1623 1095 seu

355 1138 492 1199 civitatis
522 1136 656 1221 prefate,
688 1152 773 1200 retro
806 1157 933 1199 murum
968 1138 1124 1217 eiusdem,
1160 1139 1192 1199 in
1224 1139 1387 1201 vicinitate
1419 1137 1530 1220 (h)orti
1562 1139 1622 1201 Mi-

356 1243 475 1305 chaelis
499 1244 661 1326 portulani
686 1265 702 1305 a
721 1244 950 1327 septemtrione
968 1259 999 1307 et
1022 1244 1104 1306 inter
1128 1259 1190 1306 tres
1214 1245 1281 1306 vias
1301 1264 1501 1325 communes,
1524 1265 1622 1307 unam

354 1352 394 1412 ab
419 1351 542 1412 oriente
567 1365 598 1413 et
622 1351 719 1412 aliam
744 1371 761 1412 a
786 1351 968 1413 meridione
992 1365 1023 1412 et
1045 1351 1176 1413 terciam
1198 1352 1237 1412 ab
1263 1351 1431 1414 occidente
1456 1352 1543 1431 sitas,
1566 1350 1622 1414 ha-

354 1457 421 1518 bito
447 1471 477 1519 et
501 1457 665 1536 existente,
689 1455 835 1519 conlecta
862 1469 892 1520 et
916 1471 1075 1536 emanata,
1110 1458 1280 1519 casualiter
1313 1459 1428 1519 amissa
1454 1473 1485 1521 et
1509 1459 1621 1541 deper-

354 1563 419 1626 dita
437 1564 608 1641 extitisset;
633 1578 664 1626 et
687 1565 762 1645 quia
780 1565 891 1625 eadem
916 1563 1007 1625 litera
1024 1563 1236 1646 privilegialis
1260 1564 1300 1625 ad
1324 1563 1442 1627 trinam
1461 1563 1621 1626 forensem

354 1683 385 1732 et
407 1670 572 1752 publicam
596 1670 890 1752 proclamacionem
915 1684 1056 1732 nostram
1090 1690 1146 1752 per
1170 1691 1230 1732 nos
1261 1671 1437 1754 superinde
1461 1691 1518 1753 per
1550 1691 1621 1753 pre·

353 1796 450 1838 eones
481 1789 608 1839 nostros
639 1796 828 1838 communes
860 1775 928 1838 fieri
961 1776 1166 1838 commissam
1195 1793 1226 1839 et
1264 1775 1381 1839 factam
1413 1777 1529 1838 nullibi
1562 1797 1622 1839 nec

352 1884 438 1966 apud
464 1883 665 1947 Christianos
689 1903 747 1944 nec
772 1883 857 1966 apud
890 1883 1010 1945 Judeos
1041 1883 1179 1945 inveniri
1207 1884 1323 1966 potuit,
1357 1897 1388 1946 et
1411 1884 1486 1966 quia
1519 1884 1620 1946 eciam

351 1989 473 2072 prelata
498 1991 630 2052 domina
653 1989 845 2071 Magdalena
879 1990 910 2050 in
944 1988 1077 2072 pacifico
1112 1989 1260 2052 dominio
1293 2003 1325 2051 et
1348 1989 1456 2071 quieta
1481 2009 1621 2072 possses-

353 2098 443 2158 sione
468 2096 581 2179 prelati
607 2096 714 2180 (h)orti
739 2117 756 2158 a
781 2097 837 2158 diu
870 2097 1047 2178 retrolapso
1081 2110 1226 2179 tempore
1251 2109 1282 2158 et
1305 2116 1409 2177 usque
1433 2116 1518 2158 nunc
1549 2116 1620 2180 per·

352 2204 469 2266 mansit
494 2205 622 2265 nemine
647 2205 775 2286 penitus
800 2205 1051 2282 contradicente,
1076 2204 1216 2286 ideoque
1234 2224 1293 2265 nos
1317 2203 1497 2287 predictum
1522 2204 1620 2286 (h)or-

350 2325 419 2373 tum
445 2311 477 2372 in
502 2312 665 2372 vicinitate
690 2311 871 2393 supradicta
896 2310 1040 2371 habitum
1067 2330 1139 2371 curn
1165 2311 1316 2372 omnibus
1340 2309 1405 2371 suis
1429 2310 1620 2372 utilitatibus

351 2433 381 2480 et
412 2419 619 2501 pertinenciis
652 2419 807 2480 universis
846 2417 988 2499 predicte
1023 2417 1155 2478 domine
1196 2417 1387 2498 Magdalene
1420 2436 1456 2478 ex
1489 2417 1619 2478 instanti

351 2526 450 2607 ipsius
474 2525 635 2607 peticione
649 2545 685 2586 ac
709 2545 853 2608 peream
878 2526 943 2586 suis
968 2524 1140 2585 heredibus
1158 2525 1328 2586 statuimus
1345 2538 1501 2607 perpetuo
1518 2523 1619 2606 possi·

350 2631 493 2693 dendum
518 2647 549 2694 et
574 2632 883 2713 quomodocumque
909 2631 1046 2692 voluerit
1071 2631 1322 2712 disponendum.

457 2737 534 2800 ltem
560 2737 691 2799 domina
711 2738 813 2800 Elena
838 2737 947 2800 relicta
973 2738 1110 2798 condam
1128 2738 1211 2800 Petri
1234 2738 1374 2820 agricole
1398 2737 1456 2800 filii
1479 2737 1619 2800 condam

352 2845 443 2906 Pauli
470 2845 711 2928 Sullrowychyn
737 2845 767 2905 in
786 2864 841 2905 sua
860 2858 891 2906 et
915 2845 1071 2906 Demetrii
1096 2843 1187 2906 aliter
1206 2844 1335 2906 Domko
1353 2844 1467 2924 vocati,
1493 2865 1530 2906 ex
1547 2845 1617 2926 ipso

352 2951 446 3012 Petro
471 2951 611 3032 agricola
642 2951 812 3032 procreati,
843 2951 988 3032 personis
1020 2963 1161 3012 nostram
1187 2950 1319 3011 veniens
1350 2950 1381 3011 in
1406 2951 1618 3033 presenciam,

351 3057 446 3119 nobis
470 3077 509 3119 eo
534 3057 633 3119 modo
657 3055 837 3138 significare
862 3057 994 3136 curavit,
1021 3069 1055 3118 ut
1072 3057 1162 3118 litera
1188 3071 1295 3118 nostra
1320 3076 1376 3118 seu
1394 3056 1530 3118 civitatis
1546 3077 1617 3138 pre·

350 3164 432 3224 dicte
457 3164 668 3246 privilegialis
693 3164 824 3245 antiqua
849 3183 907 3244 pro
939 3177 1026 3245 parte
1052 3161 1165 3250 prefati
1198 3163 1336 3224 condam
1363 3163 1445 3224 Petri
1471 3163 1613 3246 agricole

350 3271 455 3332 mariti
480 3271 628 3352 legittimi
662 3271 761 3352 ipsius
792 3270 893 3331 Elene
925 3269 1086 3348 mulieris,
1117 3270 1214 3351 patris
1250 3289 1326 3330 vero
1351 3269 1426 3332 dicti
1461 3271 1617 3332 Demetrii

351 3377 479 3438 Domko
505 3378 620 3454 vocati,
645 3397 740 3458 super
757 3376 896 3457 quadam
915 3375 1014 3436 domo
1036 3391 1066 3436 et
1083 3374 1185 3437 fundo
1209 3397 1245 3437 ac
1270 3376 1387 3438 celario
1405 3378 1616 3439 subterraneo

350 3503 386 3545 ac
410 3483 567 3546 hedificiis
591 3485 622 3545 in
649 3484 732 3545 dicta
757 3483 883 3545 civitate
909 3496 939 3544 et
970 3483 1052 3544 inter
1083 3503 1139 3544 seu
1164 3503 1262 3565 penes
1294 3483 1410 3544 dornos
1435 3497 1465 3545 et
1498 3482 1617 3547 fundos

349 3611 385 3651 ac
409 3589 558 3651 hedificia
584 3590 712 3651 Thome
730 3589 858 3651 sartoris
882 3588 1095 3650 ameridione
1120 3603 1151 3650 et
1180 3587 1311 3671 Georgii
1338 3589 1616 3674 Czaranthowych

349 3719 365 3758 a
390 3697 620 3779 septemtrione
645 3697 752 3757 habita
778 3709 808 3756 et
836 3696 1002 3772 existente,
1034 3695 1175 3756 mediam
1208 3696 1329 3757 curiam
1355 3696 1395 3757 ad
1420 3715 1513 3758 usum
1537 3697 1616 3760 civi·

347 3805 419 3866 tatis
445 3803 476 3864 in
501 3823 534 3864 se
559 3803 754 3880 continente,
772 3801 896 3863 dudum
920 3800 1066 3864 conlecta
1085 3816 1116 3864 et
1138 3815 1297 3880 emanata,
1315 3802 1484 3864 casualiter
1500 3805 1616 3866 amissa

347 3925 378 3972 et
402 3909 569 3992 deperdita
602 3909 730 3982 luisset;
762 3922 792 3970 et
824 3909 900 3990 quia
933 3909 1045 3969 eadem
1070 3909 1161 3970 litera
1193 3908 1402 3990 privilegialis
1426 3908 1466 3970 ad
1497 3911 1615 3972 trinam

347 4015 507 4078 forensem
533 4031 564 4077 et
587 4016 751 4098 publicam
775 4015 1069 4098 proclamacionem
1102 4029 1243 4077 nostram
1269 4035 1325 4098 per
1359 4035 1417 4077 nos
1440 4017 1613 4099 superinde

347 4143 404 4205 per
428 4143 584 4205 precones
607 4135 733 4183 nostros
758 4141 946 4183 communes
970 4121 1037 4183 fieri
1070 4123 1275 4183 commissam
1301 4137 1332 4184 et
1356 4120 1470 4184 factam
1497 4123 1614 4184 nullibi

349 4251 408 4293 nec
433 4231 518 4313 apud
537 4230 737 4292 Christianos
754 4249 812 4290 nec
829 4229 914 4311 apud
933 4229 1052 4290 ludeos
1070 4229 1206 4290 inveniri
1231 4229 1346 4312 potuit,
1364 4241 1395 4291 et
1419 4229 1494 4311 quia
1513 4229 1613 4291 eciam

347 4337 489 4421 prelatus
515 4337 651 4398 condam
678 4337 790 4398 Petrus
807 4337 947 4416 agricola
972 4336 1104 4397 maritus
1117 4336 1205 4418 olym
1224 4337 1324 4419 ipsius
1341 4336 1442 4398 Elene
1459 4337 1615 4418 mulieris,

349 4445 426 4506 dum
451 4445 483 4505 in
509 4444 659 4504 extremis
675 4443 739 4504 vite
764 4462 820 4504 sue
836 4443 1023 4524 temporalis
1039 4443 1225 4521 laborasset,
1242 4455 1318 4504 tunc
1342 4443 1409 4524 ipse
1434 4443 1611 4525 predictam

347 4551 480 4612 domum
505 4565 536 4612 et
567 4549 704 4611 lundum
729 4569 764 4610 ac
788 4549 940 4610 celarium
966 4565 996 4611 et
1021 4547 1166 4610 hedificia
1192 4547 1297 4610 medie
1331 4549 1417 4611 curie
1442 4569 1516 4612 cum
1541 4551 1613 4612 aliis

347 4659 468 4720 cunctis
492 4657 557 4717 suis
581 4657 691 4718 usibus
716 4669 746 4717 et
773 4656 969 4730 ¹utilitatibus
1003 4675 1038 4717 ac
1062 4654 1269 4737 pertinenciis
1301 4657 1458 4718 universis
1483 4655 1615 4738 prelatis

348 4765 448 4826 Elene
473 4765 564 4825 uxori
579 4779 609 4825 et
633 4763 799 4824 Demetrio
824 4762 891 4824 lilio
908 4763 972 4823 suis
988 4763 1108 4843 legaret
1132 4762 1397 4824 testamentaliter
1421 4763 1615 4825 verbotenus

348 4869 575 4954 possidendam
601 4869 685 4951 juxta
704 4869 928 4930 condicionem
948 4869 1083 4929 civitatis
1104 4881 1269 4950 prenotate
1288 4869 1327 4930 ab
1345 4869 1480 4950 antiquo
1498 4889 1614 4952 appro-

348 4980 467 5057 batam,
492 4977 630 5059 ideoque
648 4995 707 5037 nos
723 4975 898 5058 predictam
924 4975 1057 5037 domurn
1076 4989 1106 5037 et
1129 4973 1266 5038 fundum
1283 4995 1318 5037 ac
1336 4975 1489 5038 celarium
1507 4976 1614 5040 medie
