3818 5786
596 595 795 672 Ann11145r.
822 628 862 638 -
888 608 914 654 1.
933 595 1094 670 februarii.
1443 613 1479 676 17

215 826 250 866 ex
275 821 411 884 acerto,
429 807 568 888 ideoque
594 826 662 884 nos,
679 819 845 888 tamquam
863 807 981 888 quibus
1002 807 1158 868 incumbit
1182 806 1304 888 justicia
1332 821 1362 868 et
1386 807 1481 868 liber·

212 925 275 973 tare
300 927 407 974 nostra
434 912 635 994 privilegiata
668 913 863 994 requirente,
885 913 969 993 juxta
1007 927 1156 977 contenta
1189 913 1348 994 privilegii
1382 914 1480 974 nostri

213 1019 395 1079 communis
413 1020 508 1079 rebus
532 1019 684 1080 omnibus
701 1019 801 1100 ipsius
819 1019 984 1080 Benedicti
1004 1017 1081 1080 furis
1098 1033 1128 1080 et
1143 1018 1356 1081 malefactoris
1373 1017 1481 1080 huius·

215 1125 302 1185 modi
330 1125 450 1186 notorii
475 1139 506 1186 et
530 1123 689 1186 manifesti
723 1126 756 1187 in
788 1126 948 1188 territorio
981 1139 1090 1187 nostro
1115 1125 1232 1187 habitis
1263 1139 1370 1188 nostre
1395 1145 1481 1187 com·

214 1231 304 1292 muni
337 1231 547 1312 disposicioni
573 1231 750 1314 applicatis,
775 1231 916 1294 eundem
941 1232 1153 1293 Benedictum
1187 1230 1289 1294 furem
1315 1232 1479 1294 notorium

214 1353 243 1399 et
267 1336 475 1399 manifestum
502 1337 741 1400 malefactorem
763 1338 950 1400 huiusmodi
968 1337 1055 1420 juxta
1079 1359 1135 1400 sua
1160 1337 1315 1400 demerita
1340 1338 1380 1400 de
1405 1338 1483 1399 civi-

214 1457 276 1504 tate
301 1458 332 1504 et
356 1445 425 1506 eius
448 1445 611 1506 territorio
639 1445 833 1526 judicialiter
864 1446 903 1507 de
929 1465 1019 1508 more
1043 1447 1122 1507 alias
1154 1459 1307 1507 consueto
1332 1445 1483 1506 duximus

215 1563 244 1611 et
268 1549 470 1612 decrevimus
495 1535 683 1612 eiciendum
703 1565 734 1614 et
758 1551 996 1634 expellendum,
1029 1571 1139 1634 ymmo
1164 1571 1220 1633 per
1244 1569 1400 1634 precones
1425 1571 1482 1612 no·

214 1671 294 1719 stros
318 1677 508 1720 communes
532 1677 622 1720 more
646 1659 725 1720 alias
754 1673 906 1722 consueto
939 1673 970 1721 et
994 1658 1060 1721 lieri
1093 1659 1189 1720 solito
1215 1658 1354 1720 eundem
1378 1658 1481 1720 Bene·

216 1763 335 1826 dictum
360 1765 494 1846 turpiter
519 1765 620 1826 eicere
646 1780 676 1826 et
692 1765 854 1848 expellere
879 1764 1012 1827 lecimus
1041 1765 1266 1827 commitentes
1290 1765 1395 1826 eidem
1421 1765 1482 1826 sub

216 1889 295 1951 pena
320 1873 482 1933 sentencie
515 1871 660 1953 capitalis
692 1885 722 1934 et
754 1872 949 1954 privacionis
980 1873 1043 1934 vite
1072 1891 1128 1934 sue
1162 1872 1359 1954 temporalis,
1385 1887 1419 1932 ut
1443 1871 1482 1932 de

216 1992 320 2038 cetero
345 1990 376 2038 et
401 1997 456 2059 per
481 1977 621 2060 amplius
654 1979 693 2039 ad
728 1979 890 2040 civitatem
925 1979 1099 2060 predictam
1133 1979 1256 2040 eteius
1286 1977 1481 2040 territorium

217 2103 379 2165 nunquam
406 2085 510 2145 redire
535 2084 661 2162 debeat,
686 2104 791 2166 neque
810 2085 926 2146 intrare
952 2104 1056 2166 neque
1082 2085 1196 2146 reverti
1222 2082 1322 2144 modo
1348 2081 1482 2164 aliquali

215 2189 336 2270 justicia
363 2202 394 2251 et
418 2190 564 2252 libertate
589 2204 696 2252 nostra
724 2189 924 2272 privilegiata
959 2189 1154 2272 requirente,
1179 2189 1235 2270 qui
1260 2189 1285 2249 si
1311 2188 1351 2249 de
1376 2199 1481 2249 cetero

216 2311 245 2358 et
266 2316 323 2379 per
347 2296 489 2378 amplius
513 2296 544 2356 in
570 2297 654 2358 dicta
679 2297 807 2359 civitate
841 2297 964 2358 eteius
997 2296 1158 2357 territorio
1183 2308 1351 2377 reppertus
1377 2291 1482 2372 fuerit,

216 2423 286 2464 mox
312 2403 415 2484 ipsam
448 2402 644 2463 sentenciam
677 2403 847 2485 capitalem
880 2415 911 2464 et
943 2402 1162 2485 privationem
1188 2401 1250 2462 vite
1276 2420 1332 2462 sue
1357 2413 1481 2481 tempo·

215 2511 286 2570 ralis
321 2522 539 2590 consequetur
575 2509 644 2590 ipso
680 2508 784 2589 lacto,
819 2509 910 2570 nullo
946 2509 1006 2570 sibi
1039 2508 1183 2570 remedio
1218 2506 1412 2588 suffragante
1449 2508 1481 2568 in

214 2616 269 2678 bac
292 2629 395 2696 parte.
