3644 5788
391 590 453 632 210
755 574 839 629 Anno
862 569 952 648 1461.
979 605 1018 614 -
1043 584 1093 632 20.
1118 571 1291 630 novembris.

389 797 474 844 sexta
492 783 636 865 proxime
654 797 784 845 ventura
799 782 1037 866 (juramentum)
1057 785 1088 845 in
1106 803 1159 844 ara
1172 795 1279 844 sancte
1297 781 1410 842 Crucis
1426 795 1565 862 prestare
1583 782 1649 862 (de-

391 889 477 970 bent)
495 890 583 971 quod
607 889 640 950 in
657 890 883 971 deperdicione
901 889 999 970 ipsius
1024 891 1099 972 palii
1118 891 1304 952 innocentes
1321 901 1425 950 essent
1442 902 1473 950 et
1489 888 1647 951 inmunes.

495 995 571 1056 Item
598 995 735 1058 Cristine
761 996 869 1056 relicte
902 997 1038 1057 condam
1064 997 1166 1058 Janko
1192 995 1352 1076 arcuparis
1376 995 1469 1056 datus
1494 992 1554 1055 fuit
1586 1007 1645 1056 ter·

389 1103 497 1162 minus
522 1101 599 1162 feria
623 1117 708 1162 sexta
734 1103 879 1184 proxima
903 1117 976 1162 ante
1007 1101 1122 1164 festum
1148 1102 1329 1163 Nativitatis
1354 1101 1485 1182 virginis
1509 1101 1649 1182 gloriose

388 1208 419 1267 in
444 1206 565 1286 judicio
590 1227 698 1269 coram
725 1208 818 1268 nobis
842 1209 1049 1290 comparendi
1068 1223 1177 1270 contra
1202 1207 1303 1269 filium
1322 1208 1464 1268 eiusdem
1484 1207 1647 1283 lankonis,

388 1328 419 1374 et
443 1315 518 1394 quia
552 1315 618 1395 ipsa
643 1335 707 1375 non
741 1315 931 1396 comparuit,
957 1315 1031 1376 ideo
1064 1316 1270 1376 commissum
1305 1329 1351 1376 est
1384 1314 1594 1395 proclamare,
1619 1328 1652 1374 ut

387 1420 412 1480 si
439 1420 504 1501 ipsa
530 1421 596 1482 sola
622 1421 750 1502 propria
775 1421 806 1482 in
832 1440 968 1502 persona
994 1421 1043 1482 hic
1069 1435 1150 1482 esset
1174 1436 1228 1482 aut
1252 1422 1277 1482 si
1303 1421 1420 1501 aliquis
1445 1420 1513 1481 eius
1538 1439 1596 1501 pro
1614 1439 1649 1480 ea

392 1543 577 1608 procurator
601 1529 792 1610 responsalis
817 1543 908 1606 essct,
937 1541 1051 1590 extunc
1084 1529 1186 1609 prima
1211 1528 1263 1588 die
1296 1527 1429 1606 juridica
1455 1541 1648 1608 compareat,

388 1633 533 1714 alioquin
559 1654 595 1694 ex
620 1647 709 1715 parte
734 1635 876 1696 eiusdem
903 1635 962 1716 ipsi
995 1635 1176 1716 querulanti
1202 1634 1325 1716 justicia
1352 1634 1594 1694 ministrabitur.

467 1867 563 1940 Feria
592 1881 691 1940 sexta
720 1872 872 1960 proxima
901 1878 979 1942 ante
1007 1869 1131 1941 lestum
1160 1871 1248 1940 beati
1279 1867 1455 1940 Clementis
1485 1889 1579 1957 pape.

878 2021 945 2102 (20.
970 2021 1157 2092 novembris).

497 2161 573 2222 ltem
598 2161 723 2243 providi
750 2163 809 2222 viri
835 2163 1027 2224 Valentinus
1050 2162 1136 2224 lilius
1161 2162 1337 2240 Michaelis,
1360 2163 1467 2224 senior
1491 2162 1596 2242 judex,
1620 2175 1649 2223 et

391 2269 557 2330 Emericus
588 2269 714 2330 villicus
747 2269 786 2329 de
819 2269 1067 2352 Nowachychan
1103 2269 1134 2330 id
1159 2289 1230 2330 cum
1264 2267 1434 2330 sufficienti
1467 2268 1648 2330 testimonio

390 2375 584 2452 docuissent,
609 2376 696 2456 quod
715 2375 848 2456 provida
866 2376 1003 2438 condam
1024 2377 1139 2438 mulier
1161 2377 1361 2456 Margaretha
1387 2377 1497 2437 relicta
1514 2375 1647 2437 condam

392 2481 546 2541 Johannis
570 2481 702 2542 Turchk
727 2481 815 2560 dicti,
839 2483 981 2543 concivis
1005 2498 1123 2560 nostra,
1141 2483 1249 2543 omnia
1274 2485 1358 2544 bona
1382 2503 1438 2543 sua
1464 2481 1597 2542 mobilia
1621 2495 1648 2541 et

389 2587 556 2648 inmobilia
583 2588 615 2648 itt
641 2587 724 2648 dicta
750 2589 875 2650 civitate
901 2603 931 2650 et
959 2590 1027 2650 eius
1059 2589 1221 2651 territorio
1247 2588 1366 2666 habita,
1390 2603 1555 2668 tamquam
1581 2607 1648 2648 exe·

389 2693 554 2754 cutoribus
578 2695 643 2754 suis
668 2695 763 2755 vendi
789 2695 1000 2756 commisisset
1032 2711 1062 2756 et
1085 2716 1143 2777 pro
1175 2696 1281 2756 anima
1307 2716 1362 2756 sua
1396 2695 1525 2776 exponi,
1559 2709 1649 2776 prout

390 2799 451 2860 hoc
476 2799 508 2860 in
531 2815 723 2862 testamento
748 2801 892 2862 eiusdem
918 2802 1055 2862 condam
1086 2801 1286 2882 Margarethe
1311 2802 1451 2862 vidimus
1476 2801 1649 2876 contineri;

390 2905 463 2967 ideo
488 2904 629 2986 prelatus
654 2906 844 2967 Valentinus
868 2907 963 2988 judex
982 2921 1011 2968 et
1036 2907 1178 2968 concivis
1202 2923 1309 2968 noster
1326 2907 1458 2970 domum
1485 2929 1540 2970 seu
1559 2909 1648 2969 civile

389 3011 533 3072 eiusdem
558 3011 695 3072 condam
723 3013 923 3092 Margarethe
945 3013 976 3073 in
1002 3012 1085 3075 dicta
1103 3013 1230 3074 civitate
1255 3013 1400 3075 habitum
1425 3015 1563 3095 provido
1584 3015 1649 3075 viro

389 3116 531 3198 Georgio
556 3116 623 3178 lilio
648 3117 737 3178 Pauli
765 3117 969 3179 inhabitatori
995 3119 1078 3180 dicte
1103 3120 1239 3180 civitatis
1260 3121 1361 3180 tribus
1385 3135 1416 3184 et
1440 3121 1550 3182 medio
1577 3122 1647 3183 flor.

388 3223 456 3283 auri
482 3223 677 3284 vendidisset
693 3237 848 3304 perpetuo
866 3225 1095 3306 possidendum
1114 3245 1149 3286 ac
1174 3227 1481 3306 quomodocumque
1512 3228 1649 3288 voluerit

388 3328 625 3410 disponendum
651 3329 682 3389 in
707 3330 840 3390 heredes
865 3330 1019 3393 heredum
1046 3333 1287 3413 possidendum.

494 3435 570 3496 ltem
596 3455 725 3496 causam
750 3435 831 3497 inter
856 3437 1018 3499 Thomam
1049 3439 1188 3520 juratum
1213 3453 1243 3498 et
1268 3439 1459 3521 Dyonisium
1485 3455 1652 3517 sartorem,

388 3541 483 3618 cives,
500 3541 653 3618 habitam,
671 3556 701 3603 et
718 3543 792 3622 quia
808 3543 874 3624 ipse
893 3543 1037 3605 Thomas
1050 3543 1170 3624 juratus
1187 3545 1289 3626 ipsam
1307 3565 1432 3607 causam
1450 3545 1490 3606 ad
1509 3547 1650 3628 primurn

387 3646 542 3726 judicium
567 3667 738 3728 prorogare
764 3649 948 3730 postulavit.

495 3754 571 3814 Item
596 3755 731 3836 provida
756 3756 871 3817 mulier
896 3757 996 3817 Elena
1022 3757 1130 3818 relicta
1160 3757 1296 3818 condam
1317 3758 1474 3839 Sayltonis
1498 3756 1652 3838 lutifiguli

387 3860 622 3940 querimoniam
648 3875 758 3923 contra
775 3863 947 3943 providum
965 3865 1069 3924 virum
1091 3863 1291 3926 Anthonium
1308 3879 1462 3942 sutorem,
1486 3866 1650 3927 seniorem

388 3967 526 4046 juratum
563 3969 728 4029 concivem
754 3983 909 4047 nostrum,
943 3987 1135 4050 porrexerat,
1167 3971 1255 4051 quod
1289 3972 1355 4052 ipse
1389 3971 1495 4033 eidem
1519 3973 1651 4032 vineam

389 4073 420 4132 in
445 4074 604 4134 territorio
639 4087 748 4135 nostro
781 4075 934 4154 habitam,
966 4076 1074 4158 elapso
1108 4097 1172 4138 uno
1197 4096 1282 4137 anno
1314 4077 1418 4139 eidem
1451 4079 1583 4138 reddere
1620 4095 1654 4140 et

387 4179 553 4240 restituere
578 4179 775 4259 promisisset
806 4181 846 4241 ad
878 4182 965 4261 quod
998 4183 1065 4263 ipsa
1097 4183 1228 4243 haberet
1260 4197 1363 4262 testes,
1395 4183 1445 4244 cui
1472 4184 1564 4245 datus
1587 4182 1656 4246 fuit

386 4284 542 4345 terminus
566 4287 735 4364 probandi,
761 4287 816 4366 qui
849 4301 944 4348 testes
978 4287 1077 4368 ipsam
1103 4289 1133 4348 in
1167 4288 1352 4350 huiusmodi
1378 4289 1657 4371 comprobacione

387 4388 583 4450 dimisissent
618 4391 692 4470 quia
719 4393 784 4472 ipse
811 4393 993 4454 Anthonius
1017 4393 1137 4473 juratus
1169 4395 1269 4474 ipsam
1295 4395 1422 4456 vineam
1448 4396 1553 4458 eidem
1577 4398 1657 4457 red-

387 4494 462 4556 dere
488 4515 552 4555 non
585 4497 792 4576 promisisset,
816 4499 871 4558 sed
903 4499 1039 4561 eandem
1064 4500 1169 4562 eidem
1202 4520 1258 4582 per
1289 4501 1397 4562 omnia
1422 4503 1657 4583 persolvisset;

387 4620 450 4680 que
476 4601 514 4660 de
548 4601 733 4662 huiusmodi
769 4604 902 4665 testibus
934 4625 998 4666 non
1032 4619 1180 4667 contenta
1214 4589 1352 4669 eundem
1383 4609 1581 4670 Anthonium
1612 4611 1657 4671 ad

386 4705 490 4767 lorum
523 4709 686 4789 spirituale
720 4709 870 4772 videlicet
901 4711 1009 4772 vicarii
1042 4712 1256 4792 zagrabiensis
1281 4713 1416 4790 citasset,
1446 4735 1508 4795 que
1541 4715 1652 4778 eciam

387 4814 507 4874 ibidem
533 4815 565 4875 id
591 4818 800 4896 comprobare
826 4837 889 4878 non
916 4818 1030 4897 potnit.

493 4922 568 4983 Item
596 4923 762 5004 Philippus
796 4939 884 4986 sutor
912 4926 1025 5007 Dudey
1050 4927 1123 4987 bina
1160 4929 1225 4988 vice
1251 4945 1359 4990 contra
1385 4930 1560 4991 Johanncm
1601 4953 1659 4993 su-

386 5043 487 5088 torem
514 5049 665 5108 magnum
692 5032 804 5091 citatus
830 5033 859 5092 in
886 5032 1006 5109 judicio
1024 5053 1129 5094 coram
1156 5036 1250 5096 nobis
1275 5055 1338 5096 non
1364 5039 1553 5118 comparuit.
