3818 5786
381 545 420 626 36
781 547 868 604 Anno
896 558 986 624 1452.
1010 580 1054 590 -
1077 543 1127 606 Ιό.
1143 547 1237 623 junii.

1529 651 1642 658 —-—-

377 768 525 835 stentem,
542 775 615 818 cum
633 757 698 818 suis
715 757 907 819 utilitatibus
924 771 955 818 et
972 757 1178 839 pertinenciis
1195 757 1352 818 universis
1369 757 1513 838 predicto
1532 757 1641 818 Marco

376 860 446 924 filio
464 861 563 945 ipsius
581 863 671 924 Pauli
690 862 783 944 jurati
802 864 972 924 statuimus
987 877 1144 947 perpetuo
1160 863 1389 946 possidendam
1415 877 1445 925 et
1460 863 1641 945 quomodo-

377 989 517 1051 cumque
541 969 681 1031 voluetit
704 969 938 1053 disponendam
960 971 1047 1052 juxta
1065 970 1291 1032 condicronem
1315 970 1451 1032 civitatis
1474 982 1641 1052 prenotate

365 1078 417 1138 ab
441 1059 575 1159 antiquo
599 1078 821 1160 approbatam.

394 1294 492 1370 Faria
520 1305 618 1370 sexta
646 1300 803 1388 proxima
831 1305 907 1388 post
935 1298 1059 1370 festam
1086 1307 1282 1371 sanctorum
1310 1299 1391 1385 Viti,
1420 1299 1561 1370 Modesti
1589 1307 1623 1370 et

799 1419 990 1494 crescente
1017 1430 1218 1511 martyram.

908 1572 971 1653 (16.
987 1578 1096 1654 junia).

482 1712 559 1776 Item
594 1713 777 1777 Anthonius
809 1714 897 1779 faber
929 1731 1041 1779 contra
1074 1717 1287 1780 Benedictum
1324 1717 1501 1780 institorem
1533 1719 1639 1801 primo

375 1821 488 1882 citatus
512 1840 578 1882 non
603 1823 793 1904 comparuit.

480 1927 558 1988 ltem
576 1928 650 2009 quia
668 1929 717 1990 vir
739 1929 893 2012 providus
909 1943 940 1992 et
957 1929 1109 1992 honestus
1123 1931 1279 1994 Martinus
1296 1932 1391 2014 judex
1409 1931 1494 1994 filius
1510 1933 1639 1996 Thome

374 2045 405 2094 et
429 2032 591 2115 Georgius
614 2033 704 2096 faber
735 2055 834 2116 gener
866 2036 1004 2099 condam
1038 2037 1227 2122 Supanycze
1251 2039 1283 2100 id
1308 2059 1380 2100 cum
1413 2038 1582 2102 sufficienti
1608 2054 1640 2104 et

373 2137 537 2221 fidedigno
562 2155 745 2204 nostrorum
770 2143 952 2205 concivium
970 2144 1156 2206 testimonio
1181 2145 1313 2207 insede
1338 2158 1446 2207 nostra
1471 2145 1638 2226 judiciaria

373 2264 482 2306 coram
507 2247 600 2308 nobis
616 2247 649 2309 in
674 2247 794 2330 judicio
812 2249 895 2312 clare
913 2252 1174 2332 comprobarunt,
1196 2265 1231 2312 ut
1254 2251 1332 2313 dum
1349 2253 1482 2334 provida
1500 2254 1637 2315 condam

374 2353 490 2414 mulier
521 2354 623 2416 Elena
654 2355 746 2418 aliter
782 2355 914 2439 Gurgya
945 2370 1067 2437 vocata,
1100 2358 1208 2420 relicta
1241 2359 1377 2420 condam
1407 2357 1537 2421 Thome
1561 2360 1636 2422 dicti

373 2458 521 2542 Konych‚
545 2460 577 2521 in
603 2462 753 2523 extremis
777 2462 840 2524 vite
864 2483 919 2524 sue
951 2465 1138 2546 temporalis
1162 2465 1347 2540 laborasset,
1375 2479 1450 2527 tunc
1475 2466 1543 2548 ipsa
1566 2485 1636 2548 pre-

373 2565 476 2628 dictos
500 2567 675 2629 Martinam
700 2567 840 2650 judicem
873 2584 903 2632 et
927 2569 1105 2651 Georgium
1131 2570 1256 2633 fabrum
1281 2592 1376 2634 veros
1399 2587 1583 2634 executores
1607 2587 1638 2634 et

373 2673 609 2736 commissarios
632 2675 779 2736 omnium
805 2695 912 2737 rerum
936 2691 967 2738 et
991 2679 1151 2740 bonorum
1179 2699 1312 2741 suorum
1337 2699 1373 2741 ac
1397 2680 1635 2762 possessionum

374 2779 476 2841 eciam
493 2800 623 2842 suarum
641 2782 836 2843 verbotenus
856 2803 964 2845 coram
982 2785 1092 2866 probis
1105 2799 1136 2848 et
1152 2785 1295 2848 honestis
1312 2786 1388 2847 viris
1404 2786 1636 2862 constituissct;

266 2951 268 2957 ,
372 2884 512 2968 ideoque
537 2907 596 2949 nos
620 2887 742 2948 eisdem
760 2889 899 2951 Martino
924 2889 1022 2971 judici
1040 2905 1070 2952 et
1089 2890 1232 2973 Georgio
1257 2890 1348 2954 fabro
1372 2905 1537 2974 tamquam
1555 2893 1638 2954 veris

372 3005 403 3054 et
426 2991 517 3074 justis
541 2994 768 3056 commissariis
792 3009 823 3056 et
847 2998 1071 3058 executoribus
1100 2997 1256 3059 dictarum
1289 3018 1396 3060 rerum
1420 3012 1452 3060 et
1475 3001 1635 3061 bonorum

372 3098 472 3182 ipsius
489 3100 628 3163 condam
646 3101 748 3163 Eleae
772 3102 916 3163 mulieris
932 3103 1025 3165 aliter
1042 3103 1174 3187 Gurgya
1198 3118 1310 3167 vocate
1335 3125 1372 3166 ac
1395 3105 1634 3187 possessionum

372 3205 472 3287 ipsius
495 3207 626 3289 plenam
651 3208 830 3289 exequendi
849 3222 880 3270 et
905 3209 1097 3292 disponendi
1115 3211 1319 3273 attribuimus
1342 3225 1531 3293 potestatem
1550 3211 1635 3294 juxta

372 3313 633 3375 commissionem
658 3315 758 3396 ipsius
782 3315 883 3377 Eleae
908 3316 1063 3379 mulieris.

476 3419 553 3482 Item
579 3421 655 3502 quia
681 3421 809 3499 Paulus,
834 3421 958 3500 Gallus,
983 3423 1173 3484 Valentinus
1197 3437 1228 3486 et
1253 3423 1392 3485 Michael
1417 3423 1475 3485 filii
1498 3424 1635 3486 condam

370 3525 453 3587 Petri
478 3526 554 3588 dicti
581 3527 739 3589 Penthcra
757 3528 845 3610 olym
871 3529 964 3609 jurati
989 3542 1084 3610 atque
1104 3531 1246 3592 concivis
1270 3530 1382 3610 nostri,
1406 3529 1462 3591 lilii
1489 3529 1585 3609 Galli,
1603 3531 1634 3592 id

369 3651 442 3694 curn
473 3645 664 3695 testamento
695 3635 813 3716 scripto
846 3635 945 3716 ipsius
977 3635 1114 3697 condam
1150 3636 1231 3697 Petri
1265 3636 1341 3698 dicti
1374 3636 1541 3715 Penthera,
1565 3650 1632 3697 tum

369 3739 470 3799 eciam
495 3759 567 3801 cum
593 3738 759 3822 fidedigno
783 3754 912 3802 etcum
936 3740 1107 3803 sufficienti
1139 3743 1326 3804 testimonio
1351 3759 1532 3804 nostrorum
1559 3762 1633 3804 con·

368 3845 486 3907 civium
505 3860 536 3908 et
552 3847 690 3908 aliorum
714 3847 930 3929 plurimorum
954 3847 1191 3930 fidedignorum
1217 3849 1359 3911 virorum
1378 3849 1409 3910 in
1435 3848 1509 3910 sede
1527 3863 1633 3910 nostra

367 3951 534 4033 judiciaria
559 3953 642 4015 clare
667 3967 698 4015 et
722 3953 841 4015 seriose
866 3974 973 4016 coram
999 3955 1093 4016 nobis
1117 3956 1379 4037 comprobarunt,
1403 3968 1438 4017 ut
1461 3955 1537 4016 dum
1563 3975 1634 4038 pre·

367 4057 450 4120 latus
474 4059 585 4121 Petrus
609 4059 712 4120 dictus
736 4059 893 4122 Pentheia
928 4061 959 4122 in
985 4061 1134 4122 extremis
1159 4061 1222 4123 vite
1253 4082 1310 4124 sue
1333 4063 1520 4145 temporalis
1543 4062 1634 4123 labo·

366 4179 474 4244 rasset,
497 4178 573 4227 tunc
597 4166 664 4248 ipse
688 4166 852 4228 universas
876 4186 948 4228 suas
972 4167 1189 4250 possessiones
1214 4181 1245 4229 et
1268 4169 1438 4250 porciones
1461 4168 1633 4250 possessio-

366 4273 472 4334 narias
495 4272 610 4354 quovis
634 4273 777 4334 nominis
801 4274 961 4335 vocabulo
986 4275 1141 4336 vocitatas
1160 4275 1191 4335 in
1220 4275 1379 4336 territorio
1404 4274 1540 4336 civitatis
1564 4294 1632 4356 pre-

366 4377 448 4440 dicte
473 4391 504 4440 et
528 4379 597 4440 eius
620 4379 829 4461 pertinenciis
853 4379 988 4459 habitas,
1018 4399 1090 4441 cum
1114 4380 1267 4442 omnibus
1298 4399 1407 4442 earum
1431 4380 1632 4458 utilitatibus,

364 4483 498 4567 juribus,
523 4486 644 4564 usibus,
660 4485 902 4567 integritatibus
926 4499 958 4548 et
974 4487 1180 4569 pertinenciis
1194 4487 1351 4549 universis
1374 4485 1504 4568 prelatis
1522 4487 1633 4567 Paulo,

366 4590 474 4671 Gallo,
498 4592 671 4654 Valentino
696 4606 727 4653 et
752 4591 904 4654 Michaeli
928 4592 1002 4654 filiis
1026 4593 1091 4654 suis
1119 4593 1290 4676 legavisset
1314 4607 1345 4654 et
1369 4593 1542 4655 dimisisset
1564 4593 1632 4675 jure

364 4697 552 4780 perhennali
577 4699 805 4780 possidendas;
830 4699 970 4780 ideoque
1003 4719 1062 4762 nos
1094 4701 1222 4762 easdem
1255 4700 1471 4782 possessiones
1496 4715 1539 4785 et·
1559 4720 1632 4782 por·

364 4806 472 4868 ciones
496 4806 760 4889 possessionarias
786 4806 885 4887 ipsius
917 4807 1000 4869 Petri
1035 4807 1193 4869 Panthera
1218 4807 1249 4868 in
1281 4807 1423 4890 predicta
1448 4807 1574 4868 civitate
1599 4822 1630 4870 et

364 4911 432 4973 eius
455 4913 615 4974 territorio
640 4933 675 4974 ac
701 4912 909 4994 pertinenciis
934 4913 1058 4975 habitas
1083 4927 1114 4976 et
1147 4914 1327 4993 existentes,
1352 4915 1466 4996 quovis
1490 4914 1632 4975 nominis

363 5019 522 5080 vocabulo
548 5019 712 5097 vocitatas,
739 5020 842 5100 ipsum
867 5019 988 5082 scilicet
1012 5020 1141 5082 Petrum
1167 5021 1287 5082 dictum
1317 5021 1472 5083 Penthera
1498 5019 1630 5102 juridice
