3694 5782
408 552 468 614 302
771 529 974 612 Anno1466.
998 566 1042 578 —
1064 546 1116 594 20.
1140 535 1310 608 septembn's.

406 746 606 808 Demetrium
639 765 778 806 rasorem
812 755 1006 827 pannorum,
1038 743 1097 827 ipsi
1130 744 1273 823 Rawsar,
1305 745 1491 808 Anthonius
1523 745 1609 806 Rotlr
1641 757 1671 806 et

406 853 538 916 domina
563 852 737 914 Katherina
774 871 905 914 consors
929 851 1073 913 eiusdem
1106 863 1333 914 testamentum
1358 851 1496 914 condam
1523 850 1671 933 Gregorii

406 961 596 1023 coloratoris
621 979 803 1042 pannorum
829 959 974 1020 invenire
1002 959 1198 1020 tenebuntur
1228 971 1260 1019 et
1283 958 1322 1020 ad
1348 959 1489 1040 primum
1515 957 1672 1040 judicium

406 1067 596 1149 producere,
620 1080 651 1128 et
674 1066 719 1128 sic
752 1065 828 1126 dum
863 1064 1042 1147 producent
1073 1078 1150 1126 tunc
1174 1063 1369 1146 judicabitur
1400 1084 1495 1126 causa
1519 1064 1671 1145 predicta.

512 1173 591 1236 ltem
615 1191 743 1234 causam
767 1171 849 1232 inter
874 1171 1016 1233 Blasium
1041 1170 1256 1254 Ztoymylych
1281 1185 1312 1232 et
1328 1171 1411 1233 inter
1434 1171 1580 1233 relictam
1597 1191 1671 1232 con·

406 1280 479 1342 darn
504 1279 629 1341 Nicolai
654 1276 806 1340 aurifabri
832 1291 863 1339 et
880 1277 964 1339 lilios
981 1277 1125 1339 eiusdem
1146 1277 1275 1339 racione
1293 1278 1389 1340 unius
1405 1277 1490 1360 ciphi
1516 1278 1672 1358 argentei,

406 1386 501 1447 unius
525 1385 611 1466 equi,
636 1403 752 1446 novem
779 1403 1001 1447 mensurarum
1025 1383 1133 1462 tritici,
1157 1383 1213 1445 XII
1245 1385 1441 1446 tunellarum
1467 1385 1532 1446 olei
1558 1403 1671 1446 vacua·

406 1510 477 1552 rum
502 1505 533 1553 et
557 1491 652 1552 unius
676 1510 787 1552 currus
810 1510 965 1569 asserum,
998 1510 1078 1572 quas
1111 1491 1178 1573 ipse
1203 1490 1329 1552 Blasius
1352 1490 1448 1572 judex
1480 1491 1671 1552 accomoda·

406 1611 494 1660 verat
507 1598 611 1660 eidem
631 1597 769 1659 condam
787 1597 934 1676 Nicolao,
947 1597 1040 1679 jurati
1058 1596 1336 1678 adjudicaverunt,
1352 1597 1442 1678 quod
1461 1597 1526 1678 ipse
1547 1597 1672 1658 Blasius

407 1705 493 1786 juxta
518 1704 728 1766 literatorium
762 1703 951 1766 mandatum
983 1704 1069 1786 regie
1102 1705 1277 1766 Maiestatis
1308 1703 1388 1766 feria
1413 1719 1500 1766 sexta
1525 1705 1671 1786 proxime

406 1825 551 1890 ventura,
576 1811 607 1872 in
632 1830 683 1888 eo,
707 1808 795 1892 quod
821 1810 888 1892 ipse
919 1808 1078 1892 prelatum
1110 1809 1252 1891 ciphum,
1277 1829 1335 1872 nec
1369 1829 1436 1871 non
1461 1829 1595 1892 equum,
1618 1824 1669 1871 tu-

407 1916 519 1994 nellas,
535 1917 675 1978 triticum
701 1929 731 1978 et
748 1937 870 1979 asseres
885 1917 990 1978 eidem
1010 1916 1252 1980 accomodasset
1266 1932 1297 1978 et
1320 1917 1426 1978 nullas
1442 1917 1614 1999 peccunias
1630 1917 1671 1977 ab

407 2024 522 2087 eodem
548 2023 684 2085 Nicolao
711 2023 894 2107 recepisset,
922 2023 978 2085 sed
1011 2043 1069 2086 nec
1100 2023 1206 2085 eidem
1232 2023 1369 2084 condam
1402 2023 1538 2086 Nicolao
1564 2023 1671 2106 propi·

406 2142 521 2208 nasset,
544 2129 785 2212 (juramentum)
809 2130 840 2190 in
866 2149 919 2192 ara
935 2144 1042 2192 sancte
1060 2128 1174 2192 Crucis
1193 2143 1332 2212 prestare
1355 2129 1540 2206 tenebitur;
1558 2149 1672 2190 secun-

406 2235 496 2296 dario
521 2235 639 2316 pariter
663 2235 825 2297 tenebitur
848 2236 964 2298 eodem
989 2236 1042 2298 die
1075 2251 1233 2318 quantum
1258 2236 1428 2298 valuerunt
1452 2235 1617 2318 premissa,
1641 2249 1673 2297 et

406 2340 484 2402 dum
501 2339 629 2420 jurabit,
646 2353 762 2402 extunc
779 2341 864 2423 juxta
881 2342 1147 2405 consverudinem
1165 2341 1250 2404 dicte
1274 2341 1412 2404 civitatis
1424 2342 1548 2404 solucio
1565 2341 1671 2404 eidem

407 2446 514 2526 Blasio
539 2446 636 2528 judici
662 2445 734 2522 sret;
766 2446 807 2508 de
839 2466 905 2528 quo
930 2446 1051 2528 judicio
1083 2447 1261 2530 juratorum
1293 2447 1439 2511 Thomas
1464 2447 1549 2511 filius
1574 2448 1673 2531 ipsius

407 2551 544 2614 condam
569 2552 695 2614 Nicolai
720 2550 871 2615 aurifabri
897 2553 930 2614 in
955 2574 1091 2636 persona
1115 2553 1236 2637 prefate
1264 2554 1396 2617 domine
1421 2555 1530 2618 matris
1555 2567 1587 2617 et
1612 2553 1672 2616 lra-

405 2672 489 2721 trum
514 2678 646 2720 suorum
672 2658 807 2720 eandem
832 2679 961 2721 causam
985 2660 1025 2722 ad
1050 2661 1193 2722 seniores
1217 2661 1392 2743 appellavit
1416 2661 1549 2742 judices.

510 2765 588 2828 ltem
614 2785 741 2828 causam
768 2766 850 2828 inter
873 2765 1036 2828 Thomam
1056 2765 1191 2829 Cheden
1216 2781 1247 2828 et
1263 2767 1346 2829 inter
1369 2767 1557 2830 Benkonem
1583 2767 1672 2829 insti·

405 2885 508 2932 torem
533 2871 661 2933 racione
685 2891 741 2934 sue
765 2871 967 2934 detencionis
990 2892 1047 2954 per
1071 2872 1243 2934 dominum
1262 2873 1425 2951 comitem,
1449 2873 1542 2954 jurati
1559 2893 1672 2956 proro-

404 2992 521 3060 garunt
544 2997 647 3060 usque
672 2979 812 3062 primum
837 2978 992 3060 judicium
1021 2979 1047 3040 si
1080 2979 1278 3042 concordare
1311 2992 1472 3062 poterunt,
1497 2981 1578 3042 etsi
1604 3001 1671 3042 non

406 3084 658 3164 concordabunt,
683 3083 736 3146 liet
759 3085 915 3165 judicium
943 3085 1025 3147 inter
1049 3085 1191 3149 eosdem.

512 3191 590 3252 ltem
615 3211 743 3253 causam
777 3191 859 3254 inter
891 3191 1034 3253 Blasium
1066 3191 1212 3253 villicum
1245 3193 1284 3254 de
1318 3192 1390 3254 vico
1414 3193 1551 3256 Abbatis
1588 3195 1672 3256 Len·

406 3297 522 3379 dawyn
556 3297 690 3391 dictum,
721 3310 752 3360 et
783 3298 865 3360 inter
898 3298 1112 3360 Laurencium
1146 3299 1265 3381 Sporar
1296 3299 1375 3360 alias
1406 3300 1558 3362 comitem
1583 3321 1672 3363 com·

407 3402 585 3482 munitatis,
609 3404 739 3466 racione
762 3404 985 3486 permissionis
1009 3403 1115 3466 eidem
1147 3405 1332 3467 communia
1355 3425 1473 3488 pascua
1496 3407 1566 3468 sine
1589 3409 1673 3470 scitu

406 3521 438 3568 et
461 3508 594 3570 licencia
619 3510 870 3588 communitatis,
895 3524 926 3571 et
950 3511 1025 3592 quia
1050 3510 1116 3593 ipse
1146 3511 1342 3573 Laurencius
1365 3510 1459 3594 fregit
1482 3525 1513 3575 et
1537 3515 1674 3577 violavit

406 3614 513 3676 literas
537 3615 714 3696 comitales,
739 3635 815 3697 ergo
839 3617 927 3698 quod
952 3628 1216 3699 quantocumque
1237 3617 1304 3700 ipse
1328 3618 1453 3680 Blasius
1476 3620 1604 3682 villicus
1622 3637 1672 3684 est

406 3719 650 3802 dampnificatus
671 3735 702 3784 et
733 3723 916 3785 terciusmet
931 3723 1035 3804 jurare
1052 3724 1179 3805 poterit,
1197 3721 1275 3786 feria
1291 3736 1377 3786 sexta
1394 3727 1541 3808 proxima
1558 3727 1590 3788 in
1616 3749 1672 3790 ara

405 3839 513 3888 sancte
537 3827 650 3890 Crucis
674 3849 769 3911 super
793 3830 862 3911 ipso
886 3829 1029 3911 dampno
1053 3829 1157 3911 jurare
1180 3831 1351 3911 tenebitur,
1376 3833 1444 3915 ipse
1468 3833 1672 3896 Laurencius

406 3932 438 3993 in
463 3933 521 3994 illo
545 3934 651 3996 eidem
675 3934 783 3996 Blasio
807 3935 932 3997 solvere
964 3935 1138 4016 tenebitur,
1162 3951 1193 3999 et
1217 3937 1295 3999 dum
1326 3936 1445 4020 jurabit
1468 3939 1500 4000 in
1525 3939 1580 4001 tali
1607 3942 1673 4002 bir-

405 4038 494 4119 sagio
518 4052 549 4100 et
573 4040 740 4102 solucione
764 4041 988 4103 communitati
1010 4043 1208 4120 remanebit;
1233 4042 1273 4104 de
1297 4063 1364 4125 quo
1387 4043 1508 4126 judicio
1525 4045 1673 4128 ipsorum

405 4142 582 4225 juratorum
607 4146 674 4229 ipse
706 4147 901 4210 Laurencius
932 4167 998 4209 non
1030 4161 1199 4211 contentus
1231 4149 1368 4212 eandem
1398 4170 1524 4213 causam
1548 4151 1590 4214 ad
1624 4173 1673 4214 se-

406 4251 512 4311 niores
535 4252 726 4334 appellasset
752 4253 885 4335 judices.

458 4487 604 4561 Sabbata
633 4490 783 4579 proximo
812 4501 889 4582 post
927 4495 1049 4568 lestnm
1084 4495 1315 4570 Exultacionls
1343 4506 1460 4571 sancte
1488 4497 1617 4573 Crucis.

894 4649 958 4726 (20.
983 4650 1170 4726 septembris).

514 4781 663 4845 Seniores
694 4785 816 4866 judices
847 4808 975 4850 causam
1008 4790 1089 4852 inter
1114 4791 1256 4852 Blasium
1289 4793 1428 4874 judicem
1454 4795 1673 4880 Ztoymylych

407 4886 540 4966 dictum,
571 4903 602 4950 et
633 4891 799 4953 concivem
832 4909 988 4974 nostrum,
1020 4915 1078 4977 per
1100 4895 1221 4974 juratos
1252 4898 1336 4961 dicte
1369 4901 1506 4964 civitatis
1537 4905 1673 4967 racione

408 4992 502 5054 unius
526 4993 622 5077 ciphi,
640 4996 735 5058 unius
755 4998 841 5081 equi,
858 5018 975 5062 novem
1001 5021 1223 5066 mensurarum
1240 5007 1348 5088 tritici,
1364 5009 1538 5072 duodecim
1562 5013 1673 5074 tunel·
