3644 5788
546 555 633 614 Anno
655 551 747 633 1461.
772 589 814 600 -
838 567 886 632 17.
911 553 1028 630 aprilis.
1356 574 1413 618 201

169 663 470 670 —--—-———.-—-
1117 663 1416 672 ---.-—-.——-.—..

259 767 338 828 ltem
364 768 456 849 jurati
490 767 756 850 adjudicaverunt
786 787 914 830 causam
940 770 1021 830 inter
1046 769 1167 829 Lucam
1199 781 1354 830 sartorem
1388 783 1418 831 et

169 874 340 938 Emericum
364 874 443 935 alias
467 872 625 935 famulum
650 893 755 952 suum,
780 887 815 935 ut
839 875 905 956 ipse
932 875 1098 936 Emericus
1123 875 1289 936 terciomet
1313 873 1417 954 jurare

169 980 268 1042 debeat
292 980 324 1040 in
343 1000 396 1042 ara
421 993 527 1041 sancte
545 979 659 1042 Crucis
676 977 754 1041 leria
772 993 858 1042 sexta
882 981 1027 1062 proxima
1045 994 1116 1063 post
1133 994 1279 1043 octavam
1297 981 1414 1043 Pasche

169 1087 284 1148 Domini
309 1087 456 1168 proxime
479 1099 659 1164 venturam,
684 1087 773 1168 quod
797 1086 865 1169 ipse
890 1087 921 1148 in
947 1087 1038 1148 nullo
1063 1087 1169 1152 eidem
1195 1087 1280 1148 Luce
1305 1087 1413 1168 culpa·

168 1194 229 1255 bilis
251 1193 334 1256 foret
365 1215 428 1277 que
453 1195 519 1277 ipse
551 1209 660 1256 contra
690 1194 795 1275 ipsum
828 1194 860 1255 in
885 1193 1006 1275 judicio
1038 1195 1250 1277 proponebat,
1275 1207 1414 1276 prestare

168 1299 291 1365 debebit.

256 1406 335 1469 ltem
359 1427 488 1468 causam
514 1407 597 1468 inter
620 1407 790 1489 providam
823 1407 993 1470 mulierem
1020 1407 1118 1468 Lucia
1143 1420 1301 1486 vocatam,
1326 1407 1414 1470 relic·

166 1525 229 1590 tam,
252 1527 283 1574 et
314 1514 397 1576 inter
427 1513 599 1575 Nicolaum
633 1513 777 1596 Galoycz
808 1513 938 1576 racione
970 1513 1137 1576 cuiusdam
1168 1514 1289 1595 galline
1321 1512 1415 1594 jurati

167 1633 407 1700 prorogaverunt
432 1638 532 1701 usque
557 1621 697 1702 primurn
722 1619 878 1700 judicium
903 1622 962 1682 sub
987 1619 1090 1682 forma
1115 1619 1220 1682 fiende
1245 1619 1340 1702 pacis.

198 1837 286 1911 ierit
315 1849 412 1912 sexta
441 1837 595 1930 proxima
623 1848 702 1910 ante
731 1838 874 1928 Georgii,
912 1859 998 1910 anno
1027 1838 1158 1910 Domini
1187 1849 1249 1909 etc.
1279 1853 1374 1909 sexa·

640 1965 766 2052 gesimo
795 1966 914 2052 primo.

676 2119 736 2194 (17.
761 2117 892 2195 aprilis).

255 2257 331 2320 ltetn
366 2257 460 2339 jurati
492 2256 760 2337 adjudicaverunt
791 2277 919 2319 causam
957 2257 1038 2318 inter
1072 2257 1214 2318 Blasium
1247 2269 1413 2334 sartorem,

161 2363 340 2424 modernum
366 2363 517 2444 juratum,
541 2378 572 2426 et
596 2365 678 2426 inter
703 2363 833 2425 Matheo
866 2363 1045 2424 institorem
1079 2377 1110 2424 et
1135 2361 1291 2424 Mathiam
1323 2380 1412 2424 arcu-

160 2487 270 2549 parem,
302 2470 403 2547 cives,
436 2484 621 2532 executores
651 2471 835 2532 testamenti
868 2469 1006 2531 condam
1040 2469 1121 2530 Pero
1154 2467 1247 2547 iurati
1280 2469 1410 2530 racione

159 2577 315 2640 cuiusdam
338 2577 608 2640 dentis'unicorni
626 2597 682 2659 per
706 2577 811 2658 ipsum
837 2575 979 2638 Blasium
997 2576 1055 2657 ipsi
1081 2574 1219 2637 condam
1238 2575 1319 2636 Pero
1336 2574 1411 2636 dato

159 2694 186 2742 et
207 2681 381 2764 deperdito,
406 2683 494 2764 quod
519 2683 586 2764 ipse
619 2682 744 2744 Blasius
776 2681 896 2760 juratus
930 2695 1056 2742 tenetur
1088 2681 1222 2742 transire
1246 2679 1286 2740 ad
1319 2679 1410 2741 illurn

159 2788 239 2848 cuius
263 2788 340 2850 dens
365 2787 425 2850 luit
448 2807 522 2850 curn
546 2789 647 2850 literis
678 2789 919 2851 communitatis
950 2802 981 2850 et
1004 2790 1044 2850 ab
1070 2787 1126 2849 illo
1152 2801 1277 2869 portare
1303 2787 1411 2848 literas

158 2905 186 2954 et
205 2915 222 2955 a
244 2895 317 2956 loco
341 2896 373 2956 in
399 2915 464 2976 quo
488 2895 609 2956 habitat
641 2911 798 2976 quantum
825 2895 891 2977 ipse
925 2895 1051 2956 Blasius
1074 2913 1132 2976 pro
1165 2893 1280 2956 eodem
1305 2891 1410 2954 eidem

158 2999 254 3078 solvit,
279 3015 309 3062 et
331 3001 356 3062 si
383 3001 450 3084 ipse
475 3001 600 3064 Blasius
631 3001 771 3082 portabit
803 3001 989 3062 huiusmodi
1022 3001 1140 3080 literas,
1163 3013 1280 3062 extunc
1306 2999 1411 3082 ipsum

159 3105 277 3168 dentem
292 3121 321 3168 et
333 3105 448 3188 fatigas
461 3121 492 3168 et
505 3127 660 3188 expensas
673 3107 779 3170 eidem
793 3107 853 3189 ipsi
868 3121 1053 3169 executores
1063 3107 1188 3169 solvere
1205 3108 1410 3169 tenebuntur.

253 3212 330 3274 ltem
354 3213 501 3274 Andreas
531 3225 643 3275 tunsor
675 3214 780 3295 primo
810 3213 924 3275 citatus
955 3225 1064 3274 contra
1098 3211 1207 3274 Claws
1238 3212 1410 3274 loricarum

157 3331 337 3398 paratorem,
361 3338 426 3380 non
451 3319 631 3402 comparuit
655 3320 687 3380 in
712 3319 843 3398 judicio.

254 3423 329 3485 ltem
365 3424 499 3506 provida
534 3425 651 3487 mulier
682 3425 796 3488 Vrsula
825 3426 936 3492 relicta
968 3424 1106 3486 condam
1139 3423 1296 3488 Anthonii
1328 3422 1409 3485 labri

158 3543 287 3591 nostram
311 3531 444 3594 veniens
467 3532 500 3592 in
525 3533 720 3614 presenciam
740 3533 903 3594 constituit
920 3545 1161 3616 procuratorem
1179 3532 1327 3594 omnium
1353 3533 1408 3593 bo·

157 3653 263 3697 norum
287 3656 419 3698 suorum
444 3637 615 3700 mobilium
648 3651 680 3701 et
711 3639 928 3718 inmobilium,
954 3640 1029 3720 quia
1054 3639 1094 3700 ad
1126 3658 1256 3720 presens
1289 3639 1410 3700 recedit

155 3739 191 3800 ad
214 3741 353 3822 Curiam,
378 3743 481 3806 filium
505 3763 599 3805 suum
625 3745 823 3806 Heremitam
851 3744 986 3806 Paulum
1012 3745 1153 3806 nomine.

252 3848 327 3910 Item
359 3849 544 3911 Anthonius
569 3850 666 3932 Segin
697 3850 817 3930 dictus,
850 3851 882 3912 id
915 3871 987 3912 cum
1021 3849 1191 3913 sufficienti
1223 3851 1408 3912 testimonio

155 3955 353 4032 providorum
380 3955 522 4018 virorum
547 3957 781 4038 comprobavit,
805 3957 973 4039 quomodo
995 3957 1149 4038 providus
1173 3957 1221 4018 vir
1247 3956 1407 4036 Georgius

154 4058 343 4142 Ztharybech
368 4061 483 4141 dictus,
507 4063 648 4124 concivis
665 4078 783 4142 noster,
807 4064 839 4126 in
857 4065 961 4147 platea
978 4077 1124 4126 sutorum
1148 4063 1305 4142 habitans,
1329 4064 1407 4125 dum

154 4163 183 4225 in
205 4168 349 4229 extremis
373 4168 437 4229 vite
461 4188 517 4230 sue
538 4169 724 4252 temporalis
741 4171 928 4250 laborasset,
953 4171 1092 4234 eundem
1111 4183 1312 4232 executorem
1338 4190 1406 4232 om-

154 4271 237 4333 nium
261 4273 419 4336 bonorum
443 4271 568 4338 fecisset
592 4290 623 4339 et
647 4277 873 4355 constituisset,
898 4277 972 4338 ideo
990 4277 1130 4340 eundem
1155 4276 1356 4338 Anthonium
1374 4277 1406 4338 in

153 4374 328 4441 huiusmodi
352 4377 438 4442 facto
463 4380 656 4443 ratificamus
680 4396 711 4445 et
735 4383 840 4445 eidem
858 4383 987 4466 plenam
1010 4397 1199 4465 potestatem
1224 4384 1406 4462 tribuimus,

154 4497 181 4543 et
203 4485 286 4564 quod
310 4487 497 4569 porcionem
531 4489 674 4550 eiusdem
708 4488 765 4550 filii
798 4489 900 4570 ipsius
924 4489 1097 4551 domorum
1131 4503 1161 4550 et
1186 4490 1278 4550 vinee
1311 4490 1407 4551 debet

154 4607 271 4654 servare
294 4592 410 4671 eidem,
435 4595 514 4655 etsi
539 4595 645 4676 ipsum
674 4595 755 4657 mori
783 4596 952 4676 contigerit
976 4609 1090 4658 extunc
1114 4596 1274 4658 vendendi
1301 4611 1331 4658 et
1348 4616 1406 4678 pro

153 4697 253 4758 anima
275 4699 372 4781 ipsius
397 4701 589 4782 exponendi.

253 4803 325 4866 Item
352 4806 543 4868 Valentinus
560 4822 649 4870 sutor
673 4808 814 4870 concivis
834 4821 950 4870 noster
976 4809 1006 4870 id
1033 4829 1105 4870 curn
1131 4808 1299 4872 sufficienti
1319 4812 1404 4872 testi·

154 4911 258 4971 rnonio
280 4915 456 4994 proborum
481 4915 623 4976 virorum
653 4915 815 4977 docuisset
848 4915 879 4976 in
904 4916 1024 4996 judicio
1049 4936 1156 4977 corarn
1188 4917 1292 4996 nobis,
1325 4938 1404 4998 quo·

153 5014 247 5078 modo
270 5018 404 5081 condam
431 5017 545 5083 Gallus
572 5033 662 5084 sutor
687 5019 818 5106 Cherny
843 5021 957 5102 dictus,
983 5022 1014 5084 in
1033 5042 1091 5086 suo
1116 5023 1231 5087 ultimo
1256 5037 1332 5088 voto
1349 5039 1404 5088 seu
