<?xml version="1.0" encoding="UTF-8"?>
<!DOCTYPE html PUBLIC "-//W3C//DTD XHTML 1.0 Transitional//EN"
    "http://www.w3.org/TR/xhtml1/DTD/xhtml1-transitional.dtd">
<html xmlns="http://www.w3.org/1999/xhtml" xml:lang="en" lang="en">
 <head>
  <title>
</title>
<meta http-equiv="Content-Type" content="text/html;charset=utf-8" />
  <meta name='ocr-system' content='tesseract 3.04.00' />
  <meta name='ocr-capabilities' content='ocr_page ocr_carea ocr_par ocr_line ocrx_word'/>
</head>
<body>
  <div class='ocr_page' id='page_1' title='image "./monumentahistor13laszgoog_0276.png"; bbox 0 0 3644 5788; ppageno 0'>
   <div class='ocr_carea' id='block_1_1' title="bbox 371 472 1640 2580">
    <p class='ocr_par' dir='ltr' id='par_1_1' title="bbox 747 472 1266 551">
     <span class='ocr_line' id='line_1_1' title="bbox 747 472 1266 551; baseline 0.002 -19"><span class='ocrx_word' id='word_1_1' title='bbox 747 476 836 532; x_wconf 83' lang='lat' dir='ltr'>Anno</span> <span class='ocrx_word' id='word_1_2' title='bbox 862 472 954 551; x_wconf 79' lang='lat'><em>1462.</em></span> <span class='ocrx_word' id='word_1_3' title='bbox 980 507 1021 516; x_wconf 90' lang='lat'><em>-</em></span> <span class='ocrx_word' id='word_1_4' title='bbox 1044 488 1095 533; x_wconf 86' lang='lat'>22.</span> <span class='ocrx_word' id='word_1_5' title='bbox 1111 475 1266 549; x_wconf 80' lang='lat' dir='ltr'>januarii.</span> 
     </span>
    </p>

    <p class='ocr_par' dir='ltr' id='par_1_2' title="bbox 371 685 1637 1410">
     <span class='ocr_line' id='line_1_2' title="bbox 373 685 1633 768; baseline -0.002 -19"><span class='ocrx_word' id='word_1_6' title='bbox 373 703 478 750; x_wconf 91' lang='lat' dir='ltr'>torum</span> <span class='ocrx_word' id='word_1_7' title='bbox 503 687 661 765; x_wconf 91' lang='lat' dir='ltr'>omnium,</span> <span class='ocrx_word' id='word_1_8' title='bbox 686 688 791 749; x_wconf 88' lang='lat' dir='ltr'>taliter</span> <span class='ocrx_word' id='word_1_9' title='bbox 815 701 845 748; x_wconf 91' lang='lat' dir='ltr'>et</span> <span class='ocrx_word' id='word_1_10' title='bbox 861 687 953 765; x_wconf 91' lang='lat' dir='ltr'>adeo,</span> <span class='ocrx_word' id='word_1_11' title='bbox 979 687 1067 768; x_wconf 92' lang='lat' dir='ltr'>quod</span> <span class='ocrx_word' id='word_1_12' title='bbox 1092 685 1233 768; x_wconf 84' lang='lat' dir='ltr'>prelatus</span> <span class='ocrx_word' id='word_1_13' title='bbox 1253 685 1429 768; x_wconf 85' lang='lat' dir='ltr'>Gregorius</span> <span class='ocrx_word' id='word_1_14' title='bbox 1446 686 1568 748; x_wconf 92' lang='lat' dir='ltr'>amodo</span> <span class='ocrx_word' id='word_1_15' title='bbox 1583 707 1633 768; x_wconf 88' lang='lat' dir='ltr'>per</span> 
     </span>
     <span class='ocr_line' id='line_1_3' title="bbox 371 791 1633 875; baseline -0.001 -20"><span class='ocrx_word' id='word_1_16' title='bbox 371 795 509 875; x_wconf 92' lang='lat' dir='ltr'>amplius</span> <span class='ocrx_word' id='word_1_17' title='bbox 534 795 565 854; x_wconf 91' lang='lat' dir='ltr'>in</span> <span class='ocrx_word' id='word_1_18' title='bbox 591 795 673 854; x_wconf 87' lang='lat' dir='ltr'>dicta</span> <span class='ocrx_word' id='word_1_19' title='bbox 699 795 825 855; x_wconf 89' lang='lat' dir='ltr'>civitate</span> <span class='ocrx_word' id='word_1_20' title='bbox 858 794 946 854; x_wconf 93' lang='lat' dir='ltr'>nulla</span> <span class='ocrx_word' id='word_1_21' title='bbox 979 813 1066 854; x_wconf 91' lang='lat' dir='ltr'>arma</span> <span class='ocrx_word' id='word_1_22' title='bbox 1100 807 1227 875; x_wconf 89' lang='lat' dir='ltr'>portare</span> <span class='ocrx_word' id='word_1_23' title='bbox 1260 813 1316 854; x_wconf 91' lang='lat' dir='ltr'>seu</span> <span class='ocrx_word' id='word_1_24' title='bbox 1342 791 1481 872; x_wconf 84' lang='lat' dir='ltr'>deferre,</span> <span class='ocrx_word' id='word_1_25' title='bbox 1505 813 1563 854; x_wconf 91' lang='lat' dir='ltr'>nec</span> <span class='ocrx_word' id='word_1_26' title='bbox 1593 807 1633 854; x_wconf 85' lang='lat' dir='ltr'>ta-</span> 
     </span>
     <span class='ocr_line' id='line_1_4' title="bbox 373 900 1635 982; baseline 0 -20"><span class='ocrx_word' id='word_1_27' title='bbox 373 905 487 962; x_wconf 89' lang='lat' dir='ltr'>bernas</span> <span class='ocrx_word' id='word_1_28' title='bbox 511 902 627 961; x_wconf 91' lang='lat' dir='ltr'>intrare</span> <span class='ocrx_word' id='word_1_29' title='bbox 645 914 676 962; x_wconf 90' lang='lat' dir='ltr'>et</span> <span class='ocrx_word' id='word_1_30' title='bbox 700 920 812 961; x_wconf 90' lang='lat' dir='ltr'>omnes</span> <span class='ocrx_word' id='word_1_31' title='bbox 829 900 923 962; x_wconf 92' lang='lat' dir='ltr'>ludos</span> <span class='ocrx_word' id='word_1_32' title='bbox 947 900 1119 979; x_wconf 80' lang='lat' dir='ltr'>dimittere,</span> <span class='ocrx_word' id='word_1_33' title='bbox 1138 919 1196 962; x_wconf 90' lang='lat' dir='ltr'>nec</span> <span class='ocrx_word' id='word_1_34' title='bbox 1214 900 1343 961; x_wconf 85' lang='lat' dir='ltr'>racione</span> <span class='ocrx_word' id='word_1_35' title='bbox 1364 920 1421 962; x_wconf 88' lang='lat' dir='ltr'>seu</span> <span class='ocrx_word' id='word_1_36' title='bbox 1445 919 1528 982; x_wconf 87' lang='lat' dir='ltr'>pene</span> <span class='ocrx_word' id='word_1_37' title='bbox 1545 900 1635 962; x_wconf 89' lang='lat' dir='ltr'>alicui</span> 
     </span>
     <span class='ocr_line' id='line_1_5' title="bbox 372 1006 1637 1089; baseline -0.002 -19"><span class='ocrx_word' id='word_1_38' title='bbox 372 1011 474 1070; x_wconf 89' lang='lat' dir='ltr'>minas</span> <span class='ocrx_word' id='word_1_39' title='bbox 499 1009 664 1089; x_wconf 87' lang='lat' dir='ltr'>imponere</span> <span class='ocrx_word' id='word_1_40' title='bbox 689 1008 740 1069; x_wconf 93' lang='lat' dir='ltr'>vel</span> <span class='ocrx_word' id='word_1_41' title='bbox 765 1007 906 1087; x_wconf 82' lang='lat' dir='ltr'>aliquem</span> <span class='ocrx_word' id='word_1_42' title='bbox 932 1007 1039 1068; x_wconf 87' lang='lat' dir='ltr'>ledere</span> <span class='ocrx_word' id='word_1_43' title='bbox 1067 1008 1163 1068; x_wconf 89' lang='lat' dir='ltr'>verbo</span> <span class='ocrx_word' id='word_1_44' title='bbox 1188 1007 1238 1068; x_wconf 95' lang='lat' dir='ltr'>vel</span> <span class='ocrx_word' id='word_1_45' title='bbox 1264 1006 1360 1086; x_wconf 86' lang='lat' dir='ltr'>factu,</span> <span class='ocrx_word' id='word_1_46' title='bbox 1388 1007 1527 1088; x_wconf 90' lang='lat' dir='ltr'>quodsi</span> <span class='ocrx_word' id='word_1_47' title='bbox 1552 1027 1637 1070; x_wconf 87' lang='lat' dir='ltr'>secus</span> 
     </span>
     <span class='ocr_line' id='line_1_6' title="bbox 372 1113 1636 1196; baseline -0.002 -19"><span class='ocrx_word' id='word_1_48' title='bbox 372 1116 480 1177; x_wconf 88' lang='lat' dir='ltr'>lecerit</span> <span class='ocrx_word' id='word_1_49' title='bbox 505 1115 554 1176; x_wconf 88' lang='lat' dir='ltr'>vel</span> <span class='ocrx_word' id='word_1_50' title='bbox 579 1114 730 1196; x_wconf 88' lang='lat' dir='ltr'>premissa</span> <span class='ocrx_word' id='word_1_51' title='bbox 754 1113 934 1192; x_wconf 86' lang='lat' dir='ltr'>violaverit,</span> <span class='ocrx_word' id='word_1_52' title='bbox 960 1115 1040 1175; x_wconf 92' lang='lat' dir='ltr'>bene</span> <span class='ocrx_word' id='word_1_53' title='bbox 1063 1113 1208 1195; x_wconf 89' lang='lat' dir='ltr'>quidem,</span> <span class='ocrx_word' id='word_1_54' title='bbox 1233 1113 1379 1195; x_wconf 86' lang='lat' dir='ltr'>alioquin</span> <span class='ocrx_word' id='word_1_55' title='bbox 1406 1133 1524 1196; x_wconf 89' lang='lat' dir='ltr'>penam</span> <span class='ocrx_word' id='word_1_56' title='bbox 1548 1115 1636 1196; x_wconf 91' lang='lat' dir='ltr'>prius</span> 
     </span>
     <span class='ocr_line' id='line_1_7' title="bbox 372 1219 1634 1305; baseline -0.001 -22"><span class='ocrx_word' id='word_1_57' title='bbox 372 1242 428 1305; x_wconf 93' lang='lat' dir='ltr'>per</span> <span class='ocrx_word' id='word_1_58' title='bbox 452 1222 573 1304; x_wconf 82' lang='lat' dir='ltr'>juratos</span> <span class='ocrx_word' id='word_1_59' title='bbox 595 1222 654 1282; x_wconf 93' lang='lat' dir='ltr'>sibi</span> <span class='ocrx_word' id='word_1_60' title='bbox 685 1219 911 1299; x_wconf 83' lang='lat' dir='ltr'>adjudicatam,</span> <span class='ocrx_word' id='word_1_61' title='bbox 936 1240 1010 1281; x_wconf 83' lang='lat' dir='ltr'>mox</span> <span class='ocrx_word' id='word_1_62' title='bbox 1039 1235 1069 1282; x_wconf 89' lang='lat' dir='ltr'>et</span> <span class='ocrx_word' id='word_1_63' title='bbox 1093 1221 1306 1282; x_wconf 85' lang='lat' dir='ltr'>incontinenti</span> <span class='ocrx_word' id='word_1_64' title='bbox 1332 1222 1401 1303; x_wconf 91' lang='lat' dir='ltr'>ipso</span> <span class='ocrx_word' id='word_1_65' title='bbox 1427 1220 1511 1283; x_wconf 85' lang='lat' dir='ltr'>lacto</span> <span class='ocrx_word' id='word_1_66' title='bbox 1530 1222 1634 1283; x_wconf 91' lang='lat' dir='ltr'>subire</span> 
     </span>
     <span class='ocr_line' id='line_1_8' title="bbox 373 1325 1013 1410; baseline -0.003 -20"><span class='ocrx_word' id='word_1_67' title='bbox 373 1350 430 1391; x_wconf 90' lang='lat' dir='ltr'>nec</span> <span class='ocrx_word' id='word_1_68' title='bbox 457 1329 591 1390; x_wconf 87' lang='lat' dir='ltr'>ulterius</span> <span class='ocrx_word' id='word_1_69' title='bbox 617 1328 676 1410; x_wconf 93' lang='lat' dir='ltr'>ipsi</span> <span class='ocrx_word' id='word_1_70' title='bbox 706 1327 926 1388; x_wconf 82' lang='lat' dir='ltr'>misericordia</span> <span class='ocrx_word' id='word_1_71' title='bbox 951 1325 1013 1389; x_wconf 90' lang='lat' dir='ltr'>fiet.</span> 
     </span>
    </p>

    <p class='ocr_par' dir='ltr' id='par_1_3' title="bbox 373 1433 1640 2580">
     <span class='ocr_line' id='line_1_9' title="bbox 483 1433 1636 1516; baseline 0.001 -21"><span class='ocrx_word' id='word_1_72' title='bbox 483 1435 560 1495; x_wconf 82' lang='lat' dir='ltr'>Item</span> <span class='ocrx_word' id='word_1_73' title='bbox 589 1434 731 1496; x_wconf 88' lang='lat' dir='ltr'>seniores</span> <span class='ocrx_word' id='word_1_74' title='bbox 763 1433 883 1514; x_wconf 88' lang='lat' dir='ltr'>judices</span> <span class='ocrx_word' id='word_1_75' title='bbox 915 1434 947 1494; x_wconf 94' lang='lat' dir='ltr'>in</span> <span class='ocrx_word' id='word_1_76' title='bbox 980 1433 1063 1494; x_wconf 88' lang='lat' dir='ltr'>lacto</span> <span class='ocrx_word' id='word_1_77' title='bbox 1096 1434 1328 1515; x_wconf 90' lang='lat' dir='ltr'>appellacionis</span> <span class='ocrx_word' id='word_1_78' title='bbox 1360 1454 1415 1516; x_wconf 91' lang='lat' dir='ltr'>per</span> <span class='ocrx_word' id='word_1_79' title='bbox 1447 1434 1636 1516; x_wconf 88' lang='lat' dir='ltr'>Dyonisium</span> 
     </span>
     <span class='ocr_line' id='line_1_10' title="bbox 373 1540 1636 1622; baseline 0.001 -21"><span class='ocrx_word' id='word_1_80' title='bbox 373 1555 538 1619; x_wconf 86' lang='lat' dir='ltr'>sartorem,</span> <span class='ocrx_word' id='word_1_81' title='bbox 564 1541 702 1622; x_wconf 88' lang='lat' dir='ltr'>juratum</span> <span class='ocrx_word' id='word_1_82' title='bbox 729 1541 831 1601; x_wconf 88' lang='lat' dir='ltr'>civem</span> <span class='ocrx_word' id='word_1_83' title='bbox 856 1541 1017 1602; x_wconf 88' lang='lat' dir='ltr'>seniorem</span> <span class='ocrx_word' id='word_1_84' title='bbox 1036 1541 1120 1602; x_wconf 90' lang='lat' dir='ltr'>dicte</span> <span class='ocrx_word' id='word_1_85' title='bbox 1146 1540 1293 1618; x_wconf 90' lang='lat' dir='ltr'>civitatis,</span> <span class='ocrx_word' id='word_1_86' title='bbox 1318 1553 1427 1602; x_wconf 88' lang='lat' dir='ltr'>contra</span> <span class='ocrx_word' id='word_1_87' title='bbox 1452 1541 1636 1602; x_wconf 89' lang='lat' dir='ltr'>Thomasko</span> 
     </span>
     <span class='ocr_line' id='line_1_11' title="bbox 373 1644 1633 1729; baseline 0 -21"><span class='ocrx_word' id='word_1_88' title='bbox 373 1647 522 1709; x_wconf 89' lang='lat' dir='ltr'>similiter</span> <span class='ocrx_word' id='word_1_89' title='bbox 538 1647 676 1728; x_wconf 86' lang='lat' dir='ltr'>juratum</span> <span class='ocrx_word' id='word_1_90' title='bbox 694 1647 898 1724; x_wconf 92' lang='lat' dir='ltr'>modernum,</span> <span class='ocrx_word' id='word_1_91' title='bbox 923 1648 1056 1708; x_wconf 89' lang='lat' dir='ltr'>sabbato</span> <span class='ocrx_word' id='word_1_92' title='bbox 1073 1647 1222 1729; x_wconf 84' lang='lat' dir='ltr'>proximo</span> <span class='ocrx_word' id='word_1_93' title='bbox 1240 1661 1312 1708; x_wconf 89' lang='lat' dir='ltr'>ante</span> <span class='ocrx_word' id='word_1_94' title='bbox 1337 1644 1453 1710; x_wconf 87' lang='lat' dir='ltr'>festum</span> <span class='ocrx_word' id='word_1_95' title='bbox 1472 1649 1633 1709; x_wconf 90' lang='lat' dir='ltr'>beatorum</span> 
     </span>
     <span class='ocr_line' id='line_1_12' title="bbox 374 1753 1635 1834; baseline 0 -20"><span class='ocrx_word' id='word_1_96' title='bbox 374 1753 506 1815; x_wconf 90' lang='lat' dir='ltr'>Fabiani</span> <span class='ocrx_word' id='word_1_97' title='bbox 532 1767 562 1814; x_wconf 88' lang='lat' dir='ltr'>et</span> <span class='ocrx_word' id='word_1_98' title='bbox 587 1753 765 1816; x_wconf 85' lang='lat' dir='ltr'>Sebastiam</span> <span class='ocrx_word' id='word_1_99' title='bbox 791 1753 966 1814; x_wconf 89' lang='lat' dir='ltr'>martirum</span> <span class='ocrx_word' id='word_1_100' title='bbox 991 1754 1136 1834; x_wconf 83' lang='lat' dir='ltr'>proxime</span> <span class='ocrx_word' id='word_1_101' title='bbox 1164 1768 1335 1814; x_wconf 90' lang='lat' dir='ltr'>venturum</span> <span class='ocrx_word' id='word_1_102' title='bbox 1361 1768 1578 1816; x_wconf 90' lang='lat' dir='ltr'>convenerant</span> <span class='ocrx_word' id='word_1_103' title='bbox 1600 1755 1635 1815; x_wconf 91' lang='lat' dir='ltr'>ad</span> 
     </span>
     <span class='ocr_line' id='line_1_13' title="bbox 374 1859 1636 1942; baseline 0.002 -23"><span class='ocrx_word' id='word_1_104' title='bbox 374 1861 548 1940; x_wconf 85' lang='lat' dir='ltr'>pretorium</span> <span class='ocrx_word' id='word_1_105' title='bbox 581 1880 637 1921; x_wconf 88' lang='lat' dir='ltr'>seu</span> <span class='ocrx_word' id='word_1_106' title='bbox 670 1861 803 1921; x_wconf 91' lang='lat' dir='ltr'>domum</span> <span class='ocrx_word' id='word_1_107' title='bbox 846 1860 1030 1940; x_wconf 86' lang='lat' dir='ltr'>judicialem</span> <span class='ocrx_word' id='word_1_108' title='bbox 1063 1859 1156 1922; x_wconf 88' lang='lat' dir='ltr'>etad</span> <span class='ocrx_word' id='word_1_109' title='bbox 1188 1859 1307 1921; x_wconf 84' lang='lat' dir='ltr'>lactum</span> <span class='ocrx_word' id='word_1_110' title='bbox 1328 1862 1526 1942; x_wconf 74' lang='lat' dir='ltr'>&#39;premissum</span> <span class='ocrx_word' id='word_1_111' title='bbox 1559 1881 1636 1922; x_wconf 88' lang='lat' dir='ltr'>cam·</span> 
     </span>
     <span class='ocr_line' id='line_1_14' title="bbox 376 1965 1637 2048; baseline 0.002 -22"><span class='ocrx_word' id='word_1_112' title='bbox 376 1987 490 2047; x_wconf 84' lang='lat' dir='ltr'>parram</span> <span class='ocrx_word' id='word_1_113' title='bbox 517 1967 655 2048; x_wconf 91' lang='lat' dir='ltr'>pulsare,</span> <span class='ocrx_word' id='word_1_114' title='bbox 682 1965 778 2027; x_wconf 87' lang='lat' dir='ltr'>finem</span> <span class='ocrx_word' id='word_1_115' title='bbox 805 1986 898 2027; x_wconf 88' lang='lat' dir='ltr'>cause</span> <span class='ocrx_word' id='word_1_116' title='bbox 924 1987 979 2047; x_wconf 89' lang='lat' dir='ltr'>per</span> <span class='ocrx_word' id='word_1_117' title='bbox 1003 1967 1106 2047; x_wconf 92' lang='lat' dir='ltr'>ipsum</span> <span class='ocrx_word' id='word_1_118' title='bbox 1132 1966 1316 2027; x_wconf 90' lang='lat' dir='ltr'>Dionisium</span> <span class='ocrx_word' id='word_1_119' title='bbox 1343 1967 1536 2047; x_wconf 88' lang='lat' dir='ltr'>appellatam</span> <span class='ocrx_word' id='word_1_120' title='bbox 1562 1968 1637 2028; x_wconf 88' lang='lat' dir='ltr'>dell·</span> 
     </span>
     <span class='ocr_line' id='line_1_15' title="bbox 377 2073 1634 2155; baseline 0 -21"><span class='ocrx_word' id='word_1_121' title='bbox 377 2075 487 2134; x_wconf 89' lang='lat' dir='ltr'>berare</span> <span class='ocrx_word' id='word_1_122' title='bbox 513 2074 667 2150; x_wconf 89' lang='lat' dir='ltr'>volentes,</span> <span class='ocrx_word' id='word_1_123' title='bbox 700 2089 730 2134; x_wconf 93' lang='lat' dir='ltr'>et</span> <span class='ocrx_word' id='word_1_124' title='bbox 761 2073 835 2153; x_wconf 90' lang='lat' dir='ltr'>quia</span> <span class='ocrx_word' id='word_1_125' title='bbox 868 2085 1040 2134; x_wconf 89' lang='lat' dir='ltr'>annotatus</span> <span class='ocrx_word' id='word_1_126' title='bbox 1073 2073 1249 2155; x_wconf 89' lang='lat' dir='ltr'>Dyonisius</span> <span class='ocrx_word' id='word_1_127' title='bbox 1276 2073 1317 2134; x_wconf 88' lang='lat' dir='ltr'>ad</span> <span class='ocrx_word' id='word_1_128' title='bbox 1349 2073 1525 2153; x_wconf 89' lang='lat' dir='ltr'>predictam</span> <span class='ocrx_word' id='word_1_129' title='bbox 1553 2075 1634 2134; x_wconf 92' lang='lat' dir='ltr'>diem</span> 
     </span>
     <span class='ocr_line' id='line_1_16' title="bbox 376 2179 1637 2260; baseline 0 -20"><span class='ocrx_word' id='word_1_130' title='bbox 376 2194 407 2241; x_wconf 91' lang='lat' dir='ltr'>et</span> <span class='ocrx_word' id='word_1_131' title='bbox 431 2181 604 2240; x_wconf 90' lang='lat' dir='ltr'>terminum</span> <span class='ocrx_word' id='word_1_132' title='bbox 629 2192 769 2240; x_wconf 89' lang='lat' dir='ltr'>nostram</span> <span class='ocrx_word' id='word_1_133' title='bbox 796 2179 826 2238; x_wconf 90' lang='lat' dir='ltr'>iu</span> <span class='ocrx_word' id='word_1_134' title='bbox 853 2179 1051 2260; x_wconf 87' lang='lat' dir='ltr'>presenciam</span> <span class='ocrx_word' id='word_1_135' title='bbox 1077 2199 1142 2240; x_wconf 92' lang='lat' dir='ltr'>non</span> <span class='ocrx_word' id='word_1_136' title='bbox 1160 2181 1260 2257; x_wconf 87' lang='lat' dir='ltr'>venit,</span> <span class='ocrx_word' id='word_1_137' title='bbox 1285 2180 1341 2241; x_wconf 91' lang='lat' dir='ltr'>sed</span> <span class='ocrx_word' id='word_1_138' title='bbox 1366 2200 1399 2240; x_wconf 91' lang='lat' dir='ltr'>se</span> <span class='ocrx_word' id='word_1_139' title='bbox 1422 2201 1438 2240; x_wconf 92' lang='lat' dir='ltr'>a</span> <span class='ocrx_word' id='word_1_140' title='bbox 1465 2179 1546 2242; x_wconf 83' lang='lat' dir='ltr'>facie</span> <span class='ocrx_word' id='word_1_141' title='bbox 1563 2180 1637 2260; x_wconf 84' lang='lat' dir='ltr'>juris</span> 
     </span>
     <span class='ocr_line' id='line_1_17' title="bbox 376 2284 1637 2368; baseline -0.001 -21"><span class='ocrx_word' id='word_1_142' title='bbox 376 2300 407 2347; x_wconf 89' lang='lat' dir='ltr'>et</span> <span class='ocrx_word' id='word_1_143' title='bbox 431 2285 554 2366; x_wconf 90' lang='lat' dir='ltr'>justicie</span> <span class='ocrx_word' id='word_1_144' title='bbox 579 2285 766 2360; x_wconf 88' lang='lat' dir='ltr'>absentavit,</span> <span class='ocrx_word' id='word_1_145' title='bbox 795 2284 868 2345; x_wconf 90' lang='lat' dir='ltr'>ideo</span> <span class='ocrx_word' id='word_1_146' title='bbox 904 2305 962 2345; x_wconf 91' lang='lat' dir='ltr'>nos</span> <span class='ocrx_word' id='word_1_147' title='bbox 986 2285 1124 2346; x_wconf 92' lang='lat' dir='ltr'>eundem</span> <span class='ocrx_word' id='word_1_148' title='bbox 1159 2285 1342 2346; x_wconf 89' lang='lat' dir='ltr'>Dionisium</span> <span class='ocrx_word' id='word_1_149' title='bbox 1375 2300 1406 2348; x_wconf 91' lang='lat' dir='ltr'>et</span> <span class='ocrx_word' id='word_1_150' title='bbox 1431 2299 1535 2368; x_wconf 91' lang='lat' dir='ltr'>partes</span> <span class='ocrx_word' id='word_1_151' title='bbox 1566 2305 1637 2347; x_wconf 89' lang='lat' dir='ltr'>suas</span> 
     </span>
     <span class='ocr_line' id='line_1_18' title="bbox 384 2391 1640 2474; baseline 0 -22"><span class='ocrx_word' id='word_1_152' title='bbox 384 2393 414 2453; x_wconf 92' lang='lat' dir='ltr'>in</span> <span class='ocrx_word' id='word_1_153' title='bbox 442 2392 648 2453; x_wconf 88' lang='lat' dir='ltr'>ammissione</span> <span class='ocrx_word' id='word_1_154' title='bbox 673 2412 727 2451; x_wconf 91' lang='lat' dir='ltr'>sue</span> <span class='ocrx_word' id='word_1_155' title='bbox 753 2411 846 2452; x_wconf 89' lang='lat' dir='ltr'>cause</span> <span class='ocrx_word' id='word_1_156' title='bbox 869 2392 1050 2452; x_wconf 88' lang='lat' dir='ltr'>convictum</span> <span class='ocrx_word' id='word_1_157' title='bbox 1069 2391 1136 2453; x_wconf 87' lang='lat' dir='ltr'>lore</span> <span class='ocrx_word' id='word_1_158' title='bbox 1161 2408 1192 2452; x_wconf 93' lang='lat' dir='ltr'>et</span> <span class='ocrx_word' id='word_1_159' title='bbox 1216 2405 1404 2474; x_wconf 84' lang='lat' dir='ltr'>aggravatos</span> <span class='ocrx_word' id='word_1_160' title='bbox 1421 2393 1640 2454; x_wconf 90' lang='lat' dir='ltr'>commisimus</span> 
     </span>
     <span class='ocr_line' id='line_1_19' title="bbox 376 2488 1431 2580; baseline -0.003 -18"><span class='ocrx_word' id='word_1_161' title='bbox 376 2515 407 2562; x_wconf 88' lang='lat' dir='ltr'>et</span> <span class='ocrx_word' id='word_1_162' title='bbox 430 2488 585 2580; x_wconf 83' lang='lat' dir='ltr'>judicium</span> <span class='ocrx_word' id='word_1_163' title='bbox 610 2499 669 2559; x_wconf 90' lang='lat' dir='ltr'>sibi</span> <span class='ocrx_word' id='word_1_164' title='bbox 695 2518 750 2579; x_wconf 92' lang='lat' dir='ltr'>per</span> <span class='ocrx_word' id='word_1_165' title='bbox 774 2497 894 2578; x_wconf 87' lang='lat' dir='ltr'>juratos</span> <span class='ocrx_word' id='word_1_166' title='bbox 912 2497 1131 2579; x_wconf 87' lang='lat' dir='ltr'>adjudicatum</span> <span class='ocrx_word' id='word_1_167' title='bbox 1160 2497 1431 2560; x_wconf 88' lang='lat' dir='ltr'>confirmavimus.</span> 
     </span>
    </p>
   </div>
   <div class='ocr_carea' id='block_1_2' title="bbox 614 2734 1399 2968">
    <p class='ocr_par' dir='ltr' id='par_1_4' title="bbox 614 2734 1399 2968">
     <span class='ocr_line' id='line_1_20' title="bbox 614 2734 1399 2826; baseline 0 -18"><span class='ocrx_word' id='word_1_168' title='bbox 614 2734 710 2808; x_wconf 83' lang='lat' dir='ltr'>Faria</span> <span class='ocrx_word' id='word_1_169' title='bbox 738 2745 836 2808; x_wconf 83' lang='lat' dir='ltr'>sexta</span> <span class='ocrx_word' id='word_1_170' title='bbox 867 2745 943 2826; x_wconf 90' lang='lat' dir='ltr'>post</span> <span class='ocrx_word' id='word_1_171' title='bbox 972 2734 1109 2808; x_wconf 85' lang='lat' dir='ltr'>Fabiani</span> <span class='ocrx_word' id='word_1_172' title='bbox 1139 2745 1172 2809; x_wconf 87' lang='lat' dir='ltr'>et</span> <span class='ocrx_word' id='word_1_173' title='bbox 1199 2736 1399 2809; x_wconf 78' lang='lat' dir='ltr'>sebastiani.</span> 
     </span>
     <span class='ocr_line' id='line_1_21' title="bbox 886 2889 1137 2968; baseline 0.016 -21"><span class='ocrx_word' id='word_1_174' title='bbox 886 2893 953 2968; x_wconf 88' lang='lat'><em>(22.</em></span> <span class='ocrx_word' id='word_1_175' title='bbox 969 2889 1137 2968; x_wconf 73' lang='lat' dir='ltr'>januaria).</span> 
     </span>
    </p>
   </div>
   <div class='ocr_carea' id='block_1_3' title="bbox 484 3028 1642 3112">
    <p class='ocr_par' dir='ltr' id='par_1_5' title="bbox 484 3028 1642 3112">
     <span class='ocr_line' id='line_1_22' title="bbox 484 3028 1642 3112; baseline 0.004 -21"><span class='ocrx_word' id='word_1_176' title='bbox 484 3031 561 3092; x_wconf 89' lang='lat' dir='ltr'>ltem</span> <span class='ocrx_word' id='word_1_177' title='bbox 595 3031 699 3112; x_wconf 93' lang='lat' dir='ltr'>primo</span> <span class='ocrx_word' id='word_1_178' title='bbox 725 3030 879 3092; x_wconf 87' lang='lat' dir='ltr'>Clemens</span> <span class='ocrx_word' id='word_1_179' title='bbox 911 3028 1097 3112; x_wconf 74' lang='lat' dir='ltr'>Rabynze&#39;th</span> <span class='ocrx_word' id='word_1_180' title='bbox 1130 3045 1240 3093; x_wconf 87' lang='lat' dir='ltr'>contra</span> <span class='ocrx_word' id='word_1_181' title='bbox 1273 3033 1474 3094; x_wconf 85' lang='lat' dir='ltr'>Anthonium</span> <span class='ocrx_word' id='word_1_182' title='bbox 1500 3049 1642 3096; x_wconf 88' lang='lat' dir='ltr'>sutorem</span> 
     </span>
    </p>
   </div>
   <div class='ocr_carea' id='block_1_4' title="bbox 288 3138 1468 3219">
    <p class='ocr_par' dir='ltr' id='par_1_6' title="bbox 288 3138 1468 3219">
     <span class='ocr_line' id='line_1_23' title="bbox 288 3138 1468 3219; baseline 0.001 -18"><span class='ocrx_word' id='word_1_183' title='bbox 288 3211 291 3217; x_wconf 18' lang='grc' dir='ltr'><strong>Δ</strong></span> <span class='ocrx_word' id='word_1_184' title='bbox 381 3140 495 3202; x_wconf 86' lang='lat' dir='ltr'>citatus</span> <span class='ocrx_word' id='word_1_185' title='bbox 519 3158 583 3200; x_wconf 91' lang='lat' dir='ltr'>non</span> <span class='ocrx_word' id='word_1_186' title='bbox 609 3139 787 3219; x_wconf 85' lang='lat' dir='ltr'>comparuit</span> <span class='ocrx_word' id='word_1_187' title='bbox 812 3138 940 3198; x_wconf 88' lang='lat' dir='ltr'>racione</span> <span class='ocrx_word' id='word_1_188' title='bbox 964 3139 1150 3200; x_wconf 87' lang='lat' dir='ltr'>succisionis</span> <span class='ocrx_word' id='word_1_189' title='bbox 1175 3139 1342 3202; x_wconf 88' lang='lat' dir='ltr'>cuiusdam</span> <span class='ocrx_word' id='word_1_190' title='bbox 1368 3141 1468 3202; x_wconf 91' lang='lat' dir='ltr'>nucis.</span> 
     </span>
    </p>
   </div>
   <div class='ocr_carea' id='block_1_5' title="bbox 380 3243 1649 4928">
    <p class='ocr_par' dir='ltr' id='par_1_7' title="bbox 380 3243 1645 3626">
     <span class='ocr_line' id='line_1_24' title="bbox 485 3243 1645 3330; baseline 0.002 -23"><span class='ocrx_word' id='word_1_191' title='bbox 485 3246 562 3307; x_wconf 91' lang='lat' dir='ltr'>ltem</span> <span class='ocrx_word' id='word_1_192' title='bbox 598 3244 690 3326; x_wconf 88' lang='lat' dir='ltr'>jurati</span> <span class='ocrx_word' id='word_1_193' title='bbox 727 3243 993 3324; x_wconf 84' lang='lat' dir='ltr'>adjudicaverunt</span> <span class='ocrx_word' id='word_1_194' title='bbox 1035 3245 1116 3306; x_wconf 91' lang='lat' dir='ltr'>inter</span> <span class='ocrx_word' id='word_1_195' title='bbox 1153 3245 1308 3307; x_wconf 88' lang='lat' dir='ltr'>Mathiam</span> <span class='ocrx_word' id='word_1_196' title='bbox 1345 3247 1575 3330; x_wconf 88' lang='lat' dir='ltr'>Kerzowalych</span> <span class='ocrx_word' id='word_1_197' title='bbox 1614 3261 1645 3308; x_wconf 92' lang='lat' dir='ltr'>et</span> 
     </span>
     <span class='ocr_line' id='line_1_25' title="bbox 382 3349 1643 3434; baseline 0 -20"><span class='ocrx_word' id='word_1_198' title='bbox 382 3353 584 3414; x_wconf 89' lang='lat' dir='ltr'>Clementem</span> <span class='ocrx_word' id='word_1_199' title='bbox 611 3349 790 3412; x_wconf 90' lang='lat' dir='ltr'>carnificem</span> <span class='ocrx_word' id='word_1_200' title='bbox 823 3351 937 3428; x_wconf 88' lang='lat' dir='ltr'>taliter,</span> <span class='ocrx_word' id='word_1_201' title='bbox 971 3351 1059 3430; x_wconf 95' lang='lat' dir='ltr'>quod</span> <span class='ocrx_word' id='word_1_202' title='bbox 1092 3353 1223 3432; x_wconf 91' lang='lat' dir='ltr'>quando</span> <span class='ocrx_word' id='word_1_203' title='bbox 1257 3355 1323 3434; x_wconf 90' lang='lat' dir='ltr'>ipse</span> <span class='ocrx_word' id='word_1_204' title='bbox 1349 3353 1485 3416; x_wconf 88' lang='lat' dir='ltr'>Mathias</span> <span class='ocrx_word' id='word_1_205' title='bbox 1518 3354 1643 3431; x_wconf 84' lang='lat' dir='ltr'>jurabit,</span> 
     </span>
     <span class='ocr_line' id='line_1_26' title="bbox 380 3457 1643 3541; baseline 0 -21"><span class='ocrx_word' id='word_1_206' title='bbox 380 3473 494 3520; x_wconf 87' lang='lat' dir='ltr'>extunc</span> <span class='ocrx_word' id='word_1_207' title='bbox 533 3458 694 3520; x_wconf 89' lang='lat' dir='ltr'>tenebitur</span> <span class='ocrx_word' id='word_1_208' title='bbox 734 3457 886 3518; x_wconf 89' lang='lat' dir='ltr'>Clemens</span> <span class='ocrx_word' id='word_1_209' title='bbox 918 3457 1122 3519; x_wconf 86' lang='lat' dir='ltr'>medietatem</span> <span class='ocrx_word' id='word_1_210' title='bbox 1157 3473 1398 3541; x_wconf 85' lang='lat' dir='ltr'>preparatarum</span> <span class='ocrx_word' id='word_1_211' title='bbox 1437 3459 1643 3522; x_wconf 87' lang='lat' dir='ltr'>candelarum</span> 
     </span>
     <span class='ocr_line' id='line_1_27' title="bbox 381 3564 683 3626; baseline -0.007 0"><span class='ocrx_word' id='word_1_212' title='bbox 381 3565 484 3626; x_wconf 90' lang='lat' dir='ltr'>eidem</span> <span class='ocrx_word' id='word_1_213' title='bbox 510 3564 683 3625; x_wconf 84' lang='lat' dir='ltr'>exsolvere.</span> 
     </span>
    </p>

    <p class='ocr_par' dir='ltr' id='par_1_8' title="bbox 383 3653 1645 4071">
     <span class='ocr_line' id='line_1_28' title="bbox 487 3653 1643 3753; baseline 0.001 -21"><span class='ocrx_word' id='word_1_214' title='bbox 487 3671 563 3732; x_wconf 90' lang='lat' dir='ltr'>Item</span> <span class='ocrx_word' id='word_1_215' title='bbox 587 3670 681 3751; x_wconf 92' lang='lat' dir='ltr'>jurati</span> <span class='ocrx_word' id='word_1_216' title='bbox 707 3653 963 3752; x_wconf 81' lang='lat' dir='ltr'>prorogaverunt</span> <span class='ocrx_word' id='word_1_217' title='bbox 988 3690 1115 3731; x_wconf 90' lang='lat' dir='ltr'>eausam</span> <span class='ocrx_word' id='word_1_218' title='bbox 1137 3671 1218 3732; x_wconf 89' lang='lat' dir='ltr'>inter</span> <span class='ocrx_word' id='word_1_219' title='bbox 1243 3671 1447 3733; x_wconf 90' lang='lat' dir='ltr'>Clementem</span> <span class='ocrx_word' id='word_1_220' title='bbox 1470 3673 1643 3753; x_wconf 86' lang='lat' dir='ltr'>agricolam</span> 
     </span>
     <span class='ocr_line' id='line_1_29' title="bbox 386 3775 1645 3860; baseline 0 -20"><span class='ocrx_word' id='word_1_221' title='bbox 386 3777 571 3860; x_wconf 89' lang='lat' dir='ltr'>Babynzeth</span> <span class='ocrx_word' id='word_1_222' title='bbox 596 3791 626 3838; x_wconf 91' lang='lat' dir='ltr'>et</span> <span class='ocrx_word' id='word_1_223' title='bbox 651 3777 733 3838; x_wconf 91' lang='lat' dir='ltr'>inter</span> <span class='ocrx_word' id='word_1_224' title='bbox 757 3775 958 3838; x_wconf 90' lang='lat' dir='ltr'>Anthonium</span> <span class='ocrx_word' id='word_1_225' title='bbox 984 3790 1124 3840; x_wconf 89' lang='lat' dir='ltr'>sutorem</span> <span class='ocrx_word' id='word_1_226' title='bbox 1154 3777 1281 3838; x_wconf 86' lang='lat' dir='ltr'>racione</span> <span class='ocrx_word' id='word_1_227' title='bbox 1306 3779 1498 3840; x_wconf 87' lang='lat' dir='ltr'>subcisionis</span> <span class='ocrx_word' id='word_1_228' title='bbox 1522 3780 1645 3840; x_wconf 86' lang='lat' dir='ltr'>arboris</span> 
     </span>
     <span class='ocr_line' id='line_1_30' title="bbox 383 3883 1645 3965; baseline 0 -20"><span class='ocrx_word' id='word_1_229' title='bbox 383 3885 473 3946; x_wconf 90' lang='lat' dir='ltr'>nucis</span> <span class='ocrx_word' id='word_1_230' title='bbox 497 3884 536 3945; x_wconf 91' lang='lat' dir='ltr'>ad</span> <span class='ocrx_word' id='word_1_231' title='bbox 562 3884 702 3965; x_wconf 90' lang='lat' dir='ltr'>primum</span> <span class='ocrx_word' id='word_1_232' title='bbox 727 3883 882 3964; x_wconf 89' lang='lat' dir='ltr'>judicium</span> <span class='ocrx_word' id='word_1_233' title='bbox 914 3883 953 3944; x_wconf 90' lang='lat' dir='ltr'>ad</span> <span class='ocrx_word' id='word_1_234' title='bbox 987 3884 1244 3964; x_wconf 88' lang='lat' dir='ltr'>investigandum</span> <span class='ocrx_word' id='word_1_235' title='bbox 1271 3897 1302 3945; x_wconf 94' lang='lat' dir='ltr'>et</span> <span class='ocrx_word' id='word_1_236' title='bbox 1332 3885 1555 3946; x_wconf 90' lang='lat' dir='ltr'>sciscitandum</span> <span class='ocrx_word' id='word_1_237' title='bbox 1593 3886 1645 3946; x_wconf 89' lang='lat' dir='ltr'>vel</span> 
     </span>
     <span class='ocr_line' id='line_1_31' title="bbox 387 3990 823 4071; baseline 0 -19"><span class='ocrx_word' id='word_1_238' title='bbox 387 4012 419 4052; x_wconf 88' lang='lat' dir='ltr'>se</span> <span class='ocrx_word' id='word_1_239' title='bbox 444 3990 639 4052; x_wconf 87' lang='lat' dir='ltr'>concordare</span> <span class='ocrx_word' id='word_1_240' title='bbox 664 4004 823 4071; x_wconf 91' lang='lat' dir='ltr'>poterunt.</span> 
     </span>
    </p>

    <p class='ocr_par' dir='ltr' id='par_1_9' title="bbox 382 4095 1645 4285">
     <span class='ocr_line' id='line_1_32' title="bbox 490 4095 1645 4180; baseline 0.001 -23"><span class='ocrx_word' id='word_1_241' title='bbox 490 4097 566 4157; x_wconf 91' lang='lat' dir='ltr'>ltem</span> <span class='ocrx_word' id='word_1_242' title='bbox 592 4097 739 4157; x_wconf 90' lang='lat' dir='ltr'>Vrbanus</span> <span class='ocrx_word' id='word_1_243' title='bbox 768 4095 927 4178; x_wconf 74' lang='lat' dir='ltr'>belchych</span> <span class='ocrx_word' id='word_1_244' title='bbox 961 4096 1034 4156; x_wconf 92' lang='lat' dir='ltr'>bina</span> <span class='ocrx_word' id='word_1_245' title='bbox 1060 4096 1128 4157; x_wconf 88' lang='lat' dir='ltr'>vice</span> <span class='ocrx_word' id='word_1_246' title='bbox 1161 4097 1274 4158; x_wconf 91' lang='lat' dir='ltr'>citatus</span> <span class='ocrx_word' id='word_1_247' title='bbox 1306 4110 1417 4158; x_wconf 89' lang='lat' dir='ltr'>contra</span> <span class='ocrx_word' id='word_1_248' title='bbox 1442 4098 1645 4180; x_wconf 81' lang='lat' dir='ltr'>Ztoylronent</span> 
     </span>
     <span class='ocr_line' id='line_1_33' title="bbox 382 4200 1315 4285; baseline 0 -20"><span class='ocrx_word' id='word_1_249' title='bbox 382 4204 484 4265; x_wconf 86' lang='lat' dir='ltr'>lilium</span> <span class='ocrx_word' id='word_1_250' title='bbox 510 4202 650 4264; x_wconf 88' lang='lat' dir='ltr'>Gerdina</span> <span class='ocrx_word' id='word_1_251' title='bbox 676 4217 706 4262; x_wconf 90' lang='lat' dir='ltr'>et</span> <span class='ocrx_word' id='word_1_252' title='bbox 731 4200 841 4264; x_wconf 84' lang='lat' dir='ltr'>fratres</span> <span class='ocrx_word' id='word_1_253' title='bbox 866 4201 1011 4263; x_wconf 90' lang='lat' dir='ltr'>eiusdem</span> <span class='ocrx_word' id='word_1_254' title='bbox 1036 4221 1100 4262; x_wconf 90' lang='lat' dir='ltr'>non</span> <span class='ocrx_word' id='word_1_255' title='bbox 1126 4203 1315 4285; x_wconf 90' lang='lat' dir='ltr'>comparuit.</span> 
     </span>
    </p>

    <p class='ocr_par' dir='ltr' id='par_1_10' title="bbox 384 4308 1649 4928">
     <span class='ocr_line' id='line_1_34' title="bbox 488 4308 1644 4389; baseline -0.001 -18"><span class='ocrx_word' id='word_1_256' title='bbox 488 4311 565 4372; x_wconf 91' lang='lat' dir='ltr'>ltem</span> <span class='ocrx_word' id='word_1_257' title='bbox 593 4310 729 4370; x_wconf 88' lang='lat' dir='ltr'>Mathias</span> <span class='ocrx_word' id='word_1_258' title='bbox 754 4308 950 4389; x_wconf 87' lang='lat' dir='ltr'>Tergowecz</span> <span class='ocrx_word' id='word_1_259' title='bbox 976 4323 1119 4389; x_wconf 90' lang='lat' dir='ltr'>repertus</span> <span class='ocrx_word' id='word_1_260' title='bbox 1139 4322 1186 4370; x_wconf 88' lang='lat' dir='ltr'>est</span> <span class='ocrx_word' id='word_1_261' title='bbox 1210 4310 1242 4370; x_wconf 91' lang='lat' dir='ltr'>in</span> <span class='ocrx_word' id='word_1_262' title='bbox 1267 4308 1436 4372; x_wconf 89' lang='lat' dir='ltr'>manifesta</span> <span class='ocrx_word' id='word_1_263' title='bbox 1460 4309 1584 4372; x_wconf 81' lang='lat' dir='ltr'>falsarie</span> <span class='ocrx_word' id='word_1_264' title='bbox 1611 4311 1644 4371; x_wconf 91' lang='lat' dir='ltr'>in</span> 
     </span>
     <span class='ocr_line' id='line_1_35' title="bbox 385 4414 1648 4498; baseline -0.001 -19"><span class='ocrx_word' id='word_1_265' title='bbox 385 4437 424 4479; x_wconf 92' lang='lat' dir='ltr'>eo</span> <span class='ocrx_word' id='word_1_266' title='bbox 449 4416 609 4493; x_wconf 90' lang='lat' dir='ltr'>videlicet,</span> <span class='ocrx_word' id='word_1_267' title='bbox 635 4415 722 4496; x_wconf 91' lang='lat' dir='ltr'>quod</span> <span class='ocrx_word' id='word_1_268' title='bbox 747 4415 814 4496; x_wconf 90' lang='lat' dir='ltr'>ipse</span> <span class='ocrx_word' id='word_1_269' title='bbox 839 4415 949 4475; x_wconf 92' lang='lat' dir='ltr'>vinum</span> <span class='ocrx_word' id='word_1_270' title='bbox 976 4414 1064 4495; x_wconf 92' lang='lat' dir='ltr'>quod</span> <span class='ocrx_word' id='word_1_271' title='bbox 1085 4416 1277 4496; x_wconf 90' lang='lat' dir='ltr'>propinabat</span> <span class='ocrx_word' id='word_1_272' title='bbox 1301 4436 1374 4477; x_wconf 91' lang='lat' dir='ltr'>cum</span> <span class='ocrx_word' id='word_1_273' title='bbox 1399 4436 1483 4498; x_wconf 87' lang='lat' dir='ltr'>aqua</span> <span class='ocrx_word' id='word_1_274' title='bbox 1507 4416 1648 4495; x_wconf 86' lang='lat' dir='ltr'>miscuit,</span> 
     </span>
     <span class='ocr_line' id='line_1_36' title="bbox 384 4521 1646 4606; baseline -0.002 -22"><span class='ocrx_word' id='word_1_275' title='bbox 384 4524 439 4584; x_wconf 92' lang='lat' dir='ltr'>sed</span> <span class='ocrx_word' id='word_1_276' title='bbox 464 4536 632 4605; x_wconf 90' lang='lat' dir='ltr'>propterea</span> <span class='ocrx_word' id='word_1_277' title='bbox 659 4521 739 4583; x_wconf 87' lang='lat' dir='ltr'>facta</span> <span class='ocrx_word' id='word_1_278' title='bbox 764 4535 810 4582; x_wconf 90' lang='lat' dir='ltr'>est</span> <span class='ocrx_word' id='word_1_279' title='bbox 833 4522 861 4582; x_wconf 88' lang='lat' dir='ltr'>ei</span> <span class='ocrx_word' id='word_1_280' title='bbox 885 4522 991 4601; x_wconf 87' lang='lat' dir='ltr'>gracia</span> <span class='ocrx_word' id='word_1_281' title='bbox 1008 4521 1123 4600; x_wconf 90' lang='lat' dir='ltr'>taliter,</span> <span class='ocrx_word' id='word_1_282' title='bbox 1148 4522 1236 4602; x_wconf 92' lang='lat' dir='ltr'>quod</span> <span class='ocrx_word' id='word_1_283' title='bbox 1261 4524 1285 4583; x_wconf 89' lang='lat' dir='ltr'>si</span> <span class='ocrx_word' id='word_1_284' title='bbox 1311 4543 1367 4604; x_wconf 90' lang='lat' dir='ltr'>per</span> <span class='ocrx_word' id='word_1_285' title='bbox 1391 4523 1530 4606; x_wconf 90' lang='lat' dir='ltr'>amplius</span> <span class='ocrx_word' id='word_1_286' title='bbox 1546 4541 1646 4604; x_wconf 91' lang='lat' dir='ltr'>quam</span> 
     </span>
     <span class='ocr_line' id='line_1_37' title="bbox 387 4627 1646 4710; baseline -0.002 -19"><span class='ocrx_word' id='word_1_287' title='bbox 387 4631 419 4691; x_wconf 94' lang='lat' dir='ltr'>in</span> <span class='ocrx_word' id='word_1_288' title='bbox 445 4629 561 4690; x_wconf 93' lang='lat' dir='ltr'>minori</span> <span class='ocrx_word' id='word_1_289' title='bbox 588 4627 714 4690; x_wconf 82' lang='lat' dir='ltr'>falsaria</span> <span class='ocrx_word' id='word_1_290' title='bbox 739 4642 793 4688; x_wconf 90' lang='lat' dir='ltr'>aut</span> <span class='ocrx_word' id='word_1_291' title='bbox 809 4629 873 4688; x_wconf 93' lang='lat' dir='ltr'>alio</span> <span class='ocrx_word' id='word_1_292' title='bbox 898 4628 1031 4688; x_wconf 90' lang='lat' dir='ltr'>crimine</span> <span class='ocrx_word' id='word_1_293' title='bbox 1048 4628 1250 4710; x_wconf 90' lang='lat' dir='ltr'>reperiretur,</span> <span class='ocrx_word' id='word_1_294' title='bbox 1268 4629 1356 4710; x_wconf 91' lang='lat' dir='ltr'>quod</span> <span class='ocrx_word' id='word_1_295' title='bbox 1380 4644 1455 4691; x_wconf 91' lang='lat' dir='ltr'>tunc</span> <span class='ocrx_word' id='word_1_296' title='bbox 1480 4629 1563 4708; x_wconf 86' lang='lat' dir='ltr'>juxta</span> <span class='ocrx_word' id='word_1_297' title='bbox 1579 4641 1646 4689; x_wconf 88' lang='lat' dir='ltr'>sta-</span> 
     </span>
     <span class='ocr_line' id='line_1_38' title="bbox 384 4733 1649 4816; baseline -0.002 -17"><span class='ocrx_word' id='word_1_298' title='bbox 384 4749 451 4799; x_wconf 90' lang='lat' dir='ltr'>tuta</span> <span class='ocrx_word' id='word_1_299' title='bbox 488 4736 572 4796; x_wconf 89' lang='lat' dir='ltr'>dicte</span> <span class='ocrx_word' id='word_1_300' title='bbox 605 4735 741 4796; x_wconf 85' lang='lat' dir='ltr'>civitatis</span> <span class='ocrx_word' id='word_1_301' title='bbox 777 4753 892 4816; x_wconf 88' lang='lat' dir='ltr'>penam</span> <span class='ocrx_word' id='word_1_302' title='bbox 926 4733 1068 4815; x_wconf 90' lang='lat' dir='ltr'>pacietur</span> <span class='ocrx_word' id='word_1_303' title='bbox 1100 4747 1131 4795; x_wconf 90' lang='lat' dir='ltr'>et</span> <span class='ocrx_word' id='word_1_304' title='bbox 1162 4755 1218 4816; x_wconf 88' lang='lat' dir='ltr'>per</span> <span class='ocrx_word' id='word_1_305' title='bbox 1250 4735 1389 4816; x_wconf 90' lang='lat' dir='ltr'>amplius</span> <span class='ocrx_word' id='word_1_306' title='bbox 1420 4735 1523 4797; x_wconf 87' lang='lat' dir='ltr'>eidem</span> <span class='ocrx_word' id='word_1_307' title='bbox 1555 4734 1649 4796; x_wconf 83' lang='lat' dir='ltr'>nulle</span> 
     </span>
     <span class='ocr_line' id='line_1_39' title="bbox 385 4841 578 4928; baseline 0.026 -25"><span class='ocrx_word' id='word_1_308' title='bbox 385 4844 491 4928; x_wconf 86' lang='lat' dir='ltr'>gracia</span> <span class='ocrx_word' id='word_1_309' title='bbox 517 4841 578 4907; x_wconf 84' lang='lat' dir='ltr'>fret.</span> 
     </span>
    </p>
   </div>
   <div class='ocr_carea' id='block_1_6' title="bbox 912 4979 1122 5002">
    <p class='ocr_par' dir='ltr' id='par_1_11' title="bbox 912 4979 1122 5002">
     <span class='ocr_line' id='line_1_40' title="bbox 912 4979 1122 5002; baseline 0.005 -2"><span class='ocrx_word' id='word_1_310' title='bbox 912 4979 1122 5002; x_wconf 65' lang='lat' dir='ltr'>——vuw-v—-</span> 
     </span>
    </p>
   </div>
   <div class='ocr_carea' id='block_1_7' title="bbox 0 0 1833 5780">
    <p class='ocr_par' dir='ltr' id='par_1_12' title="bbox 0 0 1833 5780">
     <span class='ocr_line' id='line_1_41' title="bbox 0 0 1833 5780; baseline 0 0"><span class='ocrx_word' id='word_1_311' title='bbox 0 0 1833 5780; x_wconf 95' lang='lat' dir='ltr'> </span> 
     </span>
    </p>
   </div>
  </div>
 </body>
</html>
