3738 5786
584 505 784 584 Anno1457.
809 539 850 548 -
875 516 923 580 25.
948 503 1118 566 novembris.
1424 523 1480 585 ¹35

212 719 280 799 jure
305 731 466 800 perpetuo
489 715 721 796 possidendum
747 731 778 778 et
810 715 1121 798 quomodocumque
1145 717 1284 778 voluerit
1308 717 1481 800 disponen-

213 827 288 888 dum
315 825 401 906 juxta
429 823 655 887 condicionem
681 823 818 884 civitatis
841 837 1019 905 prenotate.

319 931 397 993 ltem
423 931 499 1012 quia
516 929 662 992 Thomas
686 928 770 990 filius
794 929 931 991 condam
951 929 1116 991 Benedicti
1143 929 1218 992 dicti
1238 929 1482 1012 Koprynschak,

213 1040 244 1101 id
268 1039 364 1100 nobis
380 1039 440 1099 sub
464 1037 645 1118 juramento
663 1036 695 1098 in
721 1055 774 1097 ara
798 1050 904 1098 sancte
924 1035 1037 1098 Crucis
1062 1037 1092 1097 in
1119 1037 1252 1098 ecclesia
1277 1037 1361 1098 beati
1380 1037 1478 1098 Marci

213 1145 419 1226 ewangeliste
443 1144 475 1205 in
502 1143 628 1204 civitate
652 1143 794 1224 predicta
820 1141 963 1222 lundata,
989 1143 1107 1222 habita,
1131 1163 1188 1225 per
1213 1145 1317 1225 ipsum
1343 1163 1399 1225 per
1424 1143 1478 1204 ad-

212 1252 449 1332 judicacionem
475 1249 651 1332 juratorum
669 1250 803 1332 prestito
827 1262 859 1312 et
879 1247 1038 1331 deposito,
1056 1250 1295 1312 conscienciose
1319 1249 1427 1312 retulit
1444 1269 1481 1312 ex

212 1379 229 1420 a
253 1373 353 1436 certo,
378 1358 467 1439 quod
484 1355 625 1439 prelatus
650 1355 812 1418 Seboldus
829 1356 954 1418 literam
973 1357 1110 1418 civitatis
1134 1357 1369 1439 privilegialem
1386 1375 1482 1439 super

211 1465 313 1526 lundo
338 1464 439 1547 ipsius
464 1461 593 1524 Thome
618 1462 649 1523 in
668 1461 814 1544 predicto
830 1463 986 1526 suburbio
1015 1463 1151 1525 civitatis
1175 1482 1275 1545 penes
1299 1464 1402 1546 ipsum
1423 1463 1480 1524 flu·

210 1571 299 1632 vium
326 1569 478 1632 metalem
496 1570 528 1630 io
544 1569 707 1630 vicinitate
726 1567 817 1630 fundi
835 1569 969 1652 predicti
988 1569 1099 1631 lacobi
1114 1569 1231 1632 literati
1256 1569 1364 1649 situm,
1382 1589 1479 1630 unam

209 1691 359 1760 quartam
384 1677 470 1738 curie
495 1675 535 1737 ad
561 1695 654 1736 usum
674 1675 810 1737 civitatis
826 1675 968 1757 predicte
992 1675 1024 1736 in
1042 1695 1075 1737 se
1100 1676 1297 1754 continente,
1314 1695 1372 1758 pro
1389 1691 1479 1757 parte

208 1783 310 1866 ipsius
334 1782 476 1845 condam
494 1779 660 1843 Benedicti
686 1781 820 1864 Kopryn
845 1781 943 1864 patris
960 1782 1060 1863 ipsius
1085 1781 1224 1860 Thome,
1249 1801 1346 1864 super
1363 1782 1478 1844 eodem

206 1889 310 1951 fundo
348 1886 540 1966 conlectam,
572 1887 796 1969 potencialiter
827 1887 948 1970 recepit
980 1889 1021 1950 ab
1054 1887 1167 1950 eodem
1194 1887 1322 1949 Thoma
1360 1901 1390 1950 et
1421 1908 1479 1970 pro

208 1997 327 2060 eodem
360 1993 463 2058 fundo
495 1995 730 2077 quinquaginta
763 1993 912 2057 denarios
952 1995 1058 2058 eidem
1094 1993 1224 2057 Thome
1256 1995 1358 2057 invito
1390 1994 1479 2057 dedit

206 2118 321 2166 contra
346 2103 431 2165 velle
447 2121 561 2179 suum;
586 2101 727 2184 ideoque
744 2121 803 2164 uos
827 2101 967 2165 eundem
985 2102 1122 2164 fundum
1141 2103 1237 2164 unius
1261 2117 1373 2184 quarte
1392 2103 1477 2164 curie

204 2231 281 2274 cum
306 2211 374 2271 suis
398 2207 592 2272 utilitatibus
615 2221 646 2270 et
669 2208 877 2290 pertinenciis
909 2209 1068 2272 universis
1099 2209 1287 2270 auctoritate
1312 2209 1475 2270 literarum

209 2317 372 2399 regalium
404 2315 510 2377 eidem
543 2315 672 2378 Thome
702 2315 770 2376 filio
802 2315 902 2398 ipsius
933 2315 1098 2378 Benedicti
1132 2316 1277 2398 Kopryn,
1308 2328 1473 2396 tamquam

204 2425 306 2486 unico
331 2422 442 2484 heredi
460 2421 604 2484 eiusdem
623 2421 787 2484 Benedicti
811 2421 887 2484 vivo
905 2436 976 2505 post
1000 2423 1105 2505 ipsum
1123 2422 1310 2500 remanenti,
1335 2420 1404 2502 jure
1421 2421 1475 2483 he·

207 2529 366 2594 reditario
390 2527 450 2590 sibi
476 2529 675 2590 incumbenti
692 2527 947 2610 adjudicavimus
963 2543 994 2591 et
1011 2529 1180 2592 statuimus
1204 2541 1359 2610 perpetuo
1376 2529 1477 2611 possi·

203 2636 353 2697 deudum
371 2649 401 2696 et
415 2634 724 2716 quomodocumque
738 2635 876 2696 voluerit
900 2635 1138 2718 disponendum
1152 2633 1237 2717 juxta
1250 2633 1476 2698 condicionem

204 2742 347 2804 civitatis
371 2753 536 2824 prenotate
562 2741 760 2823 abantiquo
785 2743 1007 2824 approbatam.

315 2847 395 2910 ltem
421 2847 497 2929 quia
522 2847 647 2909 Blasius
671 2847 770 2927 leber,
803 2849 944 2910 concivis
975 2861 1093 2927 noster,
1118 2847 1151 2909 id
1183 2847 1277 2910 nobis
1300 2844 1361 2908 sub
1393 2847 1475 2928 jura-

203 2969 318 3018 mento
345 2955 377 3016 in
402 2975 455 3016 ara
480 2967 587 3017 sancte
613 2954 725 3018 Crucis
751 2955 782 3016 in
808 2955 941 3018 ecclesia
975 2955 1059 3017 beati
1085 2955 1183 3016 Marci
1209 2954 1417 3035 ewangeliste
1443 2954 1474 3016 in

202 3063 293 3124 dicta
318 3061 445 3124 civitate
463 3060 607 3140 lundata,
631 3061 751 3139 habita,
776 3063 1014 3124 conscienciose
1033 3061 1144 3123 retulit
1167 3081 1205 3122 ex
1229 3081 1247 3122 a
1272 3075 1369 3139 certo,
1387 3061 1476 3142 quod

202 3171 276 3252 ipse
300 3168 428 3231 literam
452 3168 590 3230 civitatis
619 3168 856 3250 privilegialem
887 3188 983 3250 super
1017 3166 1118 3229 fundo
1150 3187 1209 3228 suo
1233 3166 1319 3228 civili
1345 3167 1377 3228 in
1401 3169 1475 3229 sub·

203 3275 304 3336 urbio
329 3275 466 3336 civitatis
489 3273 632 3356 predicte
650 3294 748 3357 penes
771 3273 907 3336 fluvium
925 3274 1077 3336 metalem
1103 3274 1135 3335 in
1153 3273 1315 3335 vicinitate
1340 3273 1475 3355 predicti

204 3380 301 3443 fundi
327 3379 443 3463 prelati
459 3381 638 3443 Clementis
655 3380 747 3460 labri,
769 3381 874 3462 jurati,
899 3380 1020 3459 habito,
1038 3399 1134 3441 unam
1159 3379 1311 3441 videlicet
1328 3391 1474 3461 quartam

204 3503 239 3552 et
268 3501 414 3550 octavam
448 3489 535 3550 curie
568 3488 599 3549 in
625 3507 658 3549 se
690 3488 730 3550 ad
754 3507 849 3550 usum
882 3488 1018 3550 civitatis
1050 3487 1192 3570 predicte
1225 3487 1392 3566 retinente,
1416 3505 1475 3567 pro

203 3609 299 3679 parte
324 3595 373 3656 sui
390 3593 581 3674 conlectam,
605 3615 623 3656 a
648 3595 757 3657 Marco
776 3595 879 3656 ludeo
906 3614 965 3678 pro
986 3615 1051 3656 uno
1069 3593 1138 3657 flor.
1162 3594 1230 3655 auri
1255 3607 1286 3654 et
1309 3613 1368 3676 pro
1387 3593 1473 3654 LXX

202 3702 350 3764 denariis
374 3701 615 3763 viennensibus
638 3720 696 3784 pro
720 3720 815 3763 usura
860 3701 1073 3783 redemptam,
1105 3713 1194 3762 metu
1219 3700 1418 3762 detensionis
1441 3713 1472 3762 et

201 3807 485 3886 incarceracionis‚
510 3825 573 3888 qus
607 3808 675 3890 ipse
701 3807 862 3869 Seboldus
886 3807 946 3868 sibi
979 3807 1173 3885 minabatur,
1198 3805 1304 3868 eidem
1330 3805 1472 3868 Seboldo

200 3917 331 3996 absque
355 3914 444 3975 omni
469 3913 652 3996 pecuniaria
677 3913 844 3976 solucione
869 3913 944 3974 dare
977 3913 1089 3975 debuit
1113 3932 1185 3974 cum
1211 3911 1327 3974 eodem
1352 3910 1472 3988 fund03

198 4021 349 4101 ideoque
373 4039 433 4082 nos
457 4019 646 4082 auctoritate
664 4020 827 4082 literarum
853 4020 1011 4100 regalium
1029 4020 1123 4081 nobis
1147 4019 1178 4080 in
1198 4017 1255 4080 bac
1279 4033 1368 4102 parte
1386 4019 1471 4081 attri-

200 4130 286 4190 buta
310 4125 483 4204 mediante,
508 4125 647 4188 eundem
671 4126 807 4188 fundum
827 4126 928 4198 ,unius
960 4139 1071 4207 quarte
1097 4139 1127 4186 et
1151 4139 1262 4187 octave
1286 4125 1373 4186 curie
1397 4145 1470 4188 cum

197 4233 273 4295 suis
297 4231 492 4294 utilitatibus
514 4247 544 4294 et
561 4232 768 4315 pertinenciis
794 4233 949 4294 universis
966 4231 1071 4294 eidem
1097 4231 1204 4293 Blasio
1223 4229 1324 4310 labro,
1349 4251 1388 4292 eo
1405 4230 1472 4312 jure

198 4338 387 4420 empcionis
411 4338 472 4399 sibi
496 4337 707 4417 incumbenti,
732 4359 798 4420 quo
816 4339 920 4421 ipsum
944 4339 1032 4421 prius
1056 4339 1155 4400 libere
1182 4337 1324 4420 possedit
1347 4337 1472 4416 adjudi-

198 4445 352 4508 cavimus
375 4457 406 4505 et
430 4445 599 4506 statuimus
623 4445 691 4525 jure
723 4459 879 4528 perpetuo
904 4457 935 4506 et
966 4444 1217 4506 irrevocabiliter
1241 4443 1469 4525 possidendum

197 4566 231 4617 et
262 4552 574 4634 quomodocumque
598 4551 738 4613 voluerit
762 4551 999 4634 disponendum
1033 4551 1119 4632 juxta
1144 4551 1370 4613 condicionem
1395 4551 1471 4612 civi-

195 4661 280 4724 tatis
304 4673 483 4742 prenotate.

314 4767 392 4828 ltem
418 4766 493 4847 quia
517 4765 708 4826 Valentinus
725 4763 824 4844 faber,
842 4763 984 4826 concivis
1001 4777 1120 4844 noster,
1145 4765 1178 4828 id
1202 4783 1274 4827 cum
1300 4761 1471 4826 sufficienti

198 4889 231 4937 et
259 4871 428 4955 fidedigno
452 4872 593 4954 plurium
619 4872 801 4933 concivium
840 4885 1022 4932 nostrorum
1055 4873 1240 4933 testimonio
1266 4871 1362 4933 hodie
1387 4873 1469 4932 clare

196 4980 429 5063 comprobavit
446 4999 554 5042 coram
571 4979 674 5058 nobis,
693 4995 727 5040 ut
751 4979 829 5040 dunt
847 4978 914 5061 ipse
932 4977 1057 5040 literam
1075 4977 1211 5040 civitatis
1234 4977 1468 5062 privilegialem
