3644 5788
402 603 459 683 176
779 603 979 678 Ann01459.
1004 633 1048 645 —
1069 613 1117 677 17.
1142 603 1268 676 augusti.

395 813 532 876 racionis
554 814 722 875 cuiusdam
740 813 885 894 virginis,
902 832 983 895 quas
1000 813 1068 896 ipse
1084 811 1163 874 aliaa
1180 824 1290 874 contra
1308 812 1512 874 Lodouicum
1537 813 1660 874 dixerat

395 933 426 979 et
450 915 576 998 iecerat,
601 921 687 982 clare
712 939 790 981 voce
815 921 874 982 sub
891 919 953 981 hiis
976 919 1082 980 verbis
1097 919 1153 980 tali
1178 919 1295 980 modo:
1323 919 1391 999 Ego
1409 919 1591 1001 Stephanus
1609 919 1659 979 Ja-

394 1024 517 1106 gichicz
548 1025 650 1088 fateor
682 1046 734 1088 me
766 1040 875 1088 contra
908 1026 1111 1088 Loduuicum
1145 1025 1233 1086 nulla
1261 1045 1336 1087 vera
1368 1025 1483 1086 dixisse
1516 1039 1547 1086 et
1580 1045 1659 1106 que·

395 1150 534 1213 cumque
559 1145 670 1194 contra
694 1131 833 1194 eundem
866 1132 994 1196 racione
1018 1132 1126 1214 previa
1154 1131 1281 1194 locutus
1312 1129 1369 1208 fui,
1401 1131 1554 1193 mentitus
1586 1150 1657 1192 sum

396 1251 426 1298 et
450 1257 513 1299 non
540 1239 604 1300 dixi
630 1239 806 1302 veritatem.

501 1345 579 1406 Item
605 1345 724 1407 ibidem
751 1345 870 1407 Paulus
894 1358 924 1406 et
949 1344 1087 1407 Michael
1122 1341 1233 1405 fratres
1257 1342 1372 1426 prefati
1398 1343 1552 1425 Stephani
1577 1343 1663 1424 Jagi-

397 1448 485 1510 chicz
510 1451 652 1513 carnales
670 1452 701 1514 in
726 1471 864 1534 persona
882 1449 997 1532 prefati
1019 1450 1172 1533 Stephani
1189 1469 1248 1514 nec
1272 1470 1337 1532 non
1362 1448 1664 1511 omniumfratrum

396 1571 427 1618 et
443 1557 759 1638 consanguineorum
774 1577 907 1618 suorum
920 1556 1217 1637 generacionalium
1232 1557 1418 1638 obligarunt
1431 1575 1464 1617 se
1477 1555 1532 1618 tali
1550 1555 1663 1633 modo,

396 1663 483 1743 quod
509 1663 535 1724 si
558 1662 700 1746 prefatus
724 1663 905 1745 Stephanus
929 1677 984 1725 aut
1016 1663 1075 1743 ipsi
1100 1682 1156 1723 seu
1180 1663 1368 1744 quicunque
1393 1661 1503 1723 fratres
1529 1675 1560 1723 et
1585 1680 1662 1723 con·

396 1769 563 1848 sanguinei
588 1769 637 1832 sui
662 1769 725 1850 jam
751 1767 815 1830 fato
833 1768 1001 1832 Lodouico
1026 1788 1084 1849 pro
1105 1768 1267 1849 premissis
1291 1769 1416 1849 aliquas
1439 1768 1542 1830 minas
1569 1768 1664 1849 inpo-

395 1876 520 1937 suerint
543 1896 600 1938 seu
625 1875 757 1957 injurias
777 1873 922 1954 iecerint,
947 1888 1064 1937 extunc
1087 1893 1205 1957 penam
1222 1875 1369 1957 superius
1392 1872 1619 1956 specificatam,
1636 1873 1663 1932 si

397 1983 464 2064 ipse
498 1982 684 2045 Lodouicus
708 1995 818 2044 contra
850 1983 1035 2064 quempiam
1068 2001 1141 2044 cum
1173 1981 1359 2044 testimonio
1391 1981 1487 2043 unius
1517 1994 1659 2041 tantum-

396 2088 495 2150 modo
516 2089 657 2150 hominis
680 2089 857 2172 approbare
878 2089 1005 2170 poterit,
1030 2088 1193 2170 deponere
1215 2089 1380 2150 debebunt
1396 2101 1427 2149 et
1449 2088 1658 2150 tenebuntur.

501 2195 578 2258 ltem
596 2215 724 2257 causam
749 2195 831 2258 inter
848 2196 977 2256 Petrum
997 2193 1172 2256 Gwdchicz
1194 2209 1225 2256 et
1242 2193 1389 2256 Glaziam
1406 2195 1535 2256 racione
1552 2193 1661 2254 cuius·

395 2301 470 2364 darn
501 2302 595 2364 vinee
627 2301 721 2382 jurati
753 2302 797 2362 sic
821 2301 1105 2383 adjudicaverunt,
1137 2301 1225 2382 quod
1257 2301 1333 2382 quia
1357 2300 1389 2362 in
1421 2301 1512 2362 litera
1549 2314 1661 2361 nostre

395 2409 635 2470 communitatis
652 2408 718 2490 ipsa
736 2409 910 2470 vineatam
932 2408 1012 2490 patri
1038 2406 1150 2490 prefati
1173 2407 1255 2468 Petri
1277 2427 1374 2488 quam
1393 2407 1486 2468 matri
1511 2405 1660 2468 eiusdem

395 2533 430 2575 ac
455 2512 626 2576 heredibus
643 2515 788 2593 sonabat,
806 2513 879 2574 ideo
896 2514 1008 2596 porcio
1032 2513 1130 2596 patris
1154 2512 1193 2573 ad
1215 2513 1319 2595 ipsum
1339 2513 1467 2574 Petrum
1492 2527 1662 2593 tamquam

395 2619 434 2681 ad
463 2619 613 2681 heredem
642 2620 879 2700 condescendit,
900 2621 955 2682 sed
985 2620 1060 2701 quia
1085 2632 1186 2682 mater
1209 2639 1265 2680 sua
1291 2619 1495 2681 medietatem
1525 2619 1661 2680 alterius

396 2727 558 2808 porcionis
582 2726 646 2788 filie
670 2747 727 2788 sue
752 2727 880 2808 legavit,
911 2747 973 2808 que
999 2727 1112 2788 iterum
1138 2726 1246 2787 medio
1270 2739 1415 2807 tempore
1440 2727 1479 2786 ab
1504 2724 1564 2786 hac
1588 2725 1663 2786 luce

394 2833 517 2894 sublata
543 2832 612 2912 fuit,
632 2833 705 2895 ideo
723 2847 753 2894 et
769 2833 955 2915 porcionem
975 2833 1076 2915 ipsam
1095 2852 1150 2893 seu
1168 2831 1323 2894 medietas
1339 2831 1378 2893 ad
1397 2833 1500 2913 ipsum
1526 2831 1663 2892 Petrum

395 2939 640 3016 condescendit;
666 2952 778 3020 quarta
795 2953 902 3001 autem
927 2939 1038 3022 porcio
1063 2939 1163 3020 ipsius
1178 2938 1272 2999 vinee
1297 2957 1333 3000 ex
1359 2957 1424 3019 quo
1442 2957 1498 3019 per
1520 2951 1662 2999 matrem

395 3065 485 3106 suam
512 3046 543 3106 in
577 3045 726 3106 extremis
754 3046 858 3126 legata
882 3044 942 3107 fuit
966 3064 1024 3127 pro
1056 3044 1163 3106 anima
1191 3063 1246 3105 sua
1273 3044 1400 3126 exponi,
1426 3043 1563 3105 eandem
1590 3064 1664 3125 pre-

395 3151 457 3214 fate
482 3150 595 3214 Glazie
616 3152 820 3234 permisimus
838 3152 933 3213 vendi
951 3165 981 3213 et
1005 3171 1063 3232 pro
1088 3151 1195 3211 anima
1213 3150 1357 3212 eiusdem
1383 3150 1499 3231 exponi
1517 3149 1665 3231 pacifice.

500 3256 578 3318 Item
603 3257 791 3319 Franciscus
822 3257 962 3340 frenipar
993 3269 1103 3319 contre
1136 3257 1264 3317 Petrum
1300 3255 1480 3318 carnificem
1513 3255 1663 3316 secundo

395 3363 508 3424 citatus
532 3383 598 3424 non
623 3364 811 3444 comparuit.

501 3469 578 3530 ltem
596 3469 766 3531 Francisco
780 3481 869 3532 sutor
886 3484 995 3532 contra
1014 3472 1198 3554 Philippum
1224 3470 1370 3532 similiter
1393 3483 1535 3530 sutorem
1552 3467 1663 3550 primo

395 3574 508 3636 citatus
531 3595 596 3637 non
621 3576 812 3658 comparuit.

500 3681 578 3742 ltem
612 3695 725 3742 octavo
751 3681 803 3744 die
834 3702 914 3744 uxor
942 3682 1107 3765 waarich
1131 3681 1347 3763 juramentum
1372 3682 1404 3742 in
1428 3700 1468 3742 eo
1493 3680 1666 3761 deponere

394 3783 534 3864 habebit,
559 3787 646 3868 quod
673 3787 740 3869 ipsa
766 3807 831 3849 non
856 3789 1010 3870 percussit
1035 3808 1171 3871 puerum
1201 3787 1300 3849 Marci
1326 3785 1551 3870 Sydowchicz.

500 3892 577 3954 ltem
609 3894 747 3955 Jacohus
780 3895 903 3977 Wyecz
934 3895 1158 3976 Namezthnyk
1191 3893 1373 3955 mettereius
1404 3892 1462 3954 sibi
1495 3891 1667 3953 similibus

394 4012 503 4060 contra
528 3998 714 4084 Philippum
739 4014 881 4062 sutorem
906 4015 1020 4063 octavo
1037 4001 1090 4062 die
1114 4000 1330 4082 juramentum
1348 3999 1509 4081 deponere
1526 3997 1668 4060 habebit

394 4105 426 4165 in
451 4125 501 4185 eo,
519 4118 554 4168 ut
577 4106 644 4188 ipse
669 4107 796 4170 nullum
814 4106 989 4189 dampnum
1009 4107 1040 4169 in
1059 4106 1202 4188 quodam
1219 4105 1338 4189 (h)orto
1355 4106 1414 4167 sibi
1433 4103 1506 4166 fecit
1524 4102 1662 4168 furtive.

501 4212 576 4273 ltem
604 4212 756 4274 Piwaricz
774 4227 883 4274 contra
904 4213 1074 4274 Nicolaum
1091 4227 1233 4275 sutorem
1259 4231 1364 4273 coram
1383 4211 1493 4293 juratis
1517 4224 1567 4272 est
1584 4230 1667 4272 con-

393 4318 495 4378 victus
518 4319 550 4379 in
576 4317 659 4382 facto
684 4320 851 4402 potencie;
885 4319 924 4380 de
947 4339 1010 4401 qua
1034 4319 1277 4404 adjudicatione
1309 4317 1485 4400 juratorum
1511 4317 1666 4400 prefatus

394 4424 557 4506 waaricz
582 4444 647 4487 non
673 4439 842 4487 contentus
866 4427 1041 4508 appellavit
1065 4427 1105 4488 ad
1129 4427 1271 4488 seniores
1296 4425 1426 4505 judices.

499 4530 578 4592 ltem
605 4530 741 4592 Mathias
764 4532 949 4593 tributarius
972 4545 1087 4594 octavo
1110 4531 1161 4596 die
1185 4531 1401 4612 juramentum
1426 4549 1484 4613 pro
1510 4531 1666 4611 quodam

394 4634 479 4698 furtu
502 4649 597 4720 prout
621 4637 781 4719 deponere
807 4638 954 4716 habehat,
979 4658 1044 4700 non
1070 4638 1229 4722 deposuit.

499 4743 577 4804 ltem
603 4759 716 4804 octavo
741 4745 791 4805 die
817 4745 969 4808 Clemens
993 4744 1209 4826 juramentum
1232 4743 1320 4804 solus
1345 4741 1506 4824 deponere
1524 4742 1668 4806 habebit

393 4838 502 4909 contra
529 4848 694 4910 Termsicz
720 4850 751 4910 in
778 4870 827 4928 eo,
853 4851 940 4932 quod
959 4851 1025 4931 ipse
1044 4853 1142 4912 boves
1167 4863 1198 4911 et
1222 4869 1355 4932 peccora
1373 4849 1472 4931 ipsius
1488 4848 1668 4912 Termsicz

392 4975 488 5038 super
512 4955 652 5036 dampna
675 4957 804 5039 propria
828 4957 961 5036 invenit,
986 4975 1022 5018 ac
1047 4957 1115 5038 ipsa
1139 4957 1278 5037 dampna
1296 4955 1355 5016 sibi
1382 4953 1522 5036 prefatus
1540 4954 1667 5018 Term—

393 5062 455 5122 sicz
481 5062 644 5124 exsolvere
669 5062 809 5124 debebit.
