3818 5786
657 552 746 610 Anno
768 563 858 630 1451.
884 587 924 596 -
949 567 999 629 19.
1023 554 1132 614 martii.
1489 573 1527 635 19

581 762 659 826 Item
684 763 847 826 Fabianus
871 766 1098 848 carpentarius.

579 869 657 932 Item
682 869 859 953 Gregorius
887 871 1071 955 Agychych.

578 976 656 1038 Item
682 977 794 1040 Petrus
819 977 961 1061 Dragyn.

577 1083 655 1146 Item
681 1063 834 1146 Nicolaus
857 1097 959 1147 sartor
982 1103 1080 1166 gener
1106 1085 1290 1168 Perowych.

577 1191 654 1253 Item
680 1190 770 1252 Hans
794 1211 850 1254 seu
874 1190 1037 1254 Iohannes
1059 1191 1198 1255 aellator.

576 1297 653 1360 Item
680 1297 849 1360 Ladislaus
872 1317 972 1380 gener
996 1297 1165 1360 Laurencii
1191 1297 1354 1362 Institoris.

576 1403 654 1466 Item
678 1403 826 1488 Mathyas
850 1423 948 1487 gener
973 1403 1153 1488 Truthych.

575 1511 652 1574 Item
677 1511 820 1574 Briccius
844 1510 994 1594 irenipar.

575 1618 652 1680 Item
678 1618 832 1682 Clemens
856 1617 999 1701 pellifex.

572 1725 649 1788 Item
674 1725 829 1789 Clemens
853 1723 937 1788 filius
962 1725 1114 1808 Symonis
1138 1723 1177 1786 de
1203 1725 1346 1788 Raboch.

574 1831 651 1894 Item
674 1831 851 1914 Gregorius
876 1833 1088 1895 barbitonsor.

575 1937 651 2000 Item
679 1939 804 2000 Marcus
828 1937 1065 2022 Zydowchych.

575 2045 651 2108 Item
676 2045 796 2107 Paulus
820 2045 909 2108 faber
931 2065 1030 2126 gener
1055 2045 1183 2107 Martini
1209 2045 1336 2128 judicis.

575 2151 651 2214 Item
677 2151 839 2214 Iohannes
862 2151 1003 2214 carnifex
1031 2171 1193 2214 successor
1217 2151 1308 2214 Bani.

572 2257 648 2320 Item
674 2259 865 2321 Valentinus
888 2271 978 2322 sutor
1001 2277 1099 2340 gener
1124 2259 1286 2320 Dominici
1313 2258 1453 2322 Kostess.

574 2365 652 2428 Item
678 2365 774 2449 Elyas
798 2379 897 2428 sutor.

569 2471 648 2534 Item
673 2473 862 2535 Franciscus
885 2485 973 2534 sutor
996 2471 1113 2554 junior.

573 2579 651 2640 Item
677 2579 794 2641 Paulus
818 2591 907 2642 sutor
930 2579 1036 2641 socius
1057 2579 1223 2642 Benedicti
1249 2579 1412 2643 Institoris.

358 2772 440 2834 Item
464 2771 605 2855 prelatus
629 2773 783 2836 Nicolaus
807 2773 903 2855 judex
920 2774 1056 2836 ciuitatis
1080 2773 1220 2856 predIcte
1246 2791 1383 2836 unacum
1409 2773 1520 2856 juratis

247 2893 277 2941 et
301 2879 500 2942 consiliariis
524 2879 714 2962 supradictis
739 2880 903 2943 modernis
927 2901 1000 2942 cum
1034 2899 1191 2943 consensu
1216 2880 1361 2942 unanImi
1387 2895 1417 2942 et
1442 2901 1519 2944 con·

246 2985 339 3048 cordi
368 2987 534 3047 voluntate
559 3005 595 3047 ac
619 2985 748 3048 decreto
764 2987 868 3048 tocius
889 2987 1130 3049 communitatis
1146 2986 1255 3048 omnia
1280 2985 1405 3048 decreta
1422 3000 1519 3070 atque

244 3105 367 3154 statuta
399 3105 466 3153 tam
491 3091 523 3152 in
556 3091 695 3174 antiquis
719 3111 816 3174 quam
851 3093 883 3155 in
912 3093 1050 3176 presenti
1083 3093 1222 3155 katernis
1246 3105 1406 3171 contenta,
1440 3111 1517 3155 con·

243 3199 367 3281 scripta
392 3211 424 3260 et
457 3197 655 3278 consignata,
688 3199 796 3280 quoad
829 3219 942 3262 omnes
973 3199 1141 3277 clausulas,
1172 3211 1288 3281 puncta
1313 3211 1343 3261 et
1367 3199 1518 3260 articulos

243 3305 441 3368 eorumdem
472 3316 663 3367 statutorum
694 3319 725 3367 et
756 3306 959 3369 decretorum
992 3325 1048 3388 per
1079 3319 1182 3367 totum
1208 3323 1328 3366 annum
1362 3305 1517 3386 presentis

243 3411 411 3492 judicatus
435 3412 535 3494 IpsIus
560 3412 684 3474 Nicolai
709 3411 825 3494 judicis
849 3433 885 3475 ac
914 3413 1066 3495 deinceps
1090 3423 1245 3494 perpetuo
1270 3423 1301 3472 et
1325 3411 1517 3474 irrevocabi-

241 3519 317 3581 liter
344 3519 485 3581 valitura
508 3532 539 3581 et
562 3519 762 3582 observanda
787 3518 1026 3582 confirmarunt.

357 3626 435 3688 Item
461 3625 536 3707 quia
563 3625 665 3689 Lucas
686 3625 770 3688 lilius
788 3625 918 3708 Mathye
943 3625 983 3686 de
1001 3626 1169 3707 Zawersya
1187 3625 1219 3686 in
1237 3623 1408 3688 manifesto
1425 3623 1514 3688 lutti-

242 3733 333 3795 cinio
361 3745 408 3794 est
431 3745 608 3815 reppertus,
626 3732 700 3794 ideo
718 3733 823 3795 eidem
850 3733 935 3794 Luce
960 3746 1126 3814 tamquam
1145 3732 1272 3794 notorio
1290 3745 1321 3794 et
1343 3731 1515 3796 manliesto

241 3838 304 3901 luri
333 3840 537 3902 decrevaus
561 3858 672 3901 aurem
690 3839 944 3902 abscindendam
970 3853 1001 3900 et
1025 3839 1165 3900 eundem
1184 3838 1223 3899 de
1248 3839 1375 3902 ciuitate
1399 3839 1515 3901 eteius

239 3947 410 4008 territorIo
434 3961 505 4029 post
529 3947 759 4009 abscissIonem
779 3946 919 4028 predIcte
939 3945 1024 4008 auris
1041 3946 1119 4024 eius,
1144 3944 1207 4026 jam
1232 3965 1317 4006 nunc
1341 3945 1467 4010 realiter
1484 3959 1515 4008 et

239 4053 393 4116 effective
426 4051 554 4133 factam,
575 4073 674 4136 penes
706 4053 861 4115 demerita
892 4072 948 4114 sua
973 4052 1195 4114 commisImus
1226 4051 1451 4134 expellendum
1484 4065 1515 4116 et

239 4159 384 4222 fecimus
408 4159 567 4242 erpellere
592 4159 678 4242 juxta
703 4173 852 4222 contenta
877 4159 1037 4242 privilegii
1062 4157 1253 4236 communis,
1277 4158 1514 4220 committentes

238 4267 353 4329 eidem
379 4279 414 4327 ut
436 4265 476 4327 de
494 4279 598 4328 cetero
616 4279 647 4328 et
671 4285 727 4348 per
744 4265 884 4349 amplius
901 4266 941 4328 ad
966 4265 1083 4328 dIctam
1105 4265 1265 4327 civitatem
1283 4277 1314 4326 et
1338 4265 1406 4326 eius
1423 4265 1512 4326 terri·

237 4374 366 4435 torium
392 4391 559 4454 nunquam
585 4373 689 4435 redire
714 4386 745 4435 et
777 4373 892 4435 reverti
925 4372 1051 4451 debeat,
1076 4373 1131 4454 qui
1156 4373 1181 4433 si
1215 4373 1246 4433 in
1271 4371 1354 4434 dIcta
1386 4373 1512 4435 civitate

238 4497 270 4542 ct
295 4480 370 4542 eius
393 4479 555 4542 territorio
579 4479 718 4562 amplius
741 4498 948 4562 quocumque
977 4493 1123 4562 tempore
1155 4492 1322 4560 reppertus
1346 4491 1377 4540 et
1401 4478 1512 4560 depre-

238 4588 364 4650 hensus
388 4585 495 4666 luerit,
520 4585 605 4668 juxta
632 4587 732 4669 ipsius
755 4587 911 4649 demerita
933 4607 1048 4670 penam
1074 4605 1172 4668 quam
1197 4585 1401 4665 demeruerit‚
1425 4585 1512 4667 juxta

238 4705 395 4756 contenta
421 4692 581 4775 privilegii
606 4694 788 4755 communis
812 4707 1026 4776 consequetur
1050 4695 1119 4776 Ipso
1144 4693 1239 4756 lactu.

351 4798 431 4862 Item
444 4819 526 4860 uxor
543 4799 635 4862 Pauli
652 4798 709 4862 filii
727 4800 812 4862 Petri
834 4801 979 4882 Hungari
997 4814 1106 4863 contra
1124 4800 1298 4862 MartInum
1324 4799 1510 4862 servitorem

237 4905 411 4969 Benedicti
449 4906 603 4968 institoris
635 4907 675 4968 ad
712 4909 972 4971 commissionem
1007 4909 1139 4991 Georgii
1172 4908 1265 4990 jurati
1299 4907 1444 4968 moderni
1478 4907 1509 4968 in

236 5014 348 5097 primo
372 5013 514 5076 termino
539 5013 746 5096 comparendi
771 5035 857 5078 nunc
880 5035 945 5078 non
970 5016 1160 5098 comparuit.

1403 5102 1418 5138 ss
