<?xml version="1.0" encoding="UTF-8"?>
<!DOCTYPE html PUBLIC "-//W3C//DTD XHTML 1.0 Transitional//EN"
    "http://www.w3.org/TR/xhtml1/DTD/xhtml1-transitional.dtd">
<html xmlns="http://www.w3.org/1999/xhtml" xml:lang="en" lang="en">
 <head>
  <title>
</title>
<meta http-equiv="Content-Type" content="text/html;charset=utf-8" />
  <meta name='ocr-system' content='tesseract 3.04.00' />
  <meta name='ocr-capabilities' content='ocr_page ocr_carea ocr_par ocr_line ocrx_word'/>
</head>
<body>
  <div class='ocr_page' id='page_1' title='image "./monumentahistor13laszgoog_0417.png"; bbox 0 0 3838 5786; ppageno 0'>
   <div class='ocr_carea' id='block_1_1' title="bbox 598 542 1452 630">
    <p class='ocr_par' dir='ltr' id='par_1_1' title="bbox 598 542 1452 630">
     <span class='ocr_line' id='line_1_1' title="bbox 598 542 1452 630; baseline 0.033 -28"><span class='ocrx_word' id='word_1_1' title='bbox 598 547 686 603; x_wconf 78' lang='lat' dir='ltr'>Anno</span> <span class='ocrx_word' id='word_1_2' title='bbox 710 542 803 624; x_wconf 74' lang='lat'><em>1469.</em></span> <span class='ocrx_word' id='word_1_3' title='bbox 830 581 870 588; x_wconf 90' lang='lat'>—</span> <span class='ocrx_word' id='word_1_4' title='bbox 897 544 946 606; x_wconf 77' lang='lat'>[8.</span> <span class='ocrx_word' id='word_1_5' title='bbox 964 549 1046 620; x_wconf 69' lang='lat' dir='ltr'>julil·</span> <span class='ocrx_word' id='word_1_6' title='bbox 1392 569 1452 630; x_wconf 77' lang='lat'>357</span> 
     </span>
    </p>
   </div>
   <div class='ocr_carea' id='block_1_2' title="bbox 183 756 1454 2968">
    <p class='ocr_par' dir='ltr' id='par_1_2' title="bbox 187 756 1454 1158">
     <span class='ocr_line' id='line_1_2' title="bbox 191 756 1454 842; baseline 0.005 -26"><span class='ocrx_word' id='word_1_7' title='bbox 191 758 267 817; x_wconf 88' lang='lat' dir='ltr'>bare</span> <span class='ocrx_word' id='word_1_8' title='bbox 294 757 425 818; x_wconf 88' lang='lat' dir='ltr'>nolebat</span> <span class='ocrx_word' id='word_1_9' title='bbox 442 757 473 817; x_wconf 93' lang='lat' dir='ltr'>in</span> <span class='ocrx_word' id='word_1_10' title='bbox 491 756 622 836; x_wconf 87' lang='lat' dir='ltr'>judici0‚</span> <span class='ocrx_word' id='word_1_11' title='bbox 640 771 748 818; x_wconf 90' lang='lat' dir='ltr'>contra</span> <span class='ocrx_word' id='word_1_12' title='bbox 767 757 901 818; x_wconf 88' lang='lat' dir='ltr'>eandem</span> <span class='ocrx_word' id='word_1_13' title='bbox 920 759 1085 820; x_wconf 89' lang='lat' dir='ltr'>convictus</span> <span class='ocrx_word' id='word_1_14' title='bbox 1106 759 1200 820; x_wconf 91' lang='lat' dir='ltr'>estin</span> <span class='ocrx_word' id='word_1_15' title='bbox 1219 761 1329 840; x_wconf 85' lang='lat' dir='ltr'>viginti</span> <span class='ocrx_word' id='word_1_16' title='bbox 1348 762 1454 842; x_wconf 87' lang='lat' dir='ltr'>pensis</span> 
     </span>
     <span class='ocr_line' id='line_1_3' title="bbox 188 862 1453 948; baseline 0.005 -26"><span class='ocrx_word' id='word_1_17' title='bbox 188 862 398 924; x_wconf 88' lang='lat' dir='ltr'>denariorum</span> <span class='ocrx_word' id='word_1_18' title='bbox 425 877 455 923; x_wconf 92' lang='lat' dir='ltr'>et</span> <span class='ocrx_word' id='word_1_19' title='bbox 479 864 510 923; x_wconf 94' lang='lat' dir='ltr'>in</span> <span class='ocrx_word' id='word_1_20' title='bbox 536 863 682 924; x_wconf 90' lang='lat' dir='ltr'>ducentis</span> <span class='ocrx_word' id='word_1_21' title='bbox 710 864 849 924; x_wconf 87' lang='lat' dir='ltr'>denariis</span> <span class='ocrx_word' id='word_1_22' title='bbox 881 879 990 925; x_wconf 88' lang='lat' dir='ltr'>contra</span> <span class='ocrx_word' id='word_1_23' title='bbox 1016 866 1299 942; x_wconf 65' lang='lat' dir='ltr'>communitatem</span> <span class='ocrx_word' id='word_1_24' title='bbox 1325 868 1363 928; x_wconf 89' lang='lat' dir='ltr'>de</span> <span class='ocrx_word' id='word_1_25' title='bbox 1389 887 1453 948; x_wconf 87' lang='lat' dir='ltr'>quo</span> 
     </span>
     <span class='ocr_line' id='line_1_4' title="bbox 187 967 1452 1055; baseline 0.005 -27"><span class='ocrx_word' id='word_1_26' title='bbox 187 967 310 1046; x_wconf 83' lang='lat' dir='ltr'>judicio</span> <span class='ocrx_word' id='word_1_27' title='bbox 329 969 505 1048; x_wconf 85' lang='lat' dir='ltr'>juratorum</span> <span class='ocrx_word' id='word_1_28' title='bbox 524 969 590 1050; x_wconf 86' lang='lat' dir='ltr'>ipse</span> <span class='ocrx_word' id='word_1_29' title='bbox 612 970 749 1031; x_wconf 90' lang='lat' dir='ltr'>Michael</span> <span class='ocrx_word' id='word_1_30' title='bbox 767 990 832 1031; x_wconf 92' lang='lat' dir='ltr'>non</span> <span class='ocrx_word' id='word_1_31' title='bbox 851 985 1029 1049; x_wconf 86' lang='lat' dir='ltr'>contentus,</span> <span class='ocrx_word' id='word_1_32' title='bbox 1050 971 1184 1032; x_wconf 91' lang='lat' dir='ltr'>eandem</span> <span class='ocrx_word' id='word_1_33' title='bbox 1199 992 1327 1033; x_wconf 87' lang='lat' dir='ltr'>causam</span> <span class='ocrx_word' id='word_1_34' title='bbox 1344 975 1452 1055; x_wconf 89' lang='lat' dir='ltr'>appel·</span> 
     </span>
     <span class='ocr_line' id='line_1_5' title="bbox 189 1075 653 1158; baseline 0.006 -23"><span class='ocrx_word' id='word_1_35' title='bbox 189 1075 268 1136; x_wconf 90' lang='lat' dir='ltr'>lavit</span> <span class='ocrx_word' id='word_1_36' title='bbox 293 1076 332 1136; x_wconf 92' lang='lat' dir='ltr'>ad</span> <span class='ocrx_word' id='word_1_37' title='bbox 357 1076 499 1136; x_wconf 86' lang='lat' dir='ltr'>seniores</span> <span class='ocrx_word' id='word_1_38' title='bbox 524 1077 653 1158; x_wconf 83' lang='lat' dir='ltr'>judices.</span> 
     </span>
    </p>

    <p class='ocr_par' dir='ltr' id='par_1_3' title="bbox 185 1181 1452 2010">
     <span class='ocr_line' id='line_1_6' title="bbox 296 1181 1452 1265; baseline 0.004 -24"><span class='ocrx_word' id='word_1_39' title='bbox 296 1181 373 1242; x_wconf 89' lang='lat' dir='ltr'>ltem</span> <span class='ocrx_word' id='word_1_40' title='bbox 399 1202 525 1243; x_wconf 88' lang='lat' dir='ltr'>causam</span> <span class='ocrx_word' id='word_1_41' title='bbox 553 1183 634 1243; x_wconf 88' lang='lat' dir='ltr'>iuter</span> <span class='ocrx_word' id='word_1_42' title='bbox 659 1183 849 1245; x_wconf 86' lang='lat' dir='ltr'>Michaelem</span> <span class='ocrx_word' id='word_1_43' title='bbox 868 1183 1037 1265; x_wconf 86' lang='lat' dir='ltr'>pellificcm</span> <span class='ocrx_word' id='word_1_44' title='bbox 1056 1199 1086 1246; x_wconf 89' lang='lat' dir='ltr'>et</span> <span class='ocrx_word' id='word_1_45' title='bbox 1111 1184 1192 1245; x_wconf 90' lang='lat' dir='ltr'>inter</span> <span class='ocrx_word' id='word_1_46' title='bbox 1216 1185 1379 1246; x_wconf 86' lang='lat' dir='ltr'>Thomam</span> <span class='ocrx_word' id='word_1_47' title='bbox 1398 1185 1452 1246; x_wconf 90' lang='lat' dir='ltr'>Se-</span> 
     </span>
     <span class='ocr_line' id='line_1_7' title="bbox 189 1289 1451 1374; baseline 0.002 -25"><span class='ocrx_word' id='word_1_48' title='bbox 189 1289 323 1371; x_wconf 89' lang='lat' dir='ltr'>lesnyak</span> <span class='ocrx_word' id='word_1_49' title='bbox 357 1290 483 1350; x_wconf 84' lang='lat' dir='ltr'>racione</span> <span class='ocrx_word' id='word_1_50' title='bbox 516 1290 769 1368; x_wconf 82' lang='lat' dir='ltr'>adjudicationis</span> <span class='ocrx_word' id='word_1_51' title='bbox 804 1291 979 1369; x_wconf 87' lang='lat' dir='ltr'>juratorum</span> <span class='ocrx_word' id='word_1_52' title='bbox 1016 1292 1142 1352; x_wconf 79' lang='lat' dir='ltr'>racione</span> <span class='ocrx_word' id='word_1_53' title='bbox 1176 1293 1396 1374; x_wconf 83' lang='lat' dir='ltr'>inscripcionis</span> <span class='ocrx_word' id='word_1_54' title='bbox 1421 1293 1451 1353; x_wconf 92' lang='lat' dir='ltr'>in</span> 
     </span>
     <span class='ocr_line' id='line_1_8' title="bbox 186 1394 1452 1480; baseline 0.003 -25"><span class='ocrx_word' id='word_1_55' title='bbox 186 1396 328 1476; x_wconf 85' lang='lat' dir='ltr'>presenti</span> <span class='ocrx_word' id='word_1_56' title='bbox 354 1394 519 1474; x_wconf 88' lang='lat' dir='ltr'>katherno‚</span> <span class='ocrx_word' id='word_1_57' title='bbox 544 1397 632 1478; x_wconf 93' lang='lat' dir='ltr'>quod</span> <span class='ocrx_word' id='word_1_58' title='bbox 658 1395 718 1458; x_wconf 88' lang='lat' dir='ltr'>fuit</span> <span class='ocrx_word' id='word_1_59' title='bbox 742 1398 900 1458; x_wconf 85' lang='lat' dir='ltr'>admissus</span> <span class='ocrx_word' id='word_1_60' title='bbox 928 1397 1068 1479; x_wconf 88' lang='lat' dir='ltr'>prelatus</span> <span class='ocrx_word' id='word_1_61' title='bbox 1093 1397 1237 1459; x_wconf 82' lang='lat' dir='ltr'>Thomas</span> <span class='ocrx_word' id='word_1_62' title='bbox 1262 1399 1371 1460; x_wconf 88' lang='lat' dir='ltr'>canale</span> <span class='ocrx_word' id='word_1_63' title='bbox 1396 1418 1452 1480; x_wconf 89' lang='lat' dir='ltr'>po·</span> 
     </span>
     <span class='ocr_line' id='line_1_9' title="bbox 188 1501 1452 1586; baseline 0.005 -26"><span class='ocrx_word' id='word_1_64' title='bbox 188 1520 264 1562; x_wconf 90' lang='lat' dir='ltr'>nere</span> <span class='ocrx_word' id='word_1_65' title='bbox 290 1521 389 1582; x_wconf 90' lang='lat' dir='ltr'>penes</span> <span class='ocrx_word' id='word_1_66' title='bbox 414 1501 547 1563; x_wconf 89' lang='lat' dir='ltr'>domurn</span> <span class='ocrx_word' id='word_1_67' title='bbox 573 1503 672 1584; x_wconf 85' lang='lat' dir='ltr'>ipsius</span> <span class='ocrx_word' id='word_1_68' title='bbox 697 1503 874 1582; x_wconf 83' lang='lat' dir='ltr'>Michaelis,</span> <span class='ocrx_word' id='word_1_69' title='bbox 899 1523 973 1586; x_wconf 86' lang='lat' dir='ltr'>quta</span> <span class='ocrx_word' id='word_1_70' title='bbox 1003 1502 1062 1564; x_wconf 85' lang='lat' dir='ltr'>luit</span> <span class='ocrx_word' id='word_1_71' title='bbox 1086 1505 1300 1586; x_wconf 88' lang='lat' dir='ltr'>conscriptum</span> <span class='ocrx_word' id='word_1_72' title='bbox 1327 1505 1357 1565; x_wconf 91' lang='lat' dir='ltr'>in</span> <span class='ocrx_word' id='word_1_73' title='bbox 1383 1525 1452 1586; x_wconf 88' lang='lat' dir='ltr'>pre·</span> 
     </span>
     <span class='ocr_line' id='line_1_10' title="bbox 185 1607 1452 1692; baseline 0.003 -24"><span class='ocrx_word' id='word_1_74' title='bbox 185 1609 268 1668; x_wconf 91' lang='lat' dir='ltr'>senti</span> <span class='ocrx_word' id='word_1_75' title='bbox 294 1607 455 1687; x_wconf 85' lang='lat' dir='ltr'>cathern0‚</span> <span class='ocrx_word' id='word_1_76' title='bbox 481 1609 569 1690; x_wconf 91' lang='lat' dir='ltr'>quod</span> <span class='ocrx_word' id='word_1_77' title='bbox 594 1611 661 1691; x_wconf 87' lang='lat' dir='ltr'>ipse</span> <span class='ocrx_word' id='word_1_78' title='bbox 686 1611 790 1692; x_wconf 90' lang='lat' dir='ltr'>ipsum</span> <span class='ocrx_word' id='word_1_79' title='bbox 809 1611 995 1672; x_wconf 80' lang='lat' dir='ltr'>cathamum</span> <span class='ocrx_word' id='word_1_80' title='bbox 1016 1613 1188 1692; x_wconf 86' lang='lat' dir='ltr'>reprobare</span> <span class='ocrx_word' id='word_1_81' title='bbox 1213 1613 1352 1689; x_wconf 86' lang='lat' dir='ltr'>volebat,</span> <span class='ocrx_word' id='word_1_82' title='bbox 1379 1611 1452 1673; x_wconf 92' lang='lat' dir='ltr'>ideo</span> 
     </span>
     <span class='ocr_line' id='line_1_11' title="bbox 185 1715 1451 1798; baseline 0.004 -24"><span class='ocrx_word' id='word_1_83' title='bbox 185 1715 354 1777; x_wconf 89' lang='lat' dir='ltr'>convictus</span> <span class='ocrx_word' id='word_1_84' title='bbox 378 1729 424 1777; x_wconf 87' lang='lat' dir='ltr'>est</span> <span class='ocrx_word' id='word_1_85' title='bbox 449 1729 479 1776; x_wconf 92' lang='lat' dir='ltr'>et</span> <span class='ocrx_word' id='word_1_86' title='bbox 503 1716 598 1798; x_wconf 87' lang='lat' dir='ltr'>capiti</span> <span class='ocrx_word' id='word_1_87' title='bbox 616 1737 674 1778; x_wconf 90' lang='lat' dir='ltr'>suo</span> <span class='ocrx_word' id='word_1_88' title='bbox 700 1717 795 1778; x_wconf 91' lang='lat' dir='ltr'>debet</span> <span class='ocrx_word' id='word_1_89' title='bbox 819 1717 963 1778; x_wconf 90' lang='lat' dir='ltr'>invenire</span> <span class='ocrx_word' id='word_1_90' title='bbox 980 1718 1119 1798; x_wconf 85' lang='lat' dir='ltr'>graciam</span> <span class='ocrx_word' id='word_1_91' title='bbox 1145 1731 1175 1778; x_wconf 89' lang='lat' dir='ltr'>et</span> <span class='ocrx_word' id='word_1_92' title='bbox 1199 1718 1451 1779; x_wconf 89' lang='lat' dir='ltr'>misericordiam</span> 
     </span>
     <span class='ocr_line' id='line_1_12' title="bbox 185 1821 1450 1904; baseline 0.002 -23"><span class='ocrx_word' id='word_1_93' title='bbox 185 1841 222 1881; x_wconf 88' lang='lat' dir='ltr'>ex</span> <span class='ocrx_word' id='word_1_94' title='bbox 249 1841 299 1900; x_wconf 86' lang='lat' dir='ltr'>e0,</span> <span class='ocrx_word' id='word_1_95' title='bbox 334 1823 408 1903; x_wconf 88' lang='lat' dir='ltr'>quia</span> <span class='ocrx_word' id='word_1_96' title='bbox 434 1823 500 1904; x_wconf 90' lang='lat' dir='ltr'>ipsa</span> <span class='ocrx_word' id='word_1_97' title='bbox 532 1842 625 1884; x_wconf 88' lang='lat' dir='ltr'>causa</span> <span class='ocrx_word' id='word_1_98' title='bbox 659 1821 719 1884; x_wconf 87' lang='lat' dir='ltr'>fuit</span> <span class='ocrx_word' id='word_1_99' title='bbox 751 1822 930 1904; x_wconf 88' lang='lat' dir='ltr'>adjudicata</span> <span class='ocrx_word' id='word_1_100' title='bbox 964 1837 994 1884; x_wconf 92' lang='lat' dir='ltr'>et</span> <span class='ocrx_word' id='word_1_101' title='bbox 1026 1824 1131 1904; x_wconf 90' lang='lat' dir='ltr'>ipsum</span> <span class='ocrx_word' id='word_1_102' title='bbox 1165 1823 1352 1886; x_wconf 90' lang='lat' dir='ltr'>cathernum</span> <span class='ocrx_word' id='word_1_103' title='bbox 1387 1843 1450 1886; x_wconf 92' lang='lat' dir='ltr'>non</span> 
     </span>
     <span class='ocr_line' id='line_1_13' title="bbox 185 1929 499 2010; baseline 0.006 -22"><span class='ocrx_word' id='word_1_104' title='bbox 185 1929 292 2008; x_wconf 92' lang='lat' dir='ltr'>potuit</span> <span class='ocrx_word' id='word_1_105' title='bbox 317 1930 499 2010; x_wconf 88' lang='lat' dir='ltr'>reprobare.</span> 
     </span>
    </p>

    <p class='ocr_par' dir='ltr' id='par_1_4' title="bbox 183 2034 1452 2330">
     <span class='ocr_line' id='line_1_14' title="bbox 293 2034 1451 2119; baseline 0.001 -23"><span class='ocrx_word' id='word_1_106' title='bbox 293 2035 370 2096; x_wconf 86' lang='lat' dir='ltr'>ltem</span> <span class='ocrx_word' id='word_1_107' title='bbox 396 2036 427 2096; x_wconf 91' lang='lat' dir='ltr'>in</span> <span class='ocrx_word' id='word_1_108' title='bbox 453 2034 536 2096; x_wconf 86' lang='lat' dir='ltr'>facto</span> <span class='ocrx_word' id='word_1_109' title='bbox 562 2035 773 2117; x_wconf 89' lang='lat' dir='ltr'>depilacionis</span> <span class='ocrx_word' id='word_1_110' title='bbox 802 2036 961 2096; x_wconf 84' lang='lat' dir='ltr'>Francisci</span> <span class='ocrx_word' id='word_1_111' title='bbox 993 2036 1101 2116; x_wconf 84' lang='lat' dir='ltr'>generi</span> <span class='ocrx_word' id='word_1_112' title='bbox 1128 2035 1256 2096; x_wconf 89' lang='lat' dir='ltr'>Thome</span> <span class='ocrx_word' id='word_1_113' title='bbox 1282 2037 1451 2119; x_wconf 79' lang='lat' dir='ltr'>Marysych</span> 
     </span>
     <span class='ocr_line' id='line_1_15' title="bbox 183 2141 1452 2226; baseline 0.001 -22"><span class='ocrx_word' id='word_1_114' title='bbox 183 2163 241 2226; x_wconf 87' lang='lat' dir='ltr'>per</span> <span class='ocrx_word' id='word_1_115' title='bbox 267 2143 450 2204; x_wconf 90' lang='lat' dir='ltr'>Emericum</span> <span class='ocrx_word' id='word_1_116' title='bbox 484 2143 718 2225; x_wconf 89' lang='lat' dir='ltr'>carpentarium</span> <span class='ocrx_word' id='word_1_117' title='bbox 743 2141 835 2221; x_wconf 85' lang='lat' dir='ltr'>facte,</span> <span class='ocrx_word' id='word_1_118' title='bbox 868 2143 943 2224; x_wconf 89' lang='lat' dir='ltr'>quia</span> <span class='ocrx_word' id='word_1_119' title='bbox 977 2143 1043 2224; x_wconf 90' lang='lat' dir='ltr'>ipse</span> <span class='ocrx_word' id='word_1_120' title='bbox 1075 2142 1180 2224; x_wconf 90' lang='lat' dir='ltr'>primo</span> <span class='ocrx_word' id='word_1_121' title='bbox 1205 2144 1318 2204; x_wconf 90' lang='lat' dir='ltr'>citatus</span> <span class='ocrx_word' id='word_1_122' title='bbox 1342 2157 1452 2205; x_wconf 89' lang='lat' dir='ltr'>contra</span> 
     </span>
     <span class='ocr_line' id='line_1_16' title="bbox 185 2248 833 2330; baseline 0 -20"><span class='ocrx_word' id='word_1_123' title='bbox 185 2249 327 2310; x_wconf 91' lang='lat' dir='ltr'>eundem</span> <span class='ocrx_word' id='word_1_124' title='bbox 353 2269 417 2310; x_wconf 92' lang='lat' dir='ltr'>non</span> <span class='ocrx_word' id='word_1_125' title='bbox 443 2249 623 2330; x_wconf 87' lang='lat' dir='ltr'>comparuit</span> <span class='ocrx_word' id='word_1_126' title='bbox 647 2250 679 2310; x_wconf 92' lang='lat' dir='ltr'>in</span> <span class='ocrx_word' id='word_1_127' title='bbox 704 2248 833 2330; x_wconf 79' lang='lat' dir='ltr'>judicio</span> 
     </span>
    </p>

    <p class='ocr_par' dir='ltr' id='par_1_5' title="bbox 184 2354 1452 2968">
     <span class='ocr_line' id='line_1_17' title="bbox 295 2354 1451 2436; baseline 0 -20"><span class='ocrx_word' id='word_1_128' title='bbox 295 2355 371 2417; x_wconf 90' lang='lat' dir='ltr'>ltem</span> <span class='ocrx_word' id='word_1_129' title='bbox 398 2375 526 2416; x_wconf 89' lang='lat' dir='ltr'>causam</span> <span class='ocrx_word' id='word_1_130' title='bbox 552 2355 633 2416; x_wconf 88' lang='lat' dir='ltr'>inter</span> <span class='ocrx_word' id='word_1_131' title='bbox 658 2357 757 2416; x_wconf 85' lang='lat' dir='ltr'>Jwrse</span> <span class='ocrx_word' id='word_1_132' title='bbox 782 2355 955 2436; x_wconf 83' lang='lat' dir='ltr'>agricolam</span> <span class='ocrx_word' id='word_1_133' title='bbox 975 2369 1004 2415; x_wconf 92' lang='lat' dir='ltr'>et</span> <span class='ocrx_word' id='word_1_134' title='bbox 1029 2357 1110 2417; x_wconf 90' lang='lat' dir='ltr'>inter</span> <span class='ocrx_word' id='word_1_135' title='bbox 1134 2355 1276 2416; x_wconf 77' lang='lat' dir='ltr'>blasium</span> <span class='ocrx_word' id='word_1_136' title='bbox 1294 2354 1451 2416; x_wconf 84' lang='lat' dir='ltr'>famulum</span> 
     </span>
     <span class='ocr_line' id='line_1_18' title="bbox 184 2462 1451 2544; baseline 0 -22"><span class='ocrx_word' id='word_1_137' title='bbox 184 2462 316 2523; x_wconf 89' lang='lat' dir='ltr'>Martini</span> <span class='ocrx_word' id='word_1_138' title='bbox 348 2462 463 2542; x_wconf 89' lang='lat' dir='ltr'>judicis</span> <span class='ocrx_word' id='word_1_139' title='bbox 495 2463 624 2523; x_wconf 90' lang='lat' dir='ltr'>racione</span> <span class='ocrx_word' id='word_1_140' title='bbox 655 2463 890 2523; x_wconf 89' lang='lat' dir='ltr'>verberacionis</span> <span class='ocrx_word' id='word_1_141' title='bbox 923 2475 953 2523; x_wconf 90' lang='lat' dir='ltr'>et</span> <span class='ocrx_word' id='word_1_142' title='bbox 990 2462 1227 2523; x_wconf 86' lang='lat' dir='ltr'>vulneracionis</span> <span class='ocrx_word' id='word_1_143' title='bbox 1262 2483 1317 2543; x_wconf 90' lang='lat' dir='ltr'>per</span> <span class='ocrx_word' id='word_1_144' title='bbox 1347 2463 1451 2544; x_wconf 88' lang='lat' dir='ltr'>ipsum</span> 
     </span>
     <span class='ocr_line' id='line_1_19' title="bbox 184 2567 1451 2650; baseline -0.002 -20"><span class='ocrx_word' id='word_1_145' title='bbox 184 2569 327 2630; x_wconf 76' lang='lat' dir='ltr'>Blasioni</span> <span class='ocrx_word' id='word_1_146' title='bbox 354 2588 449 2650; x_wconf 87' lang='lat' dir='ltr'>super</span> <span class='ocrx_word' id='word_1_147' title='bbox 474 2569 577 2650; x_wconf 84' lang='lat' dir='ltr'>ipsum</span> <span class='ocrx_word' id='word_1_148' title='bbox 604 2569 701 2629; x_wconf 83' lang='lat' dir='ltr'>Jwrse</span> <span class='ocrx_word' id='word_1_149' title='bbox 723 2567 849 2647; x_wconf 82' lang='lat' dir='ltr'>factam,</span> <span class='ocrx_word' id='word_1_150' title='bbox 875 2569 942 2650; x_wconf 89' lang='lat' dir='ltr'>ipse</span> <span class='ocrx_word' id='word_1_151' title='bbox 968 2569 1065 2629; x_wconf 82' lang='lat' dir='ltr'>Jwrse</span> <span class='ocrx_word' id='word_1_152' title='bbox 1090 2568 1250 2630; x_wconf 87' lang='lat' dir='ltr'>tenebitur</span> <span class='ocrx_word' id='word_1_153' title='bbox 1274 2567 1377 2648; x_wconf 90' lang='lat' dir='ltr'>jurare</span> <span class='ocrx_word' id='word_1_154' title='bbox 1403 2589 1451 2629; x_wconf 91' lang='lat' dir='ltr'>se·</span> 
     </span>
     <span class='ocr_line' id='line_1_20' title="bbox 184 2673 1450 2758; baseline -0.002 -21"><span class='ocrx_word' id='word_1_155' title='bbox 184 2677 371 2752; x_wconf 87' lang='lat' dir='ltr'>condomet,</span> <span class='ocrx_word' id='word_1_156' title='bbox 396 2676 483 2756; x_wconf 92' lang='lat' dir='ltr'>quod</span> <span class='ocrx_word' id='word_1_157' title='bbox 516 2677 582 2757; x_wconf 89' lang='lat' dir='ltr'>ipse</span> <span class='ocrx_word' id='word_1_158' title='bbox 616 2674 755 2737; x_wconf 83' lang='lat' dir='ltr'>famulus</span> <span class='ocrx_word' id='word_1_159' title='bbox 788 2676 968 2737; x_wconf 87' lang='lat' dir='ltr'>vulneravit</span> <span class='ocrx_word' id='word_1_160' title='bbox 992 2695 1076 2753; x_wconf 88' lang='lat' dir='ltr'>eum,</span> <span class='ocrx_word' id='word_1_161' title='bbox 1109 2688 1184 2736; x_wconf 91' lang='lat' dir='ltr'>tunc</span> <span class='ocrx_word' id='word_1_162' title='bbox 1210 2675 1276 2758; x_wconf 88' lang='lat' dir='ltr'>ipse</span> <span class='ocrx_word' id='word_1_163' title='bbox 1309 2673 1450 2736; x_wconf 86' lang='lat' dir='ltr'>famulus</span> 
     </span>
     <span class='ocr_line' id='line_1_21' title="bbox 184 2781 1452 2863; baseline -0.002 -19"><span class='ocrx_word' id='word_1_164' title='bbox 184 2783 347 2844; x_wconf 86' lang='lat' dir='ltr'>tenebitur</span> <span class='ocrx_word' id='word_1_165' title='bbox 370 2783 494 2844; x_wconf 89' lang='lat' dir='ltr'>solvere</span> <span class='ocrx_word' id='word_1_166' title='bbox 520 2782 579 2862; x_wconf 89' lang='lat' dir='ltr'>ipsi</span> <span class='ocrx_word' id='word_1_167' title='bbox 612 2783 710 2843; x_wconf 79' lang='lat' dir='ltr'>livrse</span> <span class='ocrx_word' id='word_1_168' title='bbox 742 2782 914 2842; x_wconf 91' lang='lat' dir='ltr'>duodecim</span> <span class='ocrx_word' id='word_1_169' title='bbox 948 2801 1062 2863; x_wconf 90' lang='lat' dir='ltr'>pensas</span> <span class='ocrx_word' id='word_1_170' title='bbox 1095 2795 1125 2842; x_wconf 90' lang='lat' dir='ltr'>et</span> <span class='ocrx_word' id='word_1_171' title='bbox 1155 2782 1214 2842; x_wconf 85' lang='lat' dir='ltr'>XX</span> <span class='ocrx_word' id='word_1_172' title='bbox 1239 2781 1397 2859; x_wconf 87' lang='lat' dir='ltr'>denarios,</span> <span class='ocrx_word' id='word_1_173' title='bbox 1422 2795 1452 2842; x_wconf 88' lang='lat' dir='ltr'>et</span> 
     </span>
     <span class='ocr_line' id='line_1_22' title="bbox 186 2887 635 2968; baseline 0 -18"><span class='ocrx_word' id='word_1_174' title='bbox 186 2891 298 2968; x_wconf 80' lang='lat' dir='ltr'>juratis</span> <span class='ocrx_word' id='word_1_175' title='bbox 321 2905 450 2950; x_wconf 88' lang='lat' dir='ltr'>centum</span> <span class='ocrx_word' id='word_1_176' title='bbox 476 2887 635 2950; x_wconf 89' lang='lat' dir='ltr'>denarios.</span> 
     </span>
    </p>
   </div>
   <div class='ocr_carea' id='block_1_3' title="bbox 239 3125 1396 3357">
    <p class='ocr_par' dir='ltr' id='par_1_6' title="bbox 239 3125 1396 3357">
     <span class='ocr_line' id='line_1_23' title="bbox 239 3125 1396 3216; baseline -0.002 -16"><span class='ocrx_word' id='word_1_177' title='bbox 239 3126 336 3200; x_wconf 79' lang='lat' dir='ltr'>Faria</span> <span class='ocrx_word' id='word_1_178' title='bbox 365 3126 471 3199; x_wconf 89' lang='lat' dir='ltr'>tercia</span> <span class='ocrx_word' id='word_1_179' title='bbox 496 3125 648 3216; x_wconf 81' lang='lat' dir='ltr'>proxima</span> <span class='ocrx_word' id='word_1_180' title='bbox 676 3135 753 3216; x_wconf 82' lang='lat' dir='ltr'>post</span> <span class='ocrx_word' id='word_1_181' title='bbox 781 3128 904 3199; x_wconf 80' lang='lat' dir='ltr'>festum</span> <span class='ocrx_word' id='word_1_182' title='bbox 928 3129 1016 3198; x_wconf 84' lang='lat' dir='ltr'>beati</span> <span class='ocrx_word' id='word_1_183' title='bbox 1046 3126 1155 3199; x_wconf 72' lang='lat' dir='ltr'>alexii</span> <span class='ocrx_word' id='word_1_184' title='bbox 1185 3127 1396 3199; x_wconf 83' lang='lat' dir='ltr'>confessoris.</span> 
     </span>
     <span class='ocr_line' id='line_1_24' title="bbox 727 3277 907 3357; baseline 0.039 -19"><span class='ocrx_word' id='word_1_185' title='bbox 727 3277 790 3354; x_wconf 81' lang='lat'><em>(18.</em></span> <span class='ocrx_word' id='word_1_186' title='bbox 808 3283 907 3357; x_wconf 68' lang='lat' dir='ltr'>salii).</span> 
     </span>
    </p>
   </div>
   <div class='ocr_carea' id='block_1_4' title="bbox 181 3421 1451 5085">
    <p class='ocr_par' dir='ltr' id='par_1_7' title="bbox 181 3421 1451 4890">
     <span class='ocr_line' id='line_1_25' title="bbox 295 3421 1450 3506; baseline 0.003 -25"><span class='ocrx_word' id='word_1_187' title='bbox 295 3421 371 3482; x_wconf 90' lang='lat' dir='ltr'>ltem</span> <span class='ocrx_word' id='word_1_188' title='bbox 397 3423 427 3482; x_wconf 92' lang='lat' dir='ltr'>in</span> <span class='ocrx_word' id='word_1_189' title='bbox 458 3441 550 3483; x_wconf 88' lang='lat' dir='ltr'>causa</span> <span class='ocrx_word' id='word_1_190' title='bbox 583 3423 664 3484; x_wconf 89' lang='lat' dir='ltr'>inter</span> <span class='ocrx_word' id='word_1_191' title='bbox 689 3422 880 3505; x_wconf 82' lang='lat' dir='ltr'>Dyonisium</span> <span class='ocrx_word' id='word_1_192' title='bbox 916 3423 1085 3506; x_wconf 89' lang='lat' dir='ltr'>Sypchych</span> <span class='ocrx_word' id='word_1_193' title='bbox 1116 3423 1275 3485; x_wconf 88' lang='lat' dir='ltr'>seniorem</span> <span class='ocrx_word' id='word_1_194' title='bbox 1313 3423 1450 3503; x_wconf 74' lang='lat' dir='ltr'>juratum</span> 
     </span>
     <span class='ocr_line' id='line_1_26' title="bbox 184 3528 1450 3613; baseline 0.002 -25"><span class='ocrx_word' id='word_1_195' title='bbox 184 3543 214 3590; x_wconf 89' lang='lat' dir='ltr'>et</span> <span class='ocrx_word' id='word_1_196' title='bbox 231 3529 398 3590; x_wconf 88' lang='lat' dir='ltr'>concivem</span> <span class='ocrx_word' id='word_1_197' title='bbox 412 3543 569 3606; x_wconf 89' lang='lat' dir='ltr'>nostrum,</span> <span class='ocrx_word' id='word_1_198' title='bbox 587 3543 617 3591; x_wconf 89' lang='lat' dir='ltr'>et</span> <span class='ocrx_word' id='word_1_199' title='bbox 631 3531 713 3591; x_wconf 88' lang='lat' dir='ltr'>inter</span> <span class='ocrx_word' id='word_1_200' title='bbox 726 3531 905 3590; x_wconf 88' lang='lat' dir='ltr'>lohannem</span> <span class='ocrx_word' id='word_1_201' title='bbox 925 3528 1081 3591; x_wconf 86' lang='lat' dir='ltr'>famulum</span> <span class='ocrx_word' id='word_1_202' title='bbox 1100 3530 1247 3613; x_wconf 89' lang='lat' dir='ltr'>Dyonisii</span> <span class='ocrx_word' id='word_1_203' title='bbox 1266 3531 1450 3613; x_wconf 86' lang='lat' dir='ltr'>Wodopye,</span> 
     </span>
     <span class='ocr_line' id='line_1_27' title="bbox 186 3635 1449 3718; baseline 0.002 -23"><span class='ocrx_word' id='word_1_204' title='bbox 186 3655 285 3716; x_wconf 90' lang='lat' dir='ltr'>quem</span> <span class='ocrx_word' id='word_1_205' title='bbox 311 3635 378 3716; x_wconf 89' lang='lat' dir='ltr'>ipse</span> <span class='ocrx_word' id='word_1_206' title='bbox 404 3636 577 3718; x_wconf 85' lang='lat' dir='ltr'>Dyonisius</span> <span class='ocrx_word' id='word_1_207' title='bbox 602 3655 659 3718; x_wconf 91' lang='lat' dir='ltr'>pro</span> <span class='ocrx_word' id='word_1_208' title='bbox 678 3636 820 3716; x_wconf 89' lang='lat' dir='ltr'>quodam</span> <span class='ocrx_word' id='word_1_209' title='bbox 843 3656 927 3716; x_wconf 90' lang='lat' dir='ltr'>equo</span> <span class='ocrx_word' id='word_1_210' title='bbox 945 3657 1002 3698; x_wconf 90' lang='lat' dir='ltr'>suo</span> <span class='ocrx_word' id='word_1_211' title='bbox 1028 3637 1185 3718; x_wconf 90' lang='lat' dir='ltr'>captivare</span> <span class='ocrx_word' id='word_1_212' title='bbox 1210 3636 1337 3715; x_wconf 85' lang='lat' dir='ltr'>lecerat,</span> <span class='ocrx_word' id='word_1_213' title='bbox 1354 3656 1449 3717; x_wconf 87' lang='lat' dir='ltr'>quem</span> 
     </span>
     <span class='ocr_line' id='line_1_28' title="bbox 184 3740 1451 3824; baseline 0.002 -23"><span class='ocrx_word' id='word_1_214' title='bbox 184 3741 252 3822; x_wconf 89' lang='lat' dir='ltr'>ipse</span> <span class='ocrx_word' id='word_1_215' title='bbox 286 3741 460 3823; x_wconf 88' lang='lat' dir='ltr'>Dyonisius</span> <span class='ocrx_word' id='word_1_216' title='bbox 493 3740 630 3802; x_wconf 81' lang='lat' dir='ltr'>furatum</span> <span class='ocrx_word' id='word_1_217' title='bbox 665 3742 724 3802; x_wconf 89' lang='lat' dir='ltr'>sibi</span> <span class='ocrx_word' id='word_1_218' title='bbox 758 3742 895 3819; x_wconf 85' lang='lat' dir='ltr'>dicebat,</span> <span class='ocrx_word' id='word_1_219' title='bbox 928 3762 1024 3823; x_wconf 91' lang='lat' dir='ltr'>quem</span> <span class='ocrx_word' id='word_1_220' title='bbox 1057 3762 1177 3824; x_wconf 90' lang='lat' dir='ltr'>equum</span> <span class='ocrx_word' id='word_1_221' title='bbox 1214 3743 1280 3824; x_wconf 88' lang='lat' dir='ltr'>ipse</span> <span class='ocrx_word' id='word_1_222' title='bbox 1312 3742 1451 3803; x_wconf 88' lang='lat' dir='ltr'>famulus</span> 
     </span>
     <span class='ocr_line' id='line_1_29' title="bbox 184 3847 1450 3930; baseline 0.001 -22"><span class='ocrx_word' id='word_1_223' title='bbox 184 3847 361 3928; x_wconf 91' lang='lat' dir='ltr'>Wodopye</span> <span class='ocrx_word' id='word_1_224' title='bbox 386 3849 513 3910; x_wconf 89' lang='lat' dir='ltr'>dicebat</span> <span class='ocrx_word' id='word_1_225' title='bbox 538 3847 634 3908; x_wconf 89' lang='lat' dir='ltr'>luisse</span> <span class='ocrx_word' id='word_1_226' title='bbox 659 3861 823 3928; x_wconf 88' lang='lat' dir='ltr'>receptum</span> <span class='ocrx_word' id='word_1_227' title='bbox 842 3869 897 3930; x_wconf 90' lang='lat' dir='ltr'>per</span> <span class='ocrx_word' id='word_1_228' title='bbox 923 3848 1070 3910; x_wconf 89' lang='lat' dir='ltr'>homines</span> <span class='ocrx_word' id='word_1_229' title='bbox 1087 3849 1211 3910; x_wconf 90' lang='lat' dir='ltr'>domini</span> <span class='ocrx_word' id='word_1_230' title='bbox 1237 3850 1310 3910; x_wconf 88' lang='lat' dir='ltr'>bani</span> <span class='ocrx_word' id='word_1_231' title='bbox 1337 3863 1367 3910; x_wconf 94' lang='lat' dir='ltr'>et</span> <span class='ocrx_word' id='word_1_232' title='bbox 1390 3849 1450 3909; x_wconf 90' lang='lat' dir='ltr'>sibi</span> 
     </span>
     <span class='ocr_line' id='line_1_30' title="bbox 185 3953 1450 4037; baseline 0.002 -23"><span class='ocrx_word' id='word_1_233' title='bbox 185 3953 297 4016; x_wconf 88' lang='lat' dir='ltr'>datum</span> <span class='ocrx_word' id='word_1_234' title='bbox 324 3973 378 4035; x_wconf 87' lang='lat' dir='ltr'>per</span> <span class='ocrx_word' id='word_1_235' title='bbox 412 3954 542 4015; x_wconf 87' lang='lat' dir='ltr'>eosdem</span> <span class='ocrx_word' id='word_1_236' title='bbox 567 3955 606 4016; x_wconf 93' lang='lat' dir='ltr'>ad</span> <span class='ocrx_word' id='word_1_237' title='bbox 640 3955 824 4015; x_wconf 87' lang='lat' dir='ltr'>ducendum</span> <span class='ocrx_word' id='word_1_238' title='bbox 854 3953 925 4016; x_wconf 90' lang='lat' dir='ltr'>illac</span> <span class='ocrx_word' id='word_1_239' title='bbox 959 3956 1012 4015; x_wconf 91' lang='lat' dir='ltr'>ubi</span> <span class='ocrx_word' id='word_1_240' title='bbox 1038 3955 1098 4018; x_wconf 90' lang='lat' dir='ltr'>luit</span> <span class='ocrx_word' id='word_1_241' title='bbox 1128 3970 1289 4037; x_wconf 82' lang='lat' dir='ltr'>receptus3</span> <span class='ocrx_word' id='word_1_242' title='bbox 1315 3956 1364 4017; x_wconf 91' lang='lat' dir='ltr'>cui</span> <span class='ocrx_word' id='word_1_243' title='bbox 1398 3956 1450 4016; x_wconf 91' lang='lat' dir='ltr'>Jo-</span> 
     </span>
     <span class='ocr_line' id='line_1_31' title="bbox 185 4057 1450 4144; baseline 0 -23"><span class='ocrx_word' id='word_1_244' title='bbox 185 4059 283 4121; x_wconf 88' lang='lat' dir='ltr'>hanni</span> <span class='ocrx_word' id='word_1_245' title='bbox 310 4057 431 4120; x_wconf 82' lang='lat' dir='ltr'>famulo</span> <span class='ocrx_word' id='word_1_246' title='bbox 456 4061 556 4142; x_wconf 89' lang='lat' dir='ltr'>ipsius</span> <span class='ocrx_word' id='word_1_247' title='bbox 573 4061 748 4144; x_wconf 80' lang='lat' dir='ltr'>Wodopye</span> <span class='ocrx_word' id='word_1_248' title='bbox 774 4061 867 4140; x_wconf 87' lang='lat' dir='ltr'>jurati</span> <span class='ocrx_word' id='word_1_249' title='bbox 892 4061 996 4122; x_wconf 89' lang='lat' dir='ltr'>taliter</span> <span class='ocrx_word' id='word_1_250' title='bbox 1013 4061 1247 4142; x_wconf 81' lang='lat' dir='ltr'>adjudicarunt,</span> <span class='ocrx_word' id='word_1_251' title='bbox 1272 4063 1359 4142; x_wconf 92' lang='lat' dir='ltr'>quod</span> <span class='ocrx_word' id='word_1_252' title='bbox 1384 4063 1450 4143; x_wconf 86' lang='lat' dir='ltr'>ipse</span> 
     </span>
     <span class='ocr_line' id='line_1_32' title="bbox 185 4167 1450 4250; baseline 0 -22"><span class='ocrx_word' id='word_1_253' title='bbox 185 4167 327 4228; x_wconf 84' lang='lat' dir='ltr'>famulus</span> <span class='ocrx_word' id='word_1_254' title='bbox 351 4167 525 4250; x_wconf 88' lang='lat' dir='ltr'>Wodopye</span> <span class='ocrx_word' id='word_1_255' title='bbox 551 4168 681 4229; x_wconf 89' lang='lat' dir='ltr'>debebit</span> <span class='ocrx_word' id='word_1_256' title='bbox 704 4168 808 4249; x_wconf 89' lang='lat' dir='ltr'>jurare</span> <span class='ocrx_word' id='word_1_257' title='bbox 831 4169 1016 4229; x_wconf 85' lang='lat' dir='ltr'>terciusmet</span> <span class='ocrx_word' id='word_1_258' title='bbox 1043 4170 1187 4250; x_wconf 89' lang='lat' dir='ltr'>personis</span> <span class='ocrx_word' id='word_1_259' title='bbox 1208 4169 1267 4230; x_wconf 92' lang='lat' dir='ltr'>sibi</span> <span class='ocrx_word' id='word_1_260' title='bbox 1291 4168 1450 4229; x_wconf 88' lang='lat' dir='ltr'>similibus</span> 
     </span>
     <span class='ocr_line' id='line_1_33' title="bbox 184 4272 1448 4358; baseline -0.001 -22"><span class='ocrx_word' id='word_1_261' title='bbox 184 4272 262 4336; x_wconf 83' lang='lat' dir='ltr'>feria</span> <span class='ocrx_word' id='word_1_262' title='bbox 287 4287 373 4335; x_wconf 83' lang='lat' dir='ltr'>sexta</span> <span class='ocrx_word' id='word_1_263' title='bbox 398 4275 542 4355; x_wconf 84' lang='lat' dir='ltr'>proxime</span> <span class='ocrx_word' id='word_1_264' title='bbox 567 4289 699 4336; x_wconf 84' lang='lat' dir='ltr'>ventura</span> <span class='ocrx_word' id='word_1_265' title='bbox 726 4275 756 4336; x_wconf 91' lang='lat' dir='ltr'>in</span> <span class='ocrx_word' id='word_1_266' title='bbox 782 4295 834 4335; x_wconf 89' lang='lat' dir='ltr'>ara</span> <span class='ocrx_word' id='word_1_267' title='bbox 859 4289 965 4336; x_wconf 88' lang='lat' dir='ltr'>sancte</span> <span class='ocrx_word' id='word_1_268' title='bbox 995 4275 1117 4353; x_wconf 82' lang='lat' dir='ltr'>Crucis,</span> <span class='ocrx_word' id='word_1_269' title='bbox 1143 4275 1232 4356; x_wconf 93' lang='lat' dir='ltr'>quod</span> <span class='ocrx_word' id='word_1_270' title='bbox 1257 4276 1323 4358; x_wconf 89' lang='lat' dir='ltr'>ipse</span> <span class='ocrx_word' id='word_1_271' title='bbox 1344 4276 1448 4356; x_wconf 89' lang='lat' dir='ltr'>ipsum</span> 
     </span>
     <span class='ocr_line' id='line_1_34' title="bbox 184 4379 1448 4464; baseline -0.001 -21"><span class='ocrx_word' id='word_1_272' title='bbox 184 4401 307 4464; x_wconf 89' lang='lat' dir='ltr'>equum</span> <span class='ocrx_word' id='word_1_273' title='bbox 332 4401 397 4442; x_wconf 91' lang='lat' dir='ltr'>non</span> <span class='ocrx_word' id='word_1_274' title='bbox 422 4379 580 4443; x_wconf 80' lang='lat' dir='ltr'>furaverat</span> <span class='ocrx_word' id='word_1_275' title='bbox 597 4383 647 4443; x_wconf 87' lang='lat' dir='ltr'>vel</span> <span class='ocrx_word' id='word_1_276' title='bbox 673 4383 758 4464; x_wconf 86' lang='lat' dir='ltr'>ipsos</span> <span class='ocrx_word' id='word_1_277' title='bbox 775 4382 922 4442; x_wconf 87' lang='lat' dir='ltr'>homines</span> <span class='ocrx_word' id='word_1_278' title='bbox 940 4397 1127 4460; x_wconf 88' lang='lat' dir='ltr'>monstrare,</span> <span class='ocrx_word' id='word_1_279' title='bbox 1151 4383 1206 4463; x_wconf 92' lang='lat' dir='ltr'>qui</span> <span class='ocrx_word' id='word_1_280' title='bbox 1231 4383 1290 4442; x_wconf 90' lang='lat' dir='ltr'>sibi</span> <span class='ocrx_word' id='word_1_281' title='bbox 1310 4382 1448 4443; x_wconf 89' lang='lat' dir='ltr'>eundem</span> 
     </span>
     <span class='ocr_line' id='line_1_35' title="bbox 184 4487 1448 4570; baseline 0 -22"><span class='ocrx_word' id='word_1_282' title='bbox 184 4507 306 4570; x_wconf 89' lang='lat' dir='ltr'>equum</span> <span class='ocrx_word' id='word_1_283' title='bbox 332 4487 497 4566; x_wconf 84' lang='lat' dir='ltr'>dederant,</span> <span class='ocrx_word' id='word_1_284' title='bbox 523 4502 553 4549; x_wconf 90' lang='lat' dir='ltr'>et</span> <span class='ocrx_word' id='word_1_285' title='bbox 570 4489 646 4550; x_wconf 89' lang='lat' dir='ltr'>dum</span> <span class='ocrx_word' id='word_1_286' title='bbox 671 4489 797 4569; x_wconf 80' lang='lat' dir='ltr'>jurabit,</span> <span class='ocrx_word' id='word_1_287' title='bbox 823 4503 898 4547; x_wconf 89' lang='lat' dir='ltr'>tunc</span> <span class='ocrx_word' id='word_1_288' title='bbox 924 4489 989 4568; x_wconf 89' lang='lat' dir='ltr'>ipse</span> <span class='ocrx_word' id='word_1_289' title='bbox 1008 4488 1183 4570; x_wconf 89' lang='lat' dir='ltr'>Dyonisius</span> <span class='ocrx_word' id='word_1_290' title='bbox 1208 4487 1376 4570; x_wconf 89' lang='lat' dir='ltr'>Sypchych</span> <span class='ocrx_word' id='word_1_291' title='bbox 1402 4507 1448 4548; x_wconf 93' lang='lat' dir='ltr'>re-</span> 
     </span>
     <span class='ocr_line' id='line_1_36' title="bbox 183 4593 1449 4677; baseline -0.002 -21"><span class='ocrx_word' id='word_1_292' title='bbox 183 4595 329 4656; x_wconf 89' lang='lat' dir='ltr'>manebit</span> <span class='ocrx_word' id='word_1_293' title='bbox 351 4595 382 4654; x_wconf 92' lang='lat' dir='ltr'>in</span> <span class='ocrx_word' id='word_1_294' title='bbox 407 4596 481 4655; x_wconf 90' lang='lat' dir='ltr'>vivo</span> <span class='ocrx_word' id='word_1_295' title='bbox 506 4594 658 4676; x_wconf 90' lang='lat' dir='ltr'>homagio</span> <span class='ocrx_word' id='word_1_296' title='bbox 684 4595 788 4655; x_wconf 89' lang='lat' dir='ltr'>eidem</span> <span class='ocrx_word' id='word_1_297' title='bbox 818 4593 956 4654; x_wconf 87' lang='lat' dir='ltr'>lohanni</span> <span class='ocrx_word' id='word_1_298' title='bbox 983 4593 1104 4656; x_wconf 83' lang='lat' dir='ltr'>famulo</span> <span class='ocrx_word' id='word_1_299' title='bbox 1130 4594 1303 4677; x_wconf 89' lang='lat' dir='ltr'>Wodopye</span> <span class='ocrx_word' id='word_1_300' title='bbox 1329 4609 1359 4654; x_wconf 92' lang='lat' dir='ltr'>et</span> <span class='ocrx_word' id='word_1_301' title='bbox 1390 4594 1449 4654; x_wconf 92' lang='lat' dir='ltr'>sci-</span> 
     </span>
     <span class='ocr_line' id='line_1_37' title="bbox 182 4699 1448 4780; baseline -0.001 -17"><span class='ocrx_word' id='word_1_302' title='bbox 182 4702 259 4763; x_wconf 90' lang='lat' dir='ltr'>licet</span> <span class='ocrx_word' id='word_1_303' title='bbox 285 4701 314 4761; x_wconf 93' lang='lat' dir='ltr'>in</span> <span class='ocrx_word' id='word_1_304' title='bbox 342 4701 514 4762; x_wconf 91' lang='lat' dir='ltr'>duodecim</span> <span class='ocrx_word' id='word_1_305' title='bbox 540 4715 570 4762; x_wconf 92' lang='lat' dir='ltr'>et</span> <span class='ocrx_word' id='word_1_306' title='bbox 595 4702 700 4762; x_wconf 89' lang='lat' dir='ltr'>media</span> <span class='ocrx_word' id='word_1_307' title='bbox 733 4701 846 4762; x_wconf 91' lang='lat' dir='ltr'>marcis</span> <span class='ocrx_word' id='word_1_308' title='bbox 875 4699 1092 4778; x_wconf 88' lang='lat' dir='ltr'>denariorum,</span> <span class='ocrx_word' id='word_1_309' title='bbox 1127 4714 1157 4762; x_wconf 89' lang='lat' dir='ltr'>et</span> <span class='ocrx_word' id='word_1_310' title='bbox 1180 4701 1205 4760; x_wconf 88' lang='lat' dir='ltr'>si</span> <span class='ocrx_word' id='word_1_311' title='bbox 1231 4721 1296 4761; x_wconf 94' lang='lat' dir='ltr'>non</span> <span class='ocrx_word' id='word_1_312' title='bbox 1322 4701 1448 4780; x_wconf 82' lang='lat' dir='ltr'>jurabit,</span> 
     </span>
     <span class='ocr_line' id='line_1_38' title="bbox 181 4807 673 4890; baseline -0.002 -20"><span class='ocrx_word' id='word_1_313' title='bbox 181 4824 258 4870; x_wconf 89' lang='lat' dir='ltr'>tunc</span> <span class='ocrx_word' id='word_1_314' title='bbox 284 4828 343 4890; x_wconf 95' lang='lat' dir='ltr'>pro</span> <span class='ocrx_word' id='word_1_315' title='bbox 370 4807 437 4870; x_wconf 87' lang='lat' dir='ltr'>lure</span> <span class='ocrx_word' id='word_1_316' title='bbox 462 4809 673 4890; x_wconf 89' lang='lat' dir='ltr'>reputabitur.</span> 
     </span>
    </p>

    <p class='ocr_par' dir='ltr' id='par_1_8' title="bbox 183 4911 1447 5085">
     <span class='ocr_line' id='line_1_39' title="bbox 292 4911 1446 4996; baseline -0.003 -21"><span class='ocrx_word' id='word_1_317' title='bbox 292 4914 369 4976; x_wconf 88' lang='lat' dir='ltr'>ltem</span> <span class='ocrx_word' id='word_1_318' title='bbox 395 4916 469 4996; x_wconf 91' lang='lat' dir='ltr'>quia</span> <span class='ocrx_word' id='word_1_319' title='bbox 496 4916 634 4996; x_wconf 79' lang='lat' dir='ltr'>quedam</span> <span class='ocrx_word' id='word_1_320' title='bbox 653 4915 768 4975; x_wconf 91' lang='lat' dir='ltr'>mulier</span> <span class='ocrx_word' id='word_1_321' title='bbox 793 4914 996 4996; x_wconf 86' lang='lat' dir='ltr'>Tancetycza</span> <span class='ocrx_word' id='word_1_322' title='bbox 1014 4913 1097 4973; x_wconf 91' lang='lat' dir='ltr'>dicta</span> <span class='ocrx_word' id='word_1_323' title='bbox 1115 4913 1146 4973; x_wconf 94' lang='lat' dir='ltr'>in</span> <span class='ocrx_word' id='word_1_324' title='bbox 1172 4911 1342 4974; x_wconf 86' lang='lat' dir='ltr'>manifesto</span> <span class='ocrx_word' id='word_1_325' title='bbox 1360 4911 1446 4973; x_wconf 84' lang='lat' dir='ltr'>furti·</span> 
     </span>
     <span class='ocr_line' id='line_1_40' title="bbox 183 5019 1447 5085; baseline -0.005 0"><span class='ocrx_word' id='word_1_326' title='bbox 183 5023 271 5085; x_wconf 90' lang='lat' dir='ltr'>cinio</span> <span class='ocrx_word' id='word_1_327' title='bbox 298 5023 393 5083; x_wconf 90' lang='lat' dir='ltr'>unius</span> <span class='ocrx_word' id='word_1_328' title='bbox 418 5022 547 5083; x_wconf 81' lang='lat' dir='ltr'>camisia</span> <span class='ocrx_word' id='word_1_329' title='bbox 572 5023 670 5083; x_wconf 89' lang='lat' dir='ltr'>Marci</span> <span class='ocrx_word' id='word_1_330' title='bbox 696 5020 808 5082; x_wconf 85' lang='lat' dir='ltr'>famuli</span> <span class='ocrx_word' id='word_1_331' title='bbox 841 5020 964 5081; x_wconf 91' lang='lat' dir='ltr'>domini</span> <span class='ocrx_word' id='word_1_332' title='bbox 994 5019 1148 5080; x_wconf 88' lang='lat' dir='ltr'>lohanuis</span> <span class='ocrx_word' id='word_1_333' title='bbox 1180 5019 1319 5080; x_wconf 92' lang='lat' dir='ltr'>doctoris</span> <span class='ocrx_word' id='word_1_334' title='bbox 1353 5039 1447 5080; x_wconf 90' lang='lat' dir='ltr'>cano-</span> 
     </span>
    </p>
   </div>
   <div class='ocr_carea' id='block_1_5' title="bbox 0 0 1924 5786">
    <p class='ocr_par' dir='ltr' id='par_1_9' title="bbox 0 0 1924 5786">
     <span class='ocr_line' id='line_1_41' title="bbox 0 0 1924 5786; baseline 0 0"><span class='ocrx_word' id='word_1_335' title='bbox 0 0 1924 5786; x_wconf 95' lang='lat' dir='ltr'> </span> 
     </span>
    </p>
   </div>
  </div>
 </body>
</html>
