3694 5782
405 517 466 600 276
817 513 1019 594 Ann01465.
1046 550 1086 558 -
1110 525 1160 591 27.
1177 515 1261 591 julii.

403 732 486 791 sium
512 731 597 812 apud
623 728 762 791 eundem
789 729 923 790 Paulum
949 726 1147 790 aurifabrum
1172 728 1382 809 repositarum
1408 743 1439 789 et
1463 727 1562 788 eciam
1587 746 1664 808 quo·

404 838 552 898 rumdam
570 837 753 898 debitorum
769 835 913 897 eiusdem
928 835 1076 917 Dyonisii
1090 855 1146 916 per
1160 835 1300 896 eundem
1315 834 1451 896 Paulum
1468 847 1665 914 receptorum

404 957 435 1004 et
459 944 560 1005 eciam
579 963 635 1025 per
660 943 764 1024 ipsum
784 943 918 1004 Paulum
945 942 976 1003 in
995 941 1104 1023 aliqua
1120 941 1169 1002 sui
1194 955 1283 1024 parte
1305 941 1494 1002 eorumdem
1511 941 1666 1002 bonorum

407 1050 603 1132 negacionis,
628 1049 764 1110 eandem
783 1068 910 1110 causam
937 1067 995 1109 nos
1020 1047 1162 1109 seniores
1179 1045 1301 1128 judices
1317 1060 1422 1129 partes
1446 1046 1527 1107 inter
1543 1045 1667 1106 easdem

405 1157 510 1219 taliter
534 1155 800 1238 adjudicavimus,
825 1153 914 1235 quod
940 1151 1080 1236 prefatus
1097 1153 1273 1236 Dyonisius
1296 1151 1458 1214 aurifaber
1481 1150 1558 1213 feria
1582 1165 1666 1213 sexta

405 1264 550 1346 proxime
575 1275 708 1324 ventura
733 1261 765 1322 iu
790 1281 842 1323 ara
868 1274 976 1322 sancte
1004 1260 1118 1322 Crucis
1150 1259 1181 1320 in
1207 1259 1339 1322 ecclesia
1363 1273 1469 1320 nostra
1496 1257 1667 1340 parochiali

405 1371 490 1432 beati
516 1370 613 1432 Marci
639 1369 844 1450 ewangeliste
869 1369 900 1429 in
926 1368 1038 1430 eadem
1057 1367 1185 1429 civitate
1202 1367 1385 1445 constituta,
1409 1377 1582 1428 sertusmet
1597 1383 1666 1447 per·

406 1477 493 1538 sonis
516 1477 575 1538 sibi
593 1475 756 1536 similibus
781 1475 812 1536 in
838 1494 877 1536 eo
894 1487 925 1537 et
948 1474 1053 1536 taliter
1076 1473 1179 1556 jurare
1196 1473 1368 1551 tenebitur,
1385 1472 1473 1554 quod
1498 1471 1565 1554 ipse
1583 1471 1667 1554 Dyo-

404 1583 503 1645 nisius
526 1597 630 1644 tantas
653 1601 702 1643 res
717 1593 805 1643 tanta
822 1581 906 1643 bona
923 1596 955 1642 et
968 1581 1053 1664 apud
1071 1580 1177 1662 ipsum
1199 1580 1336 1642 Paulum
1353 1577 1549 1641 aurifabrum
1575 1577 1668 1638 dimi·

404 1703 487 1752 serat
522 1701 657 1770 quantas
690 1688 721 1749 in
757 1688 891 1768 registro
923 1707 981 1748 suo
1022 1687 1271 1769 conscripserat,
1311 1687 1343 1747 iu
1380 1686 1487 1748 valore
1520 1684 1669 1746 videlicet

405 1796 606 1878 septuaginta
631 1807 770 1876 quatuor
794 1793 863 1856 flor.
893 1795 973 1872 auri,
1005 1808 1110 1875 preter
1135 1793 1262 1854 illarum
1295 1791 1501 1854 medietatem
1526 1791 1668 1853 cinerum

404 1922 461 1964 seu
485 1901 656 1984 pulverum
682 1913 919 1981 argenteorum,
942 1901 1131 1982 porcionem
1159 1897 1310 1961 videlicet
1334 1899 1433 1980 ipsius
1457 1897 1615 1980 Dyonisii,
1641 1909 1670 1958 et

404 2008 519 2090 viginti
544 2027 597 2069 sex
622 2007 690 2070 flor.
715 2007 794 2086 auri,
827 2025 910 2088 quos
941 2007 1008 2088 ipse
1034 2007 1151 2068 Paulus
1177 2026 1240 2067 non
1273 2019 1369 2086 negat
1400 2025 1433 2066 se
1458 2005 1616 2082 babuisse,
1642 2016 1672 2064 et

404 2134 501 2197 super
525 2114 596 2192 hoc,
621 2114 739 2195 quibus
772 2115 839 2195 ipse
866 2113 982 2174 Paulus
1007 2113 1047 2174 de
1079 2113 1171 2176 dictis
1204 2113 1298 2174 bonis
1329 2111 1437 2173 debita
1461 2111 1561 2194 ipsius
1584 2110 1672 2192 Dyo-

408 2221 479 2282 nisii
505 2220 610 2297 solvit,
636 2220 703 2299 ipse
728 2219 904 2302 Dyonisius
937 2219 1001 2280 illis
1026 2219 1072 2281 nil
1104 2219 1319 2300 obligabatur,
1352 2231 1382 2280 et
1406 2216 1467 2279 hoc
1491 2231 1673 2300 propterea,

408 2328 483 2410 quia
509 2327 568 2409 ipsi
593 2326 769 2410 Dyonisius
801 2341 831 2386 et
857 2326 974 2387 Paulus
1006 2324 1157 2387 aurifabri
1185 2326 1305 2386 tamin
1340 2339 1405 2386 arte
1428 2343 1463 2386 ac
1487 2323 1673 2405 magisterio

406 2455 442 2496 ac
469 2434 501 2495 in
526 2434 617 2494 lucro
641 2445 672 2494 et
696 2432 838 2514 dampno
863 2429 993 2494 fuerunt
1010 2432 1162 2510 consocii,
1187 2445 1327 2512 prestare
1351 2444 1382 2492 et
1406 2429 1568 2512 deponere
1585 2443 1673 2490 tene-

408 2540 494 2601 bitur
518 2539 630 2600 eterit
654 2539 832 2620 obligatum
858 2538 897 2599 de
922 2556 987 2619 quo
1012 2537 1132 2618 judicio
1161 2551 1271 2599 nostro
1296 2537 1363 2619 ipse
1388 2536 1561 2619 Dyonisius
1587 2535 1670 2596 auri·

410 2646 499 2708 faber
523 2666 589 2708 non
614 2659 792 2723 contentus,
818 2647 955 2707 eandem
980 2665 1106 2707 causam
1140 2664 1213 2706 cum
1245 2645 1336 2706 totali
1361 2664 1420 2706 suo
1444 2662 1595 2726 processu
1620 2661 1674 2724 per

408 2773 467 2816 nos
491 2752 707 2834 adjudicatam
732 2753 771 2814 ad
804 2752 993 2832 magistrum
1024 2751 1272 2813 tawar'nicorum
1305 2751 1462 2831 regalium
1487 2749 1673 2832 appellavit,

408 2861 527 2942 quibus
550 2859 694 2942 partibus
719 2878 776 2920 nos
808 2878 916 2920 coram
941 2859 1010 2940 ipso
1044 2858 1196 2939 magistro
1228 2857 1475 2918 tawaruicorum
1498 2855 1673 2917 terminum

409 2965 617 3048 comparendi
642 2985 659 3026 a
685 2963 738 3025 die
763 2963 1016 3046 adjudicacionis
1048 2977 1156 3026 nostre
1189 2963 1341 3025 videlicet
1364 2961 1474 3024 feriam
1499 2961 1674 3023 secundam

409 3072 589 3156 proximam
621 3083 693 3153 post
725 3068 842 3132 festum
873 3070 1055 3132 Nativitatis
1086 3070 1219 3150 virginis
1250 3069 1390 3152 gloriose
1422 3070 1571 3151 proxime
1599 3087 1675 3130 ven·

408 3192 515 3240 turum
540 3177 689 3238 duximus
710 3175 950 3259 prefigendum3
976 3191 1006 3238 et
1026 3177 1102 3258 quia
1133 3176 1238 3258 ipsum
1262 3176 1477 3258 jurameutum
1502 3175 1591 3257 quod
1618 3175 1677 3257 ipsi

407 3283 566 3366 Dyonisio
590 3303 647 3365 per
679 3301 738 3344 nos
769 3297 925 3344 sextomet
957 3295 1024 3344 erat
1056 3281 1275 3362 adjudicatum
1308 3282 1374 3364 ipse
1407 3282 1583 3365 Dyonisius
1617 3281 1676 3362 ipsi

408 3391 509 3452 Paulo
541 3403 681 3470 prestare
713 3402 744 3451 et
777 3389 940 3470 deponere
973 3409 1079 3450 coram
1114 3389 1208 3450 nobis
1241 3401 1356 3471 sponte
1387 3389 1547 3467 submisit,
1572 3388 1678 3450 taliter

407 3511 513 3558 tamen
539 3510 570 3586 et
592 3495 648 3556 tali
673 3495 783 3573 modo,
816 3495 905 3576 quod
937 3495 1004 3576 ipse
1035 3493 1153 3556 Paulus
1187 3495 1378 3576 prescriptae
1410 3495 1514 3556 resin
1541 3495 1676 3574 registro

409 3603 508 3684 ipsius
533 3603 680 3685 Dyonisii
705 3603 910 3684 conscriptas,
935 3622 1000 3663 non
1033 3614 1137 3663 tantas
1161 3601 1217 3662 sed
1249 3601 1457 3663 solummodo
1482 3600 1598 3682 viginti
1624 3620 1677 3663 sex

407 3709 477 3772 flor.
502 3710 570 3770 auri
596 3722 627 3770 et
660 3708 818 3790 quosdam
843 3709 991 3790 pulveres
1024 3728 1080 3768 seu
1113 3709 1236 3770 cineres
1267 3721 1503 3789 argenteorum,
1528 3707 1585 3788 qui
1610 3727 1677 3768 am·

408 3816 523 3876 barum
549 3813 689 3893 fuerunt,
713 3815 753 3876 de
785 3815 903 3896 quibus
927 3814 1029 3875 eciam
1062 3815 1129 3896 ipse
1160 3814 1277 3875 Paulus
1310 3814 1418 3895 aliqua
1443 3813 1551 3874 debita
1577 3813 1679 3895 ipsius

410 3921 559 4003 Dyonisii
583 3921 729 3998 exsolvit,
754 3921 842 4001 quod
868 3921 935 4001 ipse
961 3920 1079 3982 Paulus
1096 3939 1170 3981 cum
1196 3920 1324 3981 racione
1349 3941 1381 3981 se
1405 3921 1541 4002 probare
1566 3933 1598 3982 et
1624 3920 1676 3980 de·

410 4040 588 4089 monstrare
613 4027 793 4109 assumpsit,
827 4041 857 4088 et
889 4027 977 4108 quod
1010 4029 1076 4109 ipse
1107 4028 1225 4088 Paulus
1256 4027 1410 4088 veraciter
1434 4026 1493 4088 fuit
1517 4027 1678 4104 conscius,

410 4132 498 4215 quod
523 4133 589 4214 ipse
615 4133 791 4214 Dyonisius
816 4132 890 4210 iltis,
916 4134 1033 4214 quibus
1058 4135 1125 4215 ipse
1143 4133 1262 4194 Paulus
1286 4133 1385 4214 ipsius
1407 4132 1555 4214 Dyonisii
1581 4132 1678 4192 solvit

410 4239 529 4316 debita,
562 4239 630 4320 ipse
663 4238 839 4321 Dyonisius
871 4239 1086 4319 obligabatur,
1115 4253 1146 4300 et
1179 4239 1265 4320 quod
1291 4238 1359 4320 ipse
1394 4237 1510 4300 Paulus
1534 4239 1606 4300 illas
1631 4257 1679 4299 res

412 4345 510 4426 ipsius
535 4345 683 4427 Dyonisii
708 4345 793 4427 apud
818 4347 922 4426 ipsum
955 4346 1110 4428 repositas
1146 4364 1211 4407 non
1246 4365 1305 4426 pro
1330 4345 1441 4426 majori
1467 4346 1577 4427 precio
1603 4363 1678 4406 veu-

411 4451 493 4512 didit
517 4451 578 4510 nisi
603 4470 661 4532 pro
689 4465 789 4530 tant0,
823 4467 944 4532 quanto
977 4471 1084 4513 coram
1110 4452 1204 4513 nobis
1236 4452 1426 4532 nominavit,
1451 4451 1566 4513 eadem
1599 4449 1676 4512 feria

407 4570 493 4618 sexta
522 4571 662 4638 prestare
688 4571 718 4619 et
742 4557 903 4640 deponere
933 4559 1103 4622 tenebitur.

516 4661 593 4723 ltem
628 4683 756 4725 causam
790 4665 872 4726 inter
904 4665 1117 4726 Laurencium
1150 4684 1261 4747 sporar
1290 4677 1322 4727 et
1354 4665 1436 4726 iuter
1460 4665 1605 4728 Marcum
1629 4665 1678 4747 ju·

409 4782 528 4848 ratum,
553 4769 745 4849 carnificem,
777 4772 906 4832 racione
937 4771 1104 4834 cuiusdam
1138 4771 1284 4834 maccelli
1317 4791 1374 4853 per
1397 4771 1519 4853 juratos
1551 4771 1675 4854 adjudi-

409 4887 511 4935 catam
537 4877 631 4936 etad
657 4897 715 4938 nos
739 4878 880 4939 seniores
904 4876 1025 4958 judices
1049 4897 1105 4960 per
1134 4877 1274 4939 eundem
1300 4877 1444 4940 Marcum
1470 4879 1676 4960 appellatam,

408 4979 673 5043 confirmavimus
695 4997 725 5044 et
751 4985 984 5044 roboravimus.
