3694 5782
416 561 480 641 284
781 563 982 640 Ann01465.
1008 597 1048 605 —
1072 577 1125 638 29.
1149 563 1318 624 novembn'r.

413 775 589 856 illatorum,
605 777 752 859 superius
776 776 808 838 in
827 775 944 838 eodem
967 775 1120 838 catherno
1137 776 1390 855 nominatorum,
1411 774 1498 858 juxta
1521 775 1678 858 composi-

413 884 538 944 cionem
564 897 595 945 et
618 884 862 945 ordinacionem
893 884 1070 965 proborum
1105 883 1247 944 virorum
1280 882 1385 944 taliter
1417 881 1547 945 easdem
1575 895 1680 965 partes

414 990 662 1052 concordassent
696 1003 726 1051 et
758 987 878 1052 factum
911 990 993 1050 inter
1016 989 1103 1071 ipsos
1136 989 1282 1051 habitum
1314 989 1456 1052 totaliter
1478 989 1679 1072 sopivissent‚

414 1097 502 1178 quod
528 1116 587 1178 pro
616 1097 767 1158 omnibus
800 1096 963 1178 premissis
996 1095 1145 1178 dampnis
1176 1115 1232 1178 per
1257 1095 1342 1178 ipsos
1374 1095 1511 1158 condam
1537 1095 1678 1157 Blasium

413 1203 554 1283 judicem
580 1224 615 1264 ac
641 1203 784 1265 relictam
808 1217 840 1265 ct
863 1202 947 1264 lilios
971 1203 1116 1264 eiusdem
1149 1203 1255 1265 eidem
1284 1203 1425 1265 Martino
1449 1202 1548 1285 judici
1573 1203 1679 1281 illatis,

413 1309 482 1391 ipsa
506 1309 637 1371 domina
656 1309 765 1372 relicta
791 1322 822 1372 et
839 1308 896 1370 filii
914 1308 1058 1370 eiusdem
1076 1309 1205 1371 racione
1224 1310 1453 1392 premissorum
1470 1309 1576 1374 eidem
1597 1309 1679 1371 Mar-

412 1417 481 1478 tino
505 1417 604 1498 judici
629 1431 702 1478 octo
726 1416 795 1480 flor.
813 1417 892 1495 auri,
910 1431 1049 1498 quatuor
1067 1416 1099 1477 in
1124 1416 1205 1479 festo
1224 1419 1316 1479 beate
1334 1417 1535 1498 Margaretlre
1552 1429 1583 1479 et
1600 1417 1680 1478 alios

414 1536 553 1604 quatuor
577 1524 609 1584 in
635 1521 716 1585 festo
749 1523 833 1584 beati
859 1523 1027 1585 Michaelis
1058 1523 1243 1606 archangeli
1267 1525 1393 1587 solvere
1423 1525 1620 1587 tenebuntur
1651 1537 1681 1586 et

414 1643 507 1691 erunt
531 1629 675 1711 obligati.

518 1737 595 1798 ltem
622 1756 749 1798 causam
783 1736 913 1797 Martini
945 1735 1061 1816 judicis
1092 1737 1227 1819 predicti
1259 1757 1315 1819 per
1344 1757 1403 1799 nos
1427 1737 1512 1819 juxta
1538 1738 1679 1800 literato·

413 1844 497 1905 rium
522 1843 708 1905 mandatum
734 1843 857 1923 regium
891 1843 1018 1904 racione
1051 1843 1228 1905 oblacionis
1251 1857 1282 1905 et
1314 1843 1558 1906 recolleccionis
1582 1845 1676 1906 vinee

412 1951 556 2013 eiusdem
582 1951 710 2012 Martini
735 1949 848 2030 judicis
873 1970 929 2032 per
953 1949 1090 2012 condam
1116 1950 1294 2012 Seboldum
1320 1952 1431 2034 Mayer
1454 1951 1533 2012 alias
1556 1952 1676 2033 capita-

414 2077 511 2119 neum
547 2057 630 2119 dicte
665 2057 802 2118 civitatis
835 2057 941 2118 eidem
974 2058 1113 2120 Martino
1145 2057 1243 2138 judici
1279 2057 1506 2137 adjudicatam,
1537 2071 1569 2120 et
1605 2058 1679 2139 quia

414 2164 519 2225 eidem
546 2165 685 2226 Martino
710 2163 807 2245 judici
833 2177 899 2226 erat
922 2163 1139 2244 juramentum
1165 2163 1384 2246 adjudicatum
1410 2165 1579 2227 terciomet
1604 2185 1680 2226 con·

413 2271 537 2332 civibus
561 2271 645 2332 dicte
663 2270 799 2332 civitatis
815 2289 874 2351 pro
897 2270 1055 2352 premisso
1076 2271 1229 2351 dampno,
1247 2284 1404 2352 quantum
1422 2271 1550 2333 valebat
1566 2271 1680 2332 vinum

413 2379 518 2460 ipsum
543 2398 599 2460 per
624 2379 729 2459 ipsum
747 2377 926 2439 Seboldum
952 2391 1127 2460 receptum,
1145 2377 1218 2439 ideo
1235 2376 1376 2460 prefatus
1401 2379 1558 2440 Martinus
1583 2379 1679 2458 judex

411 2484 626 2566 juramentum
652 2484 739 2566 quod
759 2484 865 2544 eidem
883 2497 950 2546 erat
974 2483 1192 2566 adjudicatum
1210 2504 1268 2566 pro
1286 2485 1432 2547 ducentis
1456 2485 1583 2547 cubulis
1600 2485 1680 2562 vini,

412 2592 500 2673 quod
531 2605 608 2652 tunc
639 2591 765 2652 valebat
797 2591 1008 2672 quadraginta
1041 2590 1110 2654 flor.
1143 2593 1223 2670 auri,
1256 2591 1394 2674 prestitit
1416 2605 1512 2674 prout
1537 2591 1679 2654 debebat

411 2697 639 2777 juramentum.

518 2803 596 2865 ltem
616 2804 810 2866 Laurentius
826 2823 947 2886 sporar‚
968 2805 1075 2866 senior
1091 2805 1213 2886 juratus
1230 2817 1260 2866 et
1274 2805 1415 2866 concivis
1429 2819 1547 2883 noster,
1566 2818 1678 2867 contra

413 2909 555 2970 Blasium
589 2910 733 2972 villicum
766 2911 953 2993 Lendawyn
979 2911 1111 2989 dictum,
1143 2911 1246 2972 civem
1279 2911 1421 2972 Abbacie
1450 2912 1679 2991 zagrabiensis,

411 3017 516 3098 primo
540 3019 654 3078 citatus
678 3037 741 3079 non
769 3017 948 3100 comparuit
972 3037 1080 3079 coram
1106 3019 1209 3079 nobis.

518 3124 595 3186 ltem
620 3124 835 3204 iuramentum
861 3125 1093 3208 circumspecto
1117 3125 1187 3187 viro
1213 3124 1367 3187 Conrado
1392 3125 1534 3204 Rawsar‚
1558 3125 1679 3187 seniori

410 3228 509 3310 judici
534 3231 616 3293 dicte
642 3231 789 3309 civitatis,
822 3246 931 3292 contra
965 3231 1100 3293 Paulum
1126 3245 1157 3293 et
1191 3231 1383 3314 Dyonisium
1408 3229 1590 3294 aurifabros
1623 3250 1679 3313 per

411 3337 553 3399 seniores
584 3338 705 3418 judices
737 3339 865 3400 racione
898 3338 1075 3400 ablacionis
1106 3338 1320 3420 quarumdam
1352 3357 1457 3399 rerum
1482 3359 1539 3420 per
1572 3339 1677 3420 ipsum

412 3442 547 3503 Paulum
572 3441 769 3504 aurifabrum
788 3463 895 3505 coram
914 3445 1007 3506 nobis
1025 3445 1057 3505 in
1081 3444 1214 3524 registro
1231 3443 1473 3526 productarum,
1492 3441 1570 3506 feria
1589 3458 1677 3506 sexta

410 3549 555 3629 proxima
580 3563 652 3630 post
675 3546 789 3611 festum
820 3551 903 3611 beati
937 3550 1065 3612 Martini
1098 3550 1243 3632 proxime
1277 3551 1476 3632 preteritum,
1508 3551 1678 3612 terciomet

411 3655 598 3717 concivibus
623 3655 738 3717 nostris
762 3657 866 3718 eidem
893 3655 1113 3738 adjudicatum
1142 3657 1279 3738 prestitit
1301 3671 1397 3739 prout
1421 3657 1569 3719 debebat.

517 3761 593 3823 ltem
619 3763 804 3824 Anthonius
821 3761 1010 3845 Oprasnych
1028 3775 1137 3824 contra
1157 3763 1392 3844 Margaretham
1419 3763 1676 3826 inhabitatricem

410 3867 493 3928 dicte
518 3867 655 3929 civitatis
679 3867 869 3930 secundario
894 3869 1008 3930 citatus
1031 3889 1096 3930 non
1122 3851 1303 3952 comparuit
1328 3889 1437 3930 coram
1463 3870 1569 3931 nobis.

517 3975 593 4035 ltem
619 3995 747 4036 causam
780 3976 861 4036 inter
893 3976 1085 4058 Dyonisium
1121 3975 1291 4058 Sypchych
1316 3989 1348 4038 et
1380 3977 1461 4038 inter
1486 3977 1602 4060 Elyam
1629 3976 1644 4038 f
1667 4011 1677 4022 -

410 4099 514 4142 sorem
540 4101 767 4164 campanarum
793 4083 921 4144 racione
952 4082 1152 4145 vendicionis
1183 4081 1349 4144 cuiusdam
1376 4083 1467 4144 bovis
1490 4102 1547 4165 per
1572 4083 1678 4166 ipsum

410 4187 604 4269 Dyonisium
630 4189 689 4270 ipsi
715 4189 795 4270 Elye
820 4189 953 4266 venditi,
985 4190 1052 4270 ipse
1078 4189 1174 4271 Elyas
1206 4189 1362 4250 solusmet
1386 4188 1489 4270 iurare
1514 4191 1679 4252 tenebitur

409 4293 506 4354 tercia
531 4292 609 4354 feria
627 4308 698 4376 post
722 4292 837 4356 festum
856 4296 940 4357 beati
959 4295 1084 4357 Nicolai
1107 4296 1250 4378 episcopi
1276 4309 1307 4358 et
1331 4294 1532 4374 confessoris,
1550 4311 1582 4360 et
1599 4297 1677 4358 dum

410 4398 527 4481 jurabit
551 4415 626 4461 tunc
661 4401 727 4482 ipse
753 4401 927 4484 Dyonisius
959 4421 1062 4463 arram
1096 4401 1201 4463 eidem
1234 4403 1399 4463 restituere
1422 4403 1603 4479 tenebitur;
1638 4401 1677 4464 de

409 4526 474 4586 quo
499 4505 619 4587 judicio
645 4507 710 4588 ipse
738 4508 834 4590 Elyas
868 4509 1012 4590 ipsorum
1044 4509 1221 4590 juratorum
1255 4528 1320 4570 non
1346 4521 1515 4571 contentus
1539 4509 1676 4571 eandem

409 4633 535 4675 causam
563 4615 738 4696 appellavit
762 4614 801 4676 ad
826 4615 967 4676 seniores
991 4614 1123 4696 judices.

515 4720 592 4782 ltem
619 4740 746 4782 causam
781 4722 910 4783 Martini
942 4721 1056 4803 judicis
1088 4723 1216 4784 racione
1250 4723 1428 4785 ablacionis
1459 4723 1675 4785 ducentorum

409 4827 601 4888 cubulorum
628 4828 693 4888 vini
720 4841 750 4888 et
774 4829 866 4889 vinee
890 4849 946 4890 aue
980 4829 1149 4892 recollecta
1174 4849 1231 4912 per
1256 4829 1436 4892 Seboldum
1462 4831 1573 4913 Mayer
1596 4831 1676 4892 alias

407 4933 609 5013 capitaneum
634 4934 717 4995 dicte
747 4935 894 5014 civitatis,
919 4949 949 4997 et
967 4936 1042 5017 quia
1064 4934 1204 5018 prefatus
1221 4937 1378 4998 Martinus
1401 4937 1497 5018 judea
1514 4937 1675 5018 juramen-

411 5053 479 5106 tum
504 5041 563 5106 sibi
589 5041 808 5124 adjudicatum
833 5062 928 5128 super
961 5044 1069 5106 valore
1103 5045 1178 5108 dicti
1204 5045 1270 5105 vini
1302 5045 1342 5105 ad
1368 5044 1581 5129 quadraginta
1604 5043 1673 5106 flor.
