3644 5788
405 589 465 652 174
805 571 1005 646 Ann01459.
1031 603 1072 612 —
1095 582 1145 630 22.
1163 569 1254 645 firnii.

505 783 584 846 Item
610 783 762 843 Nicolaus
785 795 874 843 sutor
897 786 1008 843 contra
1033 779 1188 842 Mathiam
1217 781 1384 862 waarich
1409 781 1560 863 produxit
1576 781 1665 842 testi-

402 892 547 952 monium
575 889 723 970 Gregorii
756 887 965 949 Wrecharich
998 899 1029 948 et
1061 887 1215 969 Stephani
1239 887 1367 967 sutoris,
1400 887 1488 968 quod
1519 887 1695 949 testimo.

398 999 489 1060 nium
514 1012 560 1058 est
583 1010 760 1078 acceptum.

506 1104 584 1166 Item
603 1103 785 1187 Stephanus
801 1115 890 1164 sutor
905 1101 958 1162 hic
982 1100 1088 1182 primo
1106 1099 1180 1162 fecit
1198 1101 1396 1182 proclamare
1413 1115 1543 1185 propter
1560 1120 1667 1183 quan·

346 1267 351 1278 .
400 1213 474 1274 dam
507 1225 623 1273 tertam
656 1209 809 1270 arabilem
844 1207 971 1269 Nicolai
1004 1207 1043 1268 de
1077 1206 1243 1286 Grachan,
1276 1227 1339 1289 que
1370 1206 1430 1270 fuit
1461 1209 1666 1290 inpignorata

367 1351 370 1358 ·
399 1317 536 1380 condam
562 1315 738 1378 Benedicto
763 1313 980 1392 Kwsilowich,
1005 1327 1040 1375 ut
1064 1315 1132 1396 ipse
1156 1313 1293 1375 redimat
1317 1314 1430 1396 ipsam.

506 1423 584 1484 ltem
609 1420 792 1483 Demetrius
816 1434 917 1481 sartor
942 1420 1020 1481 alias
1048 1419 1169 1501 juratus
1200 1433 1232 1482 et
1255 1419 1418 1482 lohannes
1441 1417 1584 1482 carnifex
1611 1439 1664 1480 oc·

400 1544 474 1592 taso
501 1529 552 1589 die
577 1527 792 1608 juramentum
825 1527 988 1608 deponere
1019 1525 1185 1588 habebunt
1212 1541 1323 1589 contra
1355 1531 1483 1588 Annam
1516 1527 1663 1606 longam,

399 1638 537 1720 quilibet
562 1655 674 1698 eorum
699 1635 893 1712 terciusmet,
918 1633 1008 1715 quod
1032 1633 1091 1716 ipsi
1121 1633 1180 1695 sibi
1206 1634 1383 1716 dampnum
1408 1635 1441 1695 in
1466 1633 1662 1716 quibusdam

399 1745 481 1826 palis
505 1743 537 1804 in
562 1743 655 1804 vinea
679 1761 736 1803 sua
760 1741 969 1803 existentibus
993 1760 1058 1802 non
1083 1738 1237 1804 fecerunt.

502 1849 580 1911 Item
606 1848 748 1909 seniores
772 1846 894 1928 judices
918 1845 1184 1928 adjudicaverunt
1201 1865 1330 1909 causam
1355 1847 1438 1908 inter
1462 1847 1598 1908 Paulum
1618 1845 1665 1926 ju-

398 1969 502 2016 ratum
527 1968 558 2016 et
582 1953 762 2016 Johannem
788 1953 953 2034 Hwalycz,
978 1952 1065 2032 quod
1098 1953 1186 2034 prius
1210 1953 1302 2034 jurati
1329 1953 1592 2034 adjudicaverant
1617 1972 1666 2013 ra-

399 2061 492 2123 cione
517 2059 684 2122 cuiusdam
703 2057 834 2120 inlamie
859 2071 890 2120 et
906 2059 1148 2120 subsanacionis
1172 2079 1312 2120 necnon
1330 2059 1409 2138 doli,
1434 2079 1497 2141 que
1522 2057 1667 2140 prefatus

400 2165 562 2228 Johannes
586 2179 695 2227 contra
721 2165 826 2247 ipsum
851 2164 987 2226 Paulum
1013 2163 1124 2226 fecisse
1153 2164 1319 2226 dicebatur
1343 2179 1374 2226 et
1397 2165 1584 2227 testimonio
1611 2184 1665 2225 su·

398 2285 506 2355 specto
532 2273 770 2354 comprobatur,
794 2270 851 2332 tali
876 2269 986 2348 modu,
1011 2291 1047 2332 ex
1065 2289 1131 2352 quo
1160 2271 1264 2351 ipsum
1281 2271 1501 2333 testimonium
1527 2269 1588 2331 fuit
1612 2289 1667 2330 su·

398 2391 541 2459 spectum
567 2391 597 2439 et
622 2397 686 2438 non
718 2390 904 2457 acceptum,
935 2390 1003 2438 tum
1037 2376 1111 2457 quia
1140 2389 1235 2438 testes
1266 2377 1325 2459 ipsi
1350 2397 1389 2438 eo
1413 2389 1560 2458 tempore
1586 2396 1664 2437 cum

400 2484 466 2566 ipse
499 2483 660 2545 Johannes
692 2483 752 2544 hoc
784 2482 895 2544 fecisse
927 2496 958 2543 et
989 2482 1105 2543 dixisse
1137 2480 1305 2561 fatebatur,
1338 2483 1443 2566 ipsum
1477 2482 1663 2544 Johannem

398 2590 502 2672 plagis
533 2589 716 2669 affecerunt,
748 2603 816 2650 tum
849 2589 951 2650 eciam
982 2589 1058 2670 quia
1089 2589 1177 2650 aliud
1208 2589 1430 2651 testimonium
1461 2589 1551 2671 quod
1596 2590 1668 2670 ipse

399 2697 518 2759 Paulus
542 2697 658 2758 habere
683 2716 716 2757 se
740 2710 890 2778 speraret,
916 2695 1044 2757 testium
1079 2696 1222 2778 ipsorum
1247 2709 1467 2778 suspectorum
1493 2694 1607 2758 affines
1635 2711 1668 2757 et

398 2803 628 2886 consanguinei
653 2823 709 2864 seu
734 2801 907 2864 familiares
931 2801 1149 2878 habebantur;
1173 2802 1229 2863 sed
1251 2803 1326 2883 quia
1351 2802 1418 2884 ipse
1443 2802 1608 2864 Johannes
1633 2823 1668 2863 se

398 2909 458 2972 hoc
483 2909 598 2971 dixisse
623 2910 763 2991 negavit,
795 2909 869 2971 ideo
898 2909 957 2970 sibi
990 2908 1206 2989 juramentum
1232 2923 1279 2971 est
1311 2909 1528 2992 adjudicatum
1556 2909 1589 2969 in
1615 2928 1668 2987 eo,

398 3016 485 3098 quod
510 3016 577 3098 ipse
601 3029 714 3078 octavo
746 3015 798 3076 die
822 3015 1038 3097 juramentum
1070 3015 1296 3077 metsecundus
1330 3016 1492 3098 deponere
1517 3015 1667 3092 habebit,

398 3136 431 3182 ut
456 3122 522 3203 ipse
548 3121 687 3182 eundem
706 3121 841 3183 Paulum
859 3120 998 3202 juratum
1016 3121 1180 3202 premissis
1197 3121 1496 3199 subsanacionibus,
1521 3119 1669 3182 infamiis

398 3241 429 3289 et
452 3227 558 3288 verbis
583 3227 705 3289 dolosis
729 3247 793 3288 non
823 3226 937 3290 affecit.

504 3333 581 3394 ltem
607 3353 662 3415 per
686 3333 960 3414 composicionem
986 3333 1218 3394 nonnullorum
1237 3333 1459 3412 discretorum,
1483 3334 1668 3415 proborum

399 3451 430 3502 et
465 3438 673 3500 honestorum
714 3439 857 3500 virorum
888 3437 1011 3521 prefata
1044 3458 1138 3500 causa
1174 3440 1255 3502 inter
1290 3439 1427 3501 Paulum
1459 3438 1599 3520 juratum
1636 3454 1669 3502 et

398 3545 577 3607 Johannem
604 3545 759 3629 Hwalych
786 3559 832 3607 est
856 3565 912 3628 ρετ
936 3547 1045 3607 omnia
1073 3546 1277 3628 complanata
1302 3560 1333 3608 et
1355 3546 1475 3623 sedata,
1500 3545 1577 3607 ideo
1604 3566 1668 3607 nos

396 3651 536 3712 eundem
561 3651 740 3712 Johannem
769 3651 926 3733 Hwalych
951 3651 1097 3712 misimus
1133 3653 1271 3733 quirum,
1305 3651 1472 3734 pacificum
1498 3665 1528 3712 et
1554 3653 1668 3713 modis

396 3758 548 3819 omnibus
580 3757 775 3835 absolutum,
811 3776 908 3838 quem
933 3771 964 3819 et
987 3759 1054 3840 ipse
1079 3759 1198 3820 Paulus
1221 3757 1342 3841 juratus
1366 3759 1453 3820 misit
1477 3758 1607 3840 quitum
1635 3775 1668 3820 er

396 3862 564 3945 pacificum
589 3883 697 3925 coram
723 3864 826 3925 nobis.

505 4101 600 4175 Feria
629 4113 726 4176 sexta
754 4107 907 4194 proxima
936 4113 1013 4176 ante
1042 4105 1163 4176 festum
1192 4104 1356 4194 Johannis
1385 4105 1548 4195 baptiste.

934 4259 996 4334 (22.
1011 4259 1119 4335 junii).

503 4397 579 4460 ltem
605 4418 661 4480 per
685 4399 873 4460 mandatum
907 4398 1100 4460 serenissimi
1132 4398 1285 4480 principis
1310 4411 1340 4461 et
1372 4399 1507 4476 domini,
1532 4399 1669 4463 domini

398 4503 517 4564 Mathis
541 4504 593 4566 dei
617 4505 723 4585 gracia
749 4505 925 4586 Hungarie‚
958 4503 1135 4582 Dalmacie,
1160 4503 1295 4566 Croacie
1327 4517 1386 4568 etc.
1415 4505 1508 4586 regis,
1532 4505 1670 4570 domini

397 4609 496 4672 nostri
517 4611 670 4672 naturalis
694 4623 725 4672 et
747 4611 984 4691 graciosissimi,
1016 4623 1082 4672 tota
1107 4611 1322 4672 communitas
1345 4629 1473 4673 causam
1498 4611 1583 4674 inter
1610 4614 1669 4676 Jo-

396 4714 535 4778 hannem
553 4715 654 4777 filium
673 4717 754 4778 Pero
772 4716 910 4796 judicem
928 4731 958 4777 et
972 4717 1145 4778 Martiuum
1171 4717 1249 4778 alias
1273 4715 1412 4798 judicem
1426 4717 1556 4778 racione
1581 4739 1670 4802 qua·

396 4823 542 4884 rumdam
576 4823 813 4905 possessionum
846 4837 878 4884 et
902 4824 1092 4904 porcionum
1126 4837 1303 4884 nostrarum
1334 4823 1669 4906 possessionariarum

396 4930 543 4992 omnium
569 4949 625 5012 per
641 4950 700 4991 nos
724 4931 811 5011 prius
829 4930 887 5011 ipsi
906 4931 1045 4992 Martino
1059 4931 1137 4992 alias
1149 4929 1247 5011 judici
1271 4931 1507 5010 arendatarum,
1522 4931 1668 4998 demum

395 5055 471 5098 vero
488 5056 544 5118 ρετ
568 5037 705 5098 condam
723 5037 865 5097 Vlricum
884 5037 1034 5097 comitem
1055 5036 1139 5099 Cilie
1156 5051 1214 5100 etc.
1234 5039 1273 5097 ab
1291 5037 1407 5100 eodem
1424 5037 1608 5102 ablatarum
1636 5055 1670 5108 et
