3852 5814
365 485 431 546 494
782 467 868 523 Anno
888 462 983 542 1480.
1010 498 1051 507 -
1075 477 1124 539 27.
1149 466 1228 524 maii.

371 679 536 738 Demetrio
561 679 802 755 solvendorum,
827 690 858 738 et
890 695 1064 738 econverso
1090 676 1272 737 Demetrius
1297 677 1391 738 babet
1415 677 1634 757 juramentum

368 785 531 866 deponere
556 783 643 866 quod
669 785 737 865 ipse
755 803 819 844 non
843 783 989 844 vendidit
1013 803 1062 844 res
1078 797 1109 844 et
1127 784 1334 844 mercimonia
1354 785 1435 846 inter
1460 785 1547 865 ipsos
1566 804 1634 844 ver·

367 906 444 968 sata,
470 911 528 952 nec
553 910 667 971 prose
693 891 840 972 exposuit
865 890 937 970 plus
964 908 1060 970 quam
1086 908 1145 969 pro
1180 905 1318 970 quatuor
1342 889 1411 952 flor.
1437 905 1580 972 excepta,
1605 904 1636 951 et

367 997 454 1079 quod
480 997 562 1058 duos
586 995 701 1057 choros
724 1009 846 1056 tantum
873 1015 930 1077 pro
955 1015 988 1056 se
1012 995 1160 1076 exposuit
1184 1015 1249 1055 non
1276 1011 1380 1076 negat.

475 1103 551 1164 ltem
578 1123 670 1164 causa
698 1103 779 1164 inter
804 1102 1002 1184 Stephanum
1022 1100 1237 1183 Thomanych
1263 1115 1295 1163 et
1313 1101 1491 1183 Georgium
1516 1103 1632 1185 Wyth-

368 1209 503 1293 ltowych
528 1209 656 1270 racione
682 1209 896 1290 percussionis
920 1221 950 1269 et
975 1208 1211 1269 verberationis
1228 1206 1342 1290 prefati
1369 1209 1535 1290 Stephani,
1559 1209 1636 1290 quia

367 1331 440 1378 ante
466 1317 658 1377 divisionem
691 1316 808 1376 domus
840 1315 943 1397 ipsum
979 1312 1178 1396 Stephanum
1215 1328 1246 1376 et
1278 1334 1422 1376 sororem
1447 1335 1536 1376 suam
1559 1335 1635 1375 con-

367 1423 524 1484 cernentia
547 1423 684 1484 eundern
711 1420 850 1504 prefatus
886 1420 1126 1503 Wythkowych
1152 1422 1315 1500 percussit,
1339 1420 1444 1482 eidem
1470 1421 1636 1503 Stephano

369 1530 473 1590 dictus
497 1527 736 1612 Wythkowych
763 1528 794 1588 in
820 1527 933 1607 viginti
960 1527 1066 1608 pensis
1083 1527 1289 1588 denariorum
1315 1541 1361 1588 est
1378 1528 1636 1610 condempnatus

370 1649 399 1696 et
424 1635 522 1715 judici
548 1647 579 1696 et
604 1633 827 1696 communitati
854 1633 885 1694 in
911 1633 1056 1714 quinque
1081 1634 1188 1713 pensis
1212 1633 1429 1695 denariorum.

476 1741 618 1801 Racione
643 1755 750 1801 autem
775 1740 941 1800 cuiusdam
968 1738 1104 1800 fenestre
1130 1759 1185 1820 per
1209 1737 1366 1820 prefatum
1391 1739 1633 1822 Wythkowych

370 1849 409 1908 de
435 1867 558 1909 camera
578 1847 677 1928 ipsius
695 1846 847 1928 Stephani
868 1847 1025 1908 violenter
1051 1861 1199 1924 extracte,
1217 1847 1308 1928 jurati
1328 1847 1528 1924 invenerunt,
1546 1847 1635 1928 quod

369 1953 522 2036 prefatam
549 1953 719 2016 fenestram
745 1955 827 2015 bene
845 1955 1031 2035 dispositam
1057 1954 1096 2014 ad
1115 1955 1222 2015 locum
1247 1974 1340 2015 suurn
1359 1954 1454 2016 habet
1478 1973 1634 2036 reponere

369 2076 399 2122 et
424 2081 481 2143 pro
506 2061 664 2122 violencia
689 2061 800 2122 decem
825 2061 964 2140 griwnas
989 2061 1124 2122 solvere.

476 2167 619 2228 Racione
644 2181 751 2226 autern
776 2167 942 2228 cuiusdam
969 2185 1078 2227 mense
1104 2166 1197 2246 jurati
1225 2167 1426 2244 invenerunt,
1451 2187 1487 2227 ex
1513 2167 1635 2248 quoin

370 2273 503 2353 registro
528 2273 711 2333 divisionali
738 2273 819 2333 inter
844 2273 947 2354 ipsum
975 2271 1173 2354 Stephanum
1198 2286 1229 2333 et
1257 2293 1399 2333 sororem
1424 2292 1514 2333 suam
1541 2271 1636 2350 facto,

370 2379 504 2438 eandem
538 2397 681 2440 mensam
714 2377 929 2460 specificatam
963 2379 1165 2456 invenerunt,
1198 2393 1229 2439 et
1262 2379 1364 2439 dictus
1398 2378 1636 2461 Wythkowych

373 2485 564 2546 violenciam
580 2497 792 2562 accusaverat,
807 2486 837 2545 in
853 2485 964 2545 eadem
982 2485 1070 2546 solus
1082 2499 1127 2545 est
1143 2485 1308 2546 convictus
1325 2499 1355 2545 et
1369 2485 1635 2566 condempnatus.

477 2591 539 2652 Pro
564 2605 702 2671 quatuor
726 2605 832 2651 autem
859 2591 1052 2672 quibusdam
1077 2591 1311 2652 lintiaminibus
1337 2591 1518 2672 Stephanus
1543 2589 1638 2650 habet

371 2697 587 2776 juramentum
613 2697 774 2779 deponere
806 2697 894 2778 quod
928 2697 1041 2758 eadem
1076 2698 1261 2758 linteamina
1295 2698 1396 2758 sorori
1429 2717 1485 2759 sue
1517 2695 1637 2779 prefate

372 2823 435 2864 non
462 2803 662 2885 propinavit;
686 2804 742 2864 sed
768 2802 908 2885 prefatus
932 2804 1155 2888 Vythkowyeh
1186 2805 1268 2864 dicta
1301 2803 1545 2883 adjudicacione
1570 2823 1636 2863 non

370 2923 541 2970 contentus
565 2909 603 2970 ad
629 2909 772 2971 seniores
796 2910 918 2992 judices
942 2910 1126 2992 appellavit.

477 3015 554 3077 ltem
587 3035 681 3076 causa
719 3016 818 3078 Elene
851 3016 960 3077 matris
992 3017 1143 3098 adoptive
1177 3016 1314 3077 condam
1349 3017 1473 3077 domini
1508 3017 1639 3077 Martini

371 3123 537 3204 presbiteri
562 3136 593 3182 et
617 3123 725 3184 relicte
751 3124 834 3183 Nesa
866 3136 979 3184 vocate
1004 3123 1112 3184 uxoris
1143 3123 1221 3184 olim
1248 3121 1396 3202 Gregorii
1432 3121 1535 3184 fratris
1561 3123 1637 3182 dicti

373 3229 497 3288 domini
524 3228 664 3306 Martini,
690 3227 782 3308 jurati
809 3229 1011 3306 invenerunt,
1037 3228 1123 3309 quod
1147 3227 1268 3310 prefata
1295 3229 1395 3290 Elena
1421 3243 1520 3289 mater
1538 3228 1639 3310 adop-

372 3335 435 3395 tiva
461 3348 520 3395 etc.
545 3335 760 3414 juramentum
786 3335 882 3396 habet
911 3336 1085 3417 deponere,
1119 3336 1206 3416 quod
1233 3335 1353 3395 nullam
1387 3335 1638 3416 disposicionem

373 3438 448 3501 fecit
472 3461 544 3502 cum
570 3441 744 3522 prescripto
771 3440 929 3522 Gregorio
960 3441 1074 3502 marito
1107 3440 1227 3522 prefate
1255 3442 1336 3502 Nese
1361 3455 1506 3522 pretextu
1531 3441 1636 3500 cuius·

373 3546 447 3606 dam
472 3547 577 3624 vinee,
602 3566 667 3627 quo
692 3547 850 3628 deposito,
870 3547 1060 3608 confirmant
1077 3561 1304 3608 testamentum
1329 3547 1492 3628 prescripti
1511 3545 1635 3606 domini

374 3653 503 3713 Martini
537 3654 669 3733 dempto
702 3653 789 3734 quod
823 3674 976 3734 expensas
1007 3655 1096 3714 istius
1130 3655 1203 3714 anni
1241 3672 1297 3735 per
1329 3654 1429 3734 ipsam
1455 3654 1568 3713 Nesam
1595 3653 1635 3712 ad

373 3758 490 3819 dictam
515 3759 642 3819 vineam
668 3757 765 3820 factas
789 3759 885 3820 habet
910 3759 1071 3841 deponere
1105 3774 1136 3821 et
1160 3761 1218 3842 ipsi
1244 3761 1326 3821 Nese
1353 3761 1527 3821 restituere.

463 3999 607 4069 Sabbata
637 3999 787 4088 Quatuor
816 4008 1003 4088 temporum
1034 4010 1109 4089 post
1147 4001 1267 4071 festum
1298 4001 1545 4073 Penthecostes.

911 4155 972 4230 (27.
997 4153 1093 4230 mair).

483 4293 516 4353 ln
541 4312 634 4354 causa
660 4294 741 4353 inter
775 4292 905 4355 Gallum
941 4293 1108 4376 Kodelych
1142 4293 1280 4374 juratum
1306 4308 1336 4354 et
1359 4293 1542 4354 Dionisium
1574 4313 1638 4354 sar·

374 4413 488 4476 torem,
514 4399 655 4459 seniores
680 4398 801 4476 judices
837 4399 1107 4461 confirmaverunt
1139 4400 1418 4480 adjudicacionem
1449 4399 1639 4479 juratorum,

374 4507 449 4586 quia
475 4519 505 4566 et
530 4525 587 4566 nos
612 4507 729 4566 scimus
746 4519 776 4567 et
800 4521 911 4566 notum
938 4521 983 4567 est
1007 4507 1093 4586 quod
1113 4507 1180 4586 ipse
1211 4506 1324 4568 Gallus
1349 4507 1427 4568 dixit
1452 4507 1540 4587 quod
1558 4506 1637 4567 illud

375 4612 548 4672 linteamen
574 4611 671 4691 vulgo
697 4611 826 4692 plahtha
853 4610 933 4672 foret
957 4614 1060 4673 tocius
1082 4613 1129 4672 sui
1156 4610 1229 4674 furti
1255 4613 1394 4693 signum,
1419 4613 1515 4674 debet
1531 4627 1638 4674 autem

376 4717 590 4797 juramentum
616 4718 778 4798 deponere
803 4717 944 4800 prefatus
963 4719 1137 4801 Dyonisius
1161 4734 1263 4781 sartor
1280 4718 1356 4780 feria
1382 4733 1468 4780 sexta
1492 4721 1640 4802 proxima

375 4837 446 4904 post
471 4823 585 4884 festum
612 4823 765 4904 Corporis
790 4824 908 4885 Christi
928 4826 958 4885 in
985 4847 1034 4903 e0,
1058 4827 1145 4907 quod
1164 4846 1228 4887 non
1246 4826 1369 4887 dederit
1387 4825 1483 4888 Gallo
1502 4827 1640 4888 formant

376 4929 544 5008 juramenti
578 4930 641 4990 alio
674 4930 772 4990 modo
805 4932 864 4991 nisi
896 4931 977 4993 sieut
1010 4933 1101 5011 jurati
1135 4933 1415 5013 adjudicaverant;
1448 4952 1487 4994 eo
1518 4933 1643 5015 judiaio
