3838 5786
630 499 831 575 Ann01470.
857 531 898 540 -
922 509 951 574 7.
975 496 1138 556 decembris.
1458 514 1520 580 377

253 710 397 771 eiusdem
423 711 531 771 uxoris
556 710 678 788 iacobi,
703 708 777 770 ideo
801 729 860 770 nos
883 709 1025 770 seniores
1047 708 1169 786 judices
1192 708 1298 770 taliter
1322 707 1518 784 invenimus,

253 815 341 896 quod
366 814 478 879 eadem
506 816 607 878 Suska
633 815 735 896 jurare
761 815 921 876 tenebitur
950 813 1026 876 feria
1052 815 1148 876 tercia
1183 815 1328 896 proxima
1353 827 1425 896 post
1450 823 1520 894 pre*

254 922 375 983 dictum
401 921 516 984 festum
542 925 633 984 beate
651 922 826 984 Katherine
852 923 882 983 in
914 942 964 1000 eo,
994 923 1082 1004 quod
1102 923 1166 1004 ipsa
1193 923 1295 1004 ipsum
1314 921 1436 1003 palium
1456 940 1519 981 non

254 1041 374 1090 emerat
398 1028 503 1090 eidem
522 1029 612 1091 uxori
638 1029 737 1110 ipsius
754 1029 864 1090 Jacobi
891 1028 950 1089 nisi
969 1028 1008 1089 ad
1033 1027 1264 1090 confidenciam
1283 1027 1520 1110 possessionum

254 1155 395 1212 suarum,
419 1136 561 1197 tunicam
593 1155 680 1215 vero,
714 1155 810 1216 quam
835 1135 924 1216 prius
956 1136 1024 1217 ipsa
1054 1155 1134 1197 uxor
1166 1135 1264 1216 ipsius
1288 1134 1397 1195 Jacobi
1423 1152 1519 1214 quam

255 1242 425 1303 serviendo
450 1242 557 1303 eidem
574 1244 733 1325 portabat,
751 1261 849 1322 quam
868 1241 934 1323 ipsa
953 1241 1055 1303 Suska
1079 1243 1119 1302 ab
1138 1241 1250 1304 eadem
1269 1240 1397 1322 recepit,
1414 1239 1519 1300 eidem

255 1348 389 1410 reddere
413 1361 548 1410 tenetur.

412 1584 508 1658 Feria
537 1593 633 1658 sexta
662 1586 816 1676 proxima
843 1595 921 1677 post
950 1587 1072 1658 testum
1100 1587 1190 1658 beati
1222 1585 1358 1658 Nicolai.

755 1738 799 1818 (7.
823 1739 1000 1810 decembris).

360 1880 437 1941 ltem
463 1899 591 1942 causam
617 1881 699 1942 inter
731 1880 935 1943 Clementem
968 1880 1167 1942 aurifabrum
1199 1893 1229 1942 et
1256 1879 1398 1940 blasium
1430 1878 1518 1938 insti-

254 2003 356 2049 torem
381 1988 511 2048 racione
534 1987 785 2069 vituperacionis
810 1988 914 2069 ipsum
940 1987 1141 2049 Clementem
1172 2007 1227 2068 per
1252 1987 1358 2068 ipsum
1377 1985 1518 2046 blasium

253 2094 442 2170 institorem,
468 2092 560 2173 jurati
586 2093 821 2174 adjudicarunt,
847 2093 934 2175 quod
961 2094 1026 2175 ipse
1052 2094 1205 2155 Clemens
1230 2093 1332 2175 jurare
1358 2093 1519 2153 tenebitur

252 2199 479 2262 secundusmet
503 2201 534 2260 in
560 2220 613 2261 ara
637 2215 744 2261 sancte
770 2201 894 2280 Crucis,
916 2201 1003 2282 quod
1022 2200 1089 2281 ipse
1114 2221 1178 2262 non
1204 2200 1396 2282 vituperavit
1414 2199 1516 2281 ipsum

254 2307 394 2368 Blasium
423 2305 614 2384 institorem,
638 2307 692 2368 sed
719 2307 785 2388 ipse
803 2308 928 2369 Blasius
952 2307 1126 2389 appellavit
1151 2308 1290 2368 eundem
1316 2307 1519 2369 Clementem

252 2411 353 2474 filium
380 2413 573 2488 meretricis;
606 2427 636 2474 et
660 2414 737 2474 dum
771 2413 898 2494 jurabit,
931 2427 1007 2476 tunc
1040 2414 1106 2494 ipse
1133 2413 1256 2476 Blasius
1281 2413 1447 2474 convietus
1471 2425 1517 2473 est

252 2531 363 2580 contra
388 2518 492 2600 ipsum
517 2517 720 2581 Clementem
754 2521 786 2581 in
812 2520 922 2581 decem
957 2520 1063 2602 pensis
1094 2534 1124 2581 et
1155 2520 1253 2600 judici
1294 2533 1324 2580 et
1349 2518 1459 2600 juratis
1483 2519 1516 2578 in

251 2637 382 2686 centum
409 2624 557 2686 denariis.

358 2731 436 2792 ltem
461 2751 588 2792 causam
613 2731 694 2793 inter
713 2733 846 2794 Elenam
866 2734 1034 2796 mulierem
1049 2748 1080 2796 et
1097 2734 1277 2796 iohannem
1296 2731 1399 2794 filium
1420 2733 1518 2792 Marci

252 2836 470 2920 Gyurakoych
507 2838 635 2899 racione
660 2839 896 2901 verberacionis
924 2841 1067 2902 eiusdem
1094 2840 1249 2917 mulieris,
1273 2838 1366 2920 jurati
1393 2837 1517 2919 adjudi-

251 2957 374 3022 carunt,
399 2944 487 3025 quod
512 2943 579 3026 ipsa
604 2945 721 3006 mulier
745 2943 849 3024 jurare
873 2947 1034 3009 tenebitur
1051 2947 1258 3008 secundamet
1275 2965 1346 3006 cum
1373 2945 1518 3027 personis

253 3051 312 3111 sibi
338 3049 516 3124 similibus3
542 3050 629 3131 quod
655 3050 732 3112 dum
758 3051 824 3132 ipsa
842 3053 969 3132 jurabit,
987 3068 1063 3116 tunc
1089 3054 1154 3135 ipse
1172 3052 1335 3114 lohannes
1352 3051 1517 3112 convictus

253 3157 356 3218 estin
390 3156 501 3218 decem
535 3156 641 3236 pensis
673 3169 783 3218 contra
817 3159 952 3220 eandem
986 3159 1121 3220 Elenam
1153 3173 1184 3220 et
1207 3158 1304 3238 judici
1337 3179 1372 3219 ac
1405 3157 1516 3238 juratis

253 3264 282 3324 in
303 3277 431 3324 centum
465 3262 621 3340 denariis;
646 3277 677 3325 et
701 3283 758 3346 pro
783 3265 929 3346 potencia
955 3267 1044 3347 quod
1067 3267 1188 3347 recepit
1211 3265 1271 3326 sibi
1295 3265 1416 3346 pintam
1442 3283 1515 3325 cum

252 3369 327 3430 vino
343 3369 508 3431 convictus
522 3383 568 3430 est
578 3368 634 3451 (in)
649 3369 758 3431 decem
771 3371 885 3432 marcis
899 3372 1104 3434 denariorum
1115 3386 1224 3433 contra
1238 3371 1514 3433 communitatem.

358 3476 436 3537 ltem
462 3496 589 3537 causam
616 3477 697 3537 inter
723 3476 846 3559 Gywan
865 3479 1047 3540 barberium
1073 3493 1103 3540 et
1128 3479 1281 3541 Jacobum
1307 3491 1449 3539 sutorem
1467 3499 1515 3538 ra·

251 3584 344 3644 cione
370 3595 480 3644 mutue
506 3583 764 3664 vituperacionis‚
790 3585 880 3664 jurati
899 3585 1135 3664 adjudicarunt,
1157 3586 1244 3667 quod
1270 3586 1329 3667 ipsi
1347 3586 1443 3646 ambo
1461 3585 1517 3645 de-

251 3690 327 3750 bent
352 3689 476 3750 solvere
502 3689 675 3769 birsagium
701 3689 798 3769 judici
824 3705 855 3751 et
878 3690 989 3771 juratis
1014 3706 1043 3752 et
1073 3693 1203 3754 eosdem
1230 3704 1426 3753 contentato.

357 3796 435 3858 ltem
460 3796 543 3857 trina
568 3797 635 3857 vice
661 3809 707 3857 est
730 3797 975 3877 proclamatum,
1001 3799 1088 3879 quod
1114 3819 1177 3860 una
1195 3799 1284 3859 litera
1308 3797 1517 3879 privilegialis

249 3923 344 3984 super
369 3903 468 3963 domo
494 3915 617 3964 murata
643 3903 674 3962 in
700 3902 782 3964 dicta
808 3903 935 3966 civitate
968 3905 1050 3966 inter
1074 3906 1220 3982 domum,
1259 3904 1460 3984 fundumque
1486 3917 1516 3964 et

250 4009 398 4071 hedificia
424 4009 514 4070 Pauli
542 4009 608 4071 Lab
634 4009 722 4087 dicti,
754 4011 793 4070 ab
828 4030 890 4071 una
915 4011 1065 4073 videlicet
1096 4009 1348 4093 septemtrionali
1372 4023 1460 4090 parte
1486 4023 1517 4070 et

250 4117 332 4178 inter
357 4117 493 4178 domum
519 4115 682 4178 Dorotbee
702 4115 766 4178 filie
791 4117 954 4179 Valentini
981 4116 1148 4201 Marysych
1167 4117 1261 4196 dicte,
1286 4119 1325 4178 ab
1349 4117 1515 4178 occidente

249 4237 280 4284 et
304 4225 388 4284 inter
412 4223 491 4284 duas
509 4224 576 4284 vias
600 4243 656 4284 seu
680 4223 801 4305 plateas
819 4243 1018 4301 communes,
1043 4243 1139 4284 unam
1165 4244 1182 4284 a
1207 4223 1339 4284 meridie
1363 4234 1395 4283 et
1418 4223 1514 4284 aliam

249 4333 288 4392 ab
313 4331 438 4392 oriente
463 4330 618 4408 habitam,
642 4350 705 4411 que
723 4331 839 4392 domus
856 4329 916 4392 fuit
940 4331 1075 4392 condam
1106 4330 1226 4410 egregii
1245 4329 1399 4391 lobannis
1427 4329 1514 4390 Toth

249 4437 289 4498 de
315 4437 537 4516 Zomzedwar‚
563 4436 644 4498 foret
676 4437 844 4498 casualiter
876 4438 1003 4515 amissa,
1028 4457 1090 4518 que
1123 4435 1214 4496 litera
1239 4435 1352 4496 nullibi
1379 4436 1514 4496 inveniri

248 4543 373 4624 potuit;
399 4545 633 4624 quamquidem
659 4544 792 4605 domum
824 4543 1007 4624 spectabilis
1039 4555 1069 4602 et
1094 4541 1261 4621 magnifica
1294 4542 1423 4602 domina
1449 4541 1514 4602 Do·

248 4649 360 4711 rothea
386 4649 495 4711 relicta
521 4649 660 4711 condam
686 4649 871 4733 Hennyngh
898 4669 982 4710 nunc
1000 4663 1147 4710 consorte
1173 4648 1316 4728 legitima
1332 4649 1515 4729 spectabilis

250 4770 279 4816 et
304 4753 465 4835 magnifici
485 4755 704 4816 Bartholomei
731 4756 769 4816 de
788 4757 989 4836 Frangapan‚
1003 4755 1130 4836 Wegle‚
1150 4755 1264 4835 Segne,
1283 4754 1514 4834 Modrusseque

250 4863 395 4941 comitis,
432 4863 668 4944 quamquidem
701 4863 834 4925 domum
869 4864 982 4924 eadem
1019 4863 1151 4924 domina
1184 4861 1346 4924 Dorothea
1378 4863 1514 4944 provido

251 4968 394 5051 Georgio
419 4969 516 5031 sutori
542 4968 610 5032 filio
635 4971 799 5031 Benkonis
824 4969 1013 5052 Otboysycb
1039 4969 1077 5031 de
1097 4968 1264 5048 Wisocba,
1289 4982 1323 5031 ut
1348 4969 1410 5031 iam
1429 4988 1513 5029 novo
