3852 5814
396 540 462 616 464
816 537 1013 613 Anno1477.
1039 569 1083 580 —
1110 551 1139 597 2.
1164 537 1244 598 maii.

398 748 448 809 vel
472 747 549 810 odio
574 761 605 809 et
621 747 688 808 sine
713 747 802 806 omni
821 746 981 808 dilacione
1006 745 1091 825 juxta
1114 765 1237 807 morem
1256 760 1287 807 et
1311 746 1576 808 consvetudinem
1594 766 1668 827 pre·

397 851 460 913 fate
485 853 622 913 civitatis
646 865 752 914 nostre
786 851 877 913 nullo
910 851 1059 934 ampliori
1094 851 1248 913 mandato
1277 864 1386 914 nostro
1418 853 1589 934 superinde
1614 872 1666 912 ex·

398 973 533 1041 pectam,
558 959 783 1040 justiciamque
809 972 839 1019 et
868 957 996 1020 finalem
1031 959 1229 1020 decisionem
1251 957 1359 1020 ‘lacere
1385 973 1415 1020 et
1439 959 1665 1020 administrate

398 1065 541 1128 debeatis
566 1079 596 1126 et
620 1083 711 1126 secus
739 1064 830 1125 nullo
864 1065 962 1126 modo
997 1063 1100 1126 facere
1132 1065 1333 1148 presumatis.
1366 1065 1571 1126 Presentibus
1596 1084 1666 1146 per-

398 1172 498 1250 lectis,
523 1170 685 1232 exhibenti
711 1171 874 1232 restitutis.
909 1171 1026 1233 Datum
1061 1171 1150 1233 Bude
1176 1171 1253 1233 feria
1286 1185 1397 1252 quarta
1422 1171 1568 1254 proxima
1593 1183 1665 1252 post

399 1278 595 1339 dominicam
621 1278 744 1341 Letare.
767 1283 864 1338 Anno
888 1277 1020 1338 Domini
1047 1277 1222 1340 millesimo
1250 1278 1568 1360 quadringentesimo
1592 1296 1663 1358 sep·

396 1385 576 1465 tuagesimo
593 1384 741 1464 septimo.
767 1384 954 1465 Regnorum
972 1397 1079 1445 autem
1100 1398 1281 1446 nostrorum
1307 1403 1392 1445 anno
1411 1383 1577 1465 llungarie
1602 1395 1663 1445 etc.

397 1492 566 1572 vigesim0,
584 1489 738 1551 Bohemie
755 1509 831 1551 vero
849 1503 974 1552 octav0.
997 1525 1036 1536 -
1062 1492 1129 1552 Nos
1147 1490 1255 1571 itaque
1280 1491 1438 1552 mandatis
1455 1490 1555 1571 ipsius
1578 1509 1661 1551 sere-

398 1597 521 1658 nissimi
554 1597 706 1678 principis
735 1611 765 1657 et
797 1596 933 1675 domini,
968 1597 1092 1657 domini
1125 1597 1247 1658 Mathie
1279 1597 1330 1658 dei
1354 1597 1460 1678 gracia
1484 1596 1662 1677 Hungarie,

400 1703 555 1764 Bohemie
581 1718 639 1764 etc.
665 1703 758 1782 regis,
789 1702 913 1763 domini
950 1703 1048 1764 nostri
1081 1703 1308 1783 graciosissimi
1343 1701 1475 1764 obedire
1500 1702 1666 1783 cupientes

396 1830 453 1870 seu
478 1809 623 1870 volentes
647 1823 743 1890 prout
767 1822 797 1869 et
828 1822 976 1870 tenemur
1008 1809 1047 1870 de
1072 1808 1151 1888 jure,
1184 1808 1417 1890 prenominatis
1442 1806 1580 1868 lohanni
1607 1807 1664 1868 Pe·

397 1917 514 1977 rowicz
539 1935 574 1977 ac
600 1915 773 1976 Dominico
791 1913 859 1976 lilio
877 1913 1021 1976 eiusdem
1042 1915 1143 1997 ipsam
1161 1934 1288 1976 causam
1307 1914 1388 1976 inter
1413 1914 1544 1975 eosdem
1563 1913 1665 1974 venti·

397 2023 494 2083 latam
519 2041 575 2082 seu
600 2035 721 2082 motam
747 2021 874 2082 racione
900 2020 1116 2102 quorumdam
1135 2020 1348 2082 ducentorum
1373 2035 1404 2082 et
1428 2019 1664 2101 quinquaginta

401 2128 470 2190 flor.
496 2128 576 2206 auri,
601 2127 679 2188 feria
703 2128 800 2188 tercia
826 2127 971 2208 proxime
996 2127 1142 2207 sequenti
1169 2127 1255 2188 diem
1279 2127 1449 2188 statuimus
1470 2125 1665 2206 judicatorio

400 2234 513 2295 ordine
538 2235 763 2312 determinare,
788 2253 844 2315 per
867 2247 1038 2314 partesque
1063 2235 1173 2296 ambas
1199 2252 1289 2294 more
1313 2233 1450 2294 civitatis
1473 2232 1562 2294 citari
1588 2230 1662 2292 leci·

397 2361 468 2402 mus
492 2341 656 2402 advocatis
687 2341 906 2421 comparendi,
934 2353 1042 2401 tamen
1067 2339 1309 2421 prenominatus
1330 2337 1492 2400 Johannes
1510 2339 1663 2399 Perovicz

399 2449 538 2510 nescitur
563 2449 681 2529 quibua
712 2447 936 2508 occasionibus
968 2466 1001 2509 se
1033 2449 1203 2508 absentans
1227 2459 1366 2528 pretacta
1399 2443 1476 2508 leria
1501 2445 1595 2507 tercia
1621 2445 1662 2505 ad

398 2555 660 2637 prosequendum
693 2555 794 2636 ipsam
827 2573 954 2614 causam
987 2573 1045 2614 nec
1079 2573 1134 2636 per
1158 2572 1190 2614 se
1214 2573 1275 2615 nec
1297 2573 1353 2634 per
1385 2571 1479 2614 suum
1512 2571 1663 2634 procura·

398 2676 500 2723 torem
526 2661 725 2742 comparuit;
749 2660 804 2720 sed
837 2661 904 2741 ipse
930 2659 1092 2721 Johannes
1121 2660 1272 2721 Perovicz
1297 2680 1404 2721 coram
1430 2660 1662 2740 circumspecto

400 2783 430 2830 et
455 2768 592 2830 honesto
617 2766 762 2829 Johanne
787 2767 945 2828 moderno
969 2766 1075 2847 judice
1093 2781 1201 2827 nostro
1220 2767 1351 2828 dixisset
1376 2779 1407 2828 et
1430 2765 1665 2847 assumpsisset,

397 2889 492 2957 prout
517 2875 610 2935 nobis
634 2874 718 2934 idem
744 2873 839 2954 judex
865 2873 896 2933 in
921 2873 996 2934 sede
1029 2887 1135 2935 nostra
1161 2873 1328 2952 judiciaria
1354 2873 1473 2949 retulit,
1499 2872 1663 2954 prenomi-

398 2995 491 3043 natus
515 2981 677 3041 lohannes
695 2981 847 3041 Perovicz
865 2979 1012 3062 proximo
1038 2980 1089 3040 die
1114 2979 1237 3041 sabbati
1255 2979 1343 3060 quod
1369 2993 1435 3041 erat
1459 2994 1531 3060 post
1547 2977 1664 3039 festum

398 3088 481 3148 beati
508 3087 658 3148 Ztanislai
685 3087 822 3148 martiris
847 3106 953 3148 coram
980 3087 1074 3148 nobis
1090 3087 1271 3148 senioribus
1295 3086 1454 3166 judicibus
1478 3105 1664 3167 comparere

398 3207 429 3255 et
456 3195 556 3275 ipsam
582 3213 709 3254 causam
736 3193 898 3274 prosequi,
932 3194 998 3254 Nos
1031 3194 1138 3274 itaque
1171 3207 1322 3274 pretacta,
1346 3194 1491 3275 proxime
1516 3192 1664 3273 sequenti

398 3300 544 3377 sabbam,
570 3299 621 3359 die
647 3299 677 3359 in
696 3299 772 3359 sede
798 3312 905 3361 nostra
931 3299 1096 3379 judiciaria
1116 3299 1299 3380 congregati
1318 3297 1459 3382 prelatos
1483 3299 1664 3360 Johannem

398 3407 550 3467 Perovicz
575 3425 610 3466 ac
644 3405 851 3466 Dominicum
884 3404 985 3466 lilium
1019 3406 1163 3467 eiusdem
1196 3420 1398 3488 expectantes
1429 3425 1536 3468 coram
1571 3405 1665 3466 nobis

399 3532 582 3594 comparere
607 3527 638 3572 et
662 3511 700 3572 ad
719 3511 874 3592 judicium
893 3513 1035 3588 venisse3
1060 3513 1114 3572 sed
1133 3526 1205 3594 post
1233 3532 1356 3574 moram
1382 3513 1512 3594 longam
1537 3509 1663 3594 prelato

398 3619 542 3680 Johanne
561 3618 712 3678 Perovicz
737 3637 801 3678 non
827 3619 985 3696 veniente,
1007 3619 1146 3680 eundem
1165 3619 1344 3682 Johannem
1363 3639 1419 3701 per
1443 3619 1578 3680 nuncios
1602 3637 1660 3679 no·

398 3739 479 3786 stros
503 3725 543 3785 ad
568 3722 724 3804 judicium
750 3724 859 3785 venire
877 3725 1074 3804 monuimus,
1099 3737 1264 3807 expectato
1289 3726 1396 3806 itaque
1421 3726 1490 3808 ipso
1514 3723 1661 3786 Johanne

397 3850 500 3912 usque
526 3830 637 3891 horam
662 3830 790 3891 solitam
808 3831 940 3892 sedente
964 3831 1083 3910 judicio
1106 3846 1214 3893 nostro
1232 3831 1317 3894 idem
1336 3833 1499 3894 Johannes
1524 3831 1665 3893 nescitur

398 3957 463 4018 quo
488 3937 601 4018 spiritu
626 3936 740 3998 ductus
764 3957 823 3998 nec
847 3937 880 3998 in
903 3939 1035 4019 propria
1053 3957 1187 4020 persona
1213 3958 1318 4021 neque
1343 3958 1399 4020 per
1423 3951 1664 4020 procuratorem

398 4061 492 4103 suum
521 4061 707 4125 comparere
732 4044 854 4105 curavit
879 4044 979 4104 immo
1005 4064 1063 4106 nec
1080 4045 1268 4126 comparuit.
1292 4045 1394 4106 Nobis
1419 4045 1526 4126 itaque
1550 4043 1665 4105 seden-

399 4150 485 4211 tibus
510 4149 540 4210 in
568 4149 643 4210 sede
668 4164 775 4210 nostra
797 4151 963 4232 judiciaria
980 4151 1186 4212 honorabiles
1211 4152 1335 4214 domini
1353 4152 1497 4214 Andreas
1521 4153 1666 4214 Polonus

399 4256 645 4317 archidiaconus
670 4257 863 4335 dubitensis‚
890 4258 1071 4340 Stephanus
1087 4257 1167 4320 alter
1192 4259 1334 4322 Polonus
1359 4259 1503 4320 canonici
1529 4259 1664 4321 ecclesie

399 4362 626 4442 zagrabiensis‚
650 4383 685 4424 ac
704 4364 859 4424 Martinus
877 4378 969 4424 natus
993 4365 1103 4426 Jacobi
1129 4365 1168 4426 de
1186 4366 1341 4428 Monozlo
1355 4367 1497 4428 notarius
1514 4367 1664 4450 publicus

399 4469 430 4529 in
456 4469 596 4549 quadam
621 4469 786 4550 legacione
812 4471 1018 4532 dominorum
1044 4472 1273 4533 canonicorum
1291 4473 1436 4534 eiusdem
1461 4473 1594 4535 ecclesie
1612 4495 1665 4535 za·

398 4575 574 4656 grabiensis
598 4576 629 4635 in
656 4576 764 4636 medio
790 4577 888 4638 nostri
914 4591 1082 4655 venerunt,
1107 4593 1301 4659 peractoque
1326 4593 1357 4640 et
1380 4578 1470 4641 finito
1496 4579 1665 4663 colloquio

399 4682 480 4741 inter
516 4699 573 4740 nos
598 4695 628 4742 et
661 4682 756 4763 ipsos,
789 4683 908 4744 eisdem
941 4683 1081 4744 dominis
1113 4685 1276 4744 canonicis
1306 4686 1506 4747 narravimus
1536 4706 1598 4767 qua
1622 4687 1664 4747 de

401 4807 493 4848 causa
521 4788 550 4847 in
578 4788 643 4869 ipsa
670 4790 744 4849 sede
770 4803 875 4850 nostra
901 4791 1084 4872 congregati
1115 4789 1278 4869 fuerimus,
1304 4807 1515 4854 monstrantes
1539 4793 1662 4856 eisdem

399 4893 540 4953 dominis
564 4895 757 4955 serenissimi
782 4895 906 4957 domini
939 4897 1037 4958 nostri
1073 4897 1190 4958 Mathia
1216 4898 1267 4958 dei
1299 4899 1405 4979 gracia
1431 4901 1515 4982 regis
1538 4915 1597 4962 etc.
1623 4901 1663 4962 li·

400 5015 481 5060 teras
514 5002 738 5082 preceptoras,
772 5003 889 5083 quibus
920 5003 1066 5085 perlectis
1100 5024 1156 5086 per
1188 5004 1273 5086 ipsos
1306 5005 1456 5068 dominos
1489 5008 1664 5070 canonicos
