3738 5786
412 533 476 593 114
778 515 864 572 Anno
886 509 978 591 1456.
1004 547 1045 558 -
1070 527 1115 575 11.
1144 514 1303 572 decembres.

411 725 491 788 feria
512 739 599 788 sexta
622 727 767 809 proxima
786 740 857 788 ante
883 725 998 788 festum
1031 740 1139 786 sancte
1157 725 1294 787 Barbare
1318 723 1451 804 virginis
1475 742 1531 805 per
1555 721 1677 802 juratos

411 833 627 914 adjudicatam
644 847 675 895 et
698 853 755 916 per
773 834 878 915 ipsum
904 833 1088 894 ladislaum
1106 832 1146 894 de
1163 831 1406 912 adjudicatione
1428 830 1572 912 ipsorum
1591 829 1677 908 jura·

410 953 518 1001 torum
542 959 608 1001 non
641 953 827 1002 contentum
861 941 892 1001 in
926 940 1125 1022 presenciam
1159 939 1303 1020 ipsorum
1336 937 1499 999 seniorum
1532 935 1675 1016 judicum

411 1066 470 1129 pro
495 1045 621 1108 meliori
647 1045 886 1108 deliberacione
910 1045 1116 1128 appellatam,
1149 1065 1188 1106 eo
1213 1045 1313 1106 modo
1338 1043 1616 1124 adjudicaverunt,
1642 1053 1677 1101 ut

411 1153 487 1234 quia
519 1152 654 1235 predicti
680 1153 783 1214 Lucas
816 1165 846 1213 et
870 1151 1038 1213 Ladislaus
1070 1151 1211 1234 quodam
1245 1151 1378 1213 sabbato
1403 1169 1493 1211 sacro
1527 1147 1677 1208 videlicet

410 1279 481 1321 sero
506 1273 537 1321 et
558 1279 661 1341 usque
686 1260 725 1321 ad
750 1259 894 1322 medium
930 1260 1034 1321 noctis
1058 1259 1122 1320 diei
1157 1258 1320 1320 dominice
1350 1275 1409 1340 pro
1433 1256 1509 1338 ipsis
1533 1254 1678 1336 pecuniis

411 1385 483 1428 cum
509 1366 626 1427 taxillis
650 1367 806 1446 luserunt,
831 1367 863 1427 in
889 1386 954 1448 quo
979 1364 1064 1428 lacto
1085 1382 1196 1428 contra
1218 1366 1315 1427 deum
1332 1365 1438 1448 primo
1463 1377 1494 1424 et
1517 1363 1677 1444 principa-

409 1473 482 1535 liter
505 1487 535 1534 et
558 1473 690 1534 tandem
721 1488 832 1534 contra
856 1473 980 1534 animas
1013 1492 1125 1534 eorum
1158 1493 1194 1534 at
1218 1484 1452 1552 consequenter
1483 1483 1593 1531 contra
1619 1469 1676 1530 ho·

411 1599 524 1641 norem
556 1580 796 1641 communitatis
828 1593 1046 1658 excesserunt,
1080 1579 1155 1640 ideo
1187 1579 1287 1661 ipsam
1321 1577 1491 1660 pecuniam
1526 1575 1678 1636 videlicet

410 1686 564 1747 tredecim
589 1705 662 1747 curn
687 1685 793 1746 media
819 1705 933 1767 pensas
965 1686 1173 1748 denariorum
1203 1683 1428 1747 communitati
1450 1684 1536 1765 ipsos
1558 1681 1619 1744 toti
1644 1681 1676 1742 in

411 1811 486 1854 usus
510 1811 700 1853 communes
724 1805 755 1852 et
778 1791 818 1853 ad
843 1790 926 1853 lacta
944 1792 1185 1855 communitatis
1209 1791 1307 1874 recipi
1326 1790 1592 1872 adjudicaverunt
1616 1787 1676 1868 ipsi

411 1899 553 1960 seniores
577 1898 698 1978 judices
722 1917 780 1980 pro
805 1899 908 1980 prima
925 1898 1127 1960 correctione
1157 1917 1289 1975 eorum;
1313 1897 1338 1958 si
1355 1909 1462 1958 autem
1488 1895 1549 1976 ipsi
1575 1895 1678 1955 Lucas

414 2017 444 2064 et
469 2004 637 2065 Ladislaus
660 2004 801 2066 secunda
819 2005 870 2066 vel
893 2005 991 2066 tertia
1008 2005 1077 2067 vice
1095 2005 1126 2065 in
1151 2003 1337 2066 huiusmodi
1354 2001 1511 2065 taxiludio
1535 2000 1675 2082 repperti

412 2108 540 2189 luerint,
556 2109 641 2191 juxta
667 2110 872 2193 privilegium
898 2111 1138 2172 communitatis
1168 2111 1343 2192 punientur
1360 2122 1391 2171 et
1406 2107 1513 2192 puniri
1536 2107 1677 2182 debent;

411 2217 450 2277 de
483 2236 548 2298 quo
581 2217 701 2298 judicio
726 2231 757 2279 et
789 2217 1032 2299 adjudicatione
1065 2219 1208 2300 ipsorum
1241 2217 1405 2279 seniorum
1439 2214 1583 2298 judicum
1609 2215 1678 2296 ipse

412 2322 579 2384 Ladislaus
603 2343 669 2384 non
693 2337 863 2386 contentus
888 2324 1062 2406 appellavit
1096 2324 1231 2385 eandem
1265 2343 1393 2385 causam
1418 2325 1451 2384 in
1476 2323 1676 2406 presentiam

411 2429 543 2490 domine
568 2429 744 2490 Katherine
766 2430 939 2505 comitisse,
973 2430 1104 2490 domine
1129 2444 1237 2492 nostre
1268 2429 1423 2512 gratiose,
1448 2449 1507 2511 pro
1531 2427 1620 2490 finali
1646 2441 1678 2488 et

410 2535 537 2596 meliori
562 2535 660 2615 ipsius
685 2555 778 2597 cause
802 2536 1052 2598 deliberatione.

517 2642 594 2704 ltem
620 2643 696 2704 licet
724 2643 877 2705 Nicolaus
908 2641 994 2704 filius
1025 2642 1163 2704 condam
1188 2641 1352 2704 Valentini
1386 2641 1463 2703 dicti
1495 2641 1676 2722 Zlowenyn

410 2748 449 2809 de
474 2747 616 2830 Polyana
653 2761 763 2810 contra
788 2749 937 2810 Vrsulam
961 2748 1105 2810 relictam
1131 2748 1269 2810 condam
1294 2747 1424 2832 Mathye
1448 2747 1558 2829 generi
1585 2747 1675 2828 olym

411 2853 545 2934 Georgii
570 2854 721 2937 Puthyth
746 2875 854 2916 coram
878 2854 989 2934 juratis
1011 2874 1139 2916 causam
1163 2875 1254 2916 suam
1272 2875 1311 2917 eo
1335 2855 1435 2916 modo
1459 2853 1677 2937 proposuerit,

411 2977 446 3023 ut
469 2961 610 3045 prelatus
635 2963 772 3024 condam
805 2962 952 3045 Mathyas
983 2963 1087 3025 dictus
1116 2963 1266 3046 Puthyth
1299 2961 1423 3045 prelato
1448 2962 1587 3024 condam
1611 2962 1677 3023 Va-

411 3068 535 3129 lentino
560 3069 737 3151 Zlowenyn
763 3068 972 3145 XXllllflor.
997 3070 1065 3130 auri
1084 3069 1242 3131 debitorie
1264 3069 1462 3150 obligaretur
1483 3081 1514 3129 et
1537 3069 1570 3129 in
1588 3087 1678 3130 totn-

411 3174 639 3256 probationem
666 3175 764 3256 ipsius
780 3194 835 3234 aue
859 3175 1094 3257 propositionis
1110 3175 1285 3256 quamdam
1302 3175 1543 3236 attestationem
1569 3174 1677 3235 litera·

411 3281 526 3342 toriam
552 3282 651 3363 ipsius
678 3280 816 3342 condam
842 3280 972 3364 Mathye
990 3281 1141 3364 Puthyth
1167 3295 1197 3342 et
1223 3281 1322 3342 Marci
1347 3280 1525 3362 Nagonych
1550 3282 1609 3341 sub
1634 3281 1679 3340 si-

409 3387 490 3468 gillo
515 3387 623 3448 vicarii
650 3386 828 3448 conlectam
854 3399 884 3448 et
901 3401 1080 3449 emanatam
1099 3401 1209 3449 contra
1236 3387 1338 3470 ipsam
1362 3386 1511 3448 Vrsulam
1530 3385 1678 3447 relictam

410 3494 486 3555 dicti
512 3495 642 3577 Mathye
667 3494 817 3576 Puthyth
843 3495 875 3556 in
907 3497 1107 3576 presenciam
1132 3494 1310 3576 juratorum
1334 3509 1518 3557 nostrorum
1548 3493 1679 3556 moder·

410 3620 526 3662 norum
544 3601 705 3682 produxit,
723 3600 835 3662 volens
861 3601 963 3682 ipsam
980 3601 1152 3683 pecuniam
1173 3604 1213 3663 ab
1238 3603 1305 3684 ipsa
1322 3601 1432 3663 relicta
1450 3601 1525 3662 dicti
1544 3599 1680 3683 Mathye

410 3705 559 3788 Puthyth
585 3705 755 3782 rehabere;
786 3719 894 3768 tamen
919 3707 994 3788 quia
1020 3709 1053 3769 in
1088 3708 1156 3792 ipsa
1181 3708 1388 3769 attestatione
1420 3707 1594 3768 literatorie
1620 3727 1681 3790 per

410 3811 514 3891 ipsum
532 3811 705 3873 Nicolaum
730 3831 837 3873 coram
855 3811 965 3893 juratis
981 3814 1149 3895 producta,
1167 3815 1226 3896 ipsi
1244 3813 1338 3894 jurati
1356 3814 1388 3874 in
1406 3813 1548 3896 pretorio
1565 3833 1679 3875 coram

409 3917 590 3977 senioribus
614 3917 774 3997 judicibus
805 3932 836 3980 et
867 3918 978 4000 juratis
1002 3940 1039 3980 ac
1063 3934 1129 3983 tota
1162 3921 1394 3982 communitate
1419 3921 1452 3981 in
1477 3918 1620 4001 generali
1645 3935 1681 3982 et

409 4023 574 4083 communi
610 4022 730 4104 judicio
767 4024 799 4084 id
836 4026 1028 4088 invenerunt
1061 4026 1229 4104 contineri,
1266 4041 1300 4088 ut
1332 4026 1496 4108 predictus
1530 4025 1682 4108 Mathyas

409 4127 560 4210 Puthyth
593 4129 679 4210 ipsos
701 4129 841 4191 florenos
872 4132 940 4192 auri
974 4133 1112 4194 iohanni
1145 4132 1257 4194 Thoth
1281 4133 1367 4194 dicto
1400 4133 1439 4194 de
1465 4133 1682 4194 Zomzedwar

411 4245 576 4314 tamquam
600 4237 820 4298 commissario
845 4250 876 4298 et
893 4239 1054 4300 executori
1071 4240 1255 4300 testamenti
1272 4238 1387 4321 prefati
1412 4239 1575 4301 Valentini
1601 4239 1681 4300 Zlo-

412 4359 528 4420 wenyn
547 4342 644 4421 patris
669 4343 768 4424 ipsius
795 4344 920 4405 Nicolai
946 4345 1088 4425 plenarie
1116 4346 1280 4427 persolvit.
1306 4345 1347 4406 Et
1369 4346 1445 4428 quia
1475 4345 1577 4407 eciam
1607 4347 1681 4427 ipsa

411 4443 526 4504 Vrsula
551 4447 658 4508 relicta
683 4449 796 4529 prefati
822 4450 950 4532 Mathye
977 4450 1125 4533 Puthyth
1157 4452 1333 4534 quamdam
1358 4451 1486 4514 literam
1510 4451 1684 4534 expedito-

414 4549 493 4609 riam
525 4553 583 4611 sub
616 4553 722 4632 sigillo
755 4555 910 4616 lobannis
941 4556 1032 4618 aliter
1064 4559 1167 4620 lauko
1191 4559 1307 4640 vocati,
1341 4559 1506 4620 castellani
1532 4558 1611 4620 alias
1635 4558 1683 4620 de

412 4654 634 4735 Zomzedwar,
660 4678 696 4718 ex
721 4661 950 4723 commissione
984 4663 1082 4743 ipsius
1114 4663 1269 4726 lobannis
1293 4664 1405 4726 Thoth
1430 4663 1610 4726 confectam
1649 4680 1686 4728 et

410 4776 602 4842 emanatam,
634 4783 741 4826 coram
774 4767 883 4842 juratis
908 4768 939 4828 in
972 4769 1077 4850 specie
1108 4771 1272 4852 produxit,
1305 4771 1336 4832 in
1372 4791 1436 4852 qua
1468 4771 1501 4832 id
1535 4771 1686 4833 vidimus

410 4869 576 4948 contineri,
600 4871 688 4950 quod
722 4873 788 4953 ipse
814 4872 960 4956 Mathyas
992 4875 1141 4958 Puthyth
1174 4877 1335 4959 predictos
1369 4877 1486 4938 XXllll
1511 4877 1581 4952 flor.
1607 4881 1684 4940 auri

410 4972 533 5054 prelato
568 4977 705 5037 lohanni
741 4979 915 5040 castellano
950 4981 1093 5062 plenarie
1128 4983 1302 5064 persolvit,
1339 4984 1474 5066 ipseque
1511 4984 1686 5047 lohannes
