3644 5788
563 511 649 570 Anno
672 507 764 589 1458.
789 545 830 555 -
853 507 906 572 28.
931 513 1044 586 aprilis.
1377 534 1430 592 ¹51

275 723 355 785 ltem
382 744 439 806 per
463 723 719 806 supplicaciones
739 724 971 787 nonnullorum
990 726 1149 788 nobilium
1176 739 1206 786 et
1230 727 1434 808 egregiorum

168 831 312 892 virorum
338 845 371 891 et
396 831 558 911 signanter
583 831 759 912 Engelhart
776 832 816 893 de
841 837 1022 914 Awrsperg‚
1044 831 1169 893 Nicolai
1199 832 1433 914 Sichelberger,

169 936 336 998 Balthasar
363 937 663 1018 Lyethtumberger,
687 937 815 998 Andree
845 937 1082 1000 Hohembertar
1105 957 1140 998 ac
1164 938 1303 999 aliorum
1336 957 1432 1020 quam

61 1063 64 1068 ·
168 1044 384 1126 plurimorum
408 1046 584 1126 proborum
616 1045 758 1106 virorum
783 1059 813 1106 et
845 1045 945 1106 eciam
978 1045 1103 1106 Nicolai
1136 1045 1231 1126 Pyers
1256 1045 1350 1106 nobis
1381 1064 1432 1106 su·

166 1171 222 1232 per
255 1171 294 1212 eo
321 1151 475 1233 porrectis
500 1171 536 1212 ex
565 1165 653 1233 parte
686 1151 813 1212 discreti
846 1151 905 1212 viri
930 1151 1054 1212 domini
1081 1151 1200 1212 Mathie
1237 1151 1366 1233 plebani
1392 1150 1432 1212 de

171 1257 333 1318 Zamobor
358 1277 394 1318 ac
419 1256 548 1319 Thome
572 1259 716 1338 germani
750 1257 893 1318 eiusdem
918 1257 1047 1319 racione
1081 1257 1248 1318 cuiusdam
1281 1257 1428 1318 vulnera-

169 1363 272 1425 cionis
304 1363 459 1446 Stephani
491 1363 584 1445 jurati
609 1363 751 1426 concivis
782 1365 892 1441 nostri,
924 1378 1035 1426 contra
1068 1363 1206 1426 eundem
1233 1362 1431 1446 Stephanum

169 1470 309 1550 juratum
335 1470 368 1531 in
391 1471 451 1531 XX
476 1471 591 1532 marcis
623 1471 798 1548 convictos,
831 1470 960 1532 easdem
992 1489 1114 1531 marcas
1138 1468 1432 1552 supplicacionibus

166 1595 278 1638 eorum
305 1575 451 1638 inclinati
476 1576 659 1638 remisimus
686 1597 721 1638 ac
752 1575 892 1659 prefatos
936 1577 1055 1638 liberos
1080 1575 1251 1637 dominum
1277 1575 1431 1638 Mathiam

167 1684 343 1764 plebanum
370 1697 401 1744 et
426 1681 588 1744 Thomam
612 1701 802 1763 germanum
826 1702 920 1744 suum
946 1680 1012 1743 iore
1039 1682 1261 1764 relinquimus.

273 1789 353 1850 Item
378 1787 532 1850 Nicolaus
564 1789 773 1851 Mechothreb
805 1789 910 1871 primo
942 1788 1056 1850 citatus
1088 1802 1198 1850 contra
1224 1789 1357 1850 Elenam
1383 1807 1429 1849 re·

166 1895 274 1956 lictam
302 1895 469 1956 Michaelis
492 1895 655 1977 portulani
681 1915 745 1957 non
771 1895 961 1977 comparuit.

271 2001 349 2063 ltem
376 2001 523 2063 Thomas
547 2001 789 2084 Zeleznaglawa
814 2003 918 2064 dictus
951 2017 982 2062 et
1007 2001 1195 2062 Franciscus
1219 2000 1358 2084 frenipar
1382 2021 1429 2063 se-

163 2107 269 2169 cundo
294 2108 382 2169 citati
408 2121 518 2170 contra
544 2107 708 2170 Thomam
734 2107 866 2170 Cheden
893 2128 957 2170 non
983 2123 1242 2190 comparuerunt.

271 2213 348 2274 Item
374 2233 502 2275 causam
528 2214 610 2276 inter
636 2214 806 2276 Nicolaum
837 2213 977 2294 judicem
1003 2227 1035 2276 et
1059 2214 1229 2278 Nicolaum
1254 2213 1428 2294 agricolam

166 2320 295 2382 racione
320 2320 386 2382 litis
410 2320 493 2381 inter
516 2321 603 2402 ipsos
627 2337 714 2382 mute
731 2334 945 2402 prorogarunt
968 2321 1008 2382 ad
1034 2339 1143 2403 pacem
1170 2339 1271 2402 usque
1288 2319 1427 2402 primum

164 2426 331 2507 judicium.

267 2533 346 2595 ltem
373 2531 551 2614 Gregorius
577 2533 741 2618 Edwdych
775 2549 884 2596 contra
914 2533 1084 2617 Sthoysam
1118 2531 1288 2615 pellificem
1321 2533 1427 2614 primo

165 2639 274 2700 citatus
298 2659 364 2700 non
389 2641 579 2721 comparuit.

266 2745 344 2808 ltem
362 2745 629 2827 adjudicaverunt
645 2765 682 2808 ex
699 2746 995 2828 superhabundanti
1014 2765 1142 2809 causam
1160 2746 1242 2808 inter
1265 2745 1426 2806 Marinum

164 2850 300 2930 judicem
326 2867 358 2914 et
383 2853 525 2914 Blasium
550 2853 674 2934 pridem
699 2851 850 2933 juratum,
881 2854 969 2935 quod
994 2853 1062 2935 ipse
1087 2851 1211 2914 Blasius
1235 2865 1348 2913 octavo
1373 2851 1425 2913 die

165 2957 275 3020 debeat
299 2958 480 3040 producere
512 2959 579 3039 jura
612 2973 643 3020 et
666 2958 800 3020 literalia
834 2960 1046 3021 instrumenta
1078 2957 1234 3039 quasdam
1267 2957 1425 3020 staciones

166 3084 234 3126 suas
256 3065 437 3146 tangenda.

265 3171 346 3233 ltetn
376 3171 470 3252 jurati
503 3171 768 3254 adjudicaverunt
800 3191 926 3234 causam
959 3173 1040 3233 inter
1070 3171 1189 3232 Lucam
1222 3170 1360 3251 juratum
1393 3185 1424 3232 et

165 3277 323 3340 Andream
341 3291 494 3356 sutorem,
519 3280 635 3360 primo,
660 3279 735 3359 quia
753 3277 866 3360 prefati
892 3279 994 3340 Lucas
1018 3291 1049 3340 et
1073 3277 1219 3340 Andreas
1243 3291 1423 3360 compatres

167 3397 235 3446 sunt
258 3384 396 3446 invicem
423 3398 454 3445 et
486 3384 746 3466 vituperaverunt
777 3405 810 3446 se
842 3398 966 3464 mutuo,
998 3399 1029 3447 et
1053 3383 1126 3445 ideo
1158 3385 1296 3446 debeant
1325 3386 1422 3446 ambo

168 3490 323 3572 deponere
348 3491 543 3572 birsagium3
567 3493 622 3553 sed
641 3491 769 3553 racione
786 3491 934 3573 potencie
951 3491 1057 3553 eidem
1082 3490 1211 3553 Andrea
1235 3491 1334 3568 illate,
1351 3511 1422 3573 pre·

166 3599 244 3658 latus
268 3599 372 3658 Lucas
396 3611 442 3659 est
466 3599 631 3660 convictus
654 3598 686 3660 in
710 3599 820 3660 decem
839 3599 965 3676 mareis,
988 3597 1043 3660 sed
1061 3599 1136 3679 quia
1161 3595 1302 3679 prefatus
1320 3599 1422 3659 Lucas

165 3703 242 3765 sedit
271 3723 344 3766 curn
376 3704 491 3766 eodem
522 3703 653 3766 Andrea
685 3705 842 3786 litigando
875 3719 905 3767 et
934 3705 1020 3766 stetit
1050 3705 1181 3786 quando
1205 3704 1319 3783 voluit,
1346 3703 1420 3766 ideo

164 3825 208 3871 est
229 3811 394 3872 convictus
418 3811 450 3872 in
475 3812 576 3874 tribus
600 3813 707 3894 pensis
730 3812 946 3874 denariorum.

264 3917 342 3980 ltem
374 3917 468 3998 jurati
500 3918 764 4001 adjudicaverunt
804 3938 932 3980 causam
964 3918 1046 3980 inter
1078 3937 1210 3979 uxorem
1244 3916 1421 3980 Clementis

164 4021 322 4085 Bwhweth
348 4038 378 4085 et
403 4023 522 4086 Duram
549 4044 585 4086 ac
610 4025 755 4102 Elenam‚
780 4025 868 4106 quod
894 4025 960 4107 ipse
985 4039 1098 4086 octavo
1127 4025 1178 4086 die
1203 4025 1341 4087 debeant
1365 4024 1419 4086 de-

163 4147 276 4208 ponere
299 4129 518 4211 juramentutu
542 4151 638 4214 super
660 4151 710 4210 eo,
744 4132 832 4212 quod
857 4131 1006 4213 quitquid
1031 4131 1098 4213 ipsa
1130 4151 1209 4192 uxor
1241 4129 1419 4193 Clementis

164 4249 268 4297 contra
291 4237 420 4299 easdem
445 4239 625 4320 proposuit,
651 4238 683 4298 in
708 4238 764 4300 illo
789 4238 856 4320 ipse
885 4253 958 4299 sunt
982 4238 1115 4298 minime
1140 4237 1327 4320 culpabiles.

265 4341 341 4404 ltem
365 4343 460 4424 jurati
486 4343 750 4419 adjudicaverunt
774 4363 902 4406 causam
931 4357 960 4405 et
984 4344 1074 4406 litem
1099 4343 1180 4406 inter
1204 4343 1346 4404 Blasium
1371 4344 1418 4425 ju·

164 4463 264 4508 ratum
287 4465 316 4512 et
340 4450 499 4512 Jacobum
523 4449 625 4512 filium
652 4451 736 4512 Petri
769 4451 897 4530 literati,
921 4451 1010 4532 quod
1043 4451 1109 4532 ipse
1135 4450 1258 4511 Blasius
1290 4451 1418 4512 racione

164 4557 370 4635 quarumdam
396 4557 607 4639 pecuniarum
631 4571 745 4619 octavo
775 4557 827 4619 die
852 4557 1065 4637 juramentum
1091 4557 1221 4619 debebit
1245 4555 1418 4639 deponere,

164 4660 250 4741 quod
273 4663 329 4725 sibi
354 4683 420 4725 non
437 4663 600 4745 obligatur
624 4663 708 4746 ipsas
732 4664 901 4746 pecunias;
926 4664 966 4725 de
984 4683 1049 4745 quo
1066 4663 1186 4745 judicio
1203 4665 1297 4726 ambe
1313 4677 1418 4746 partes

164 4781 236 4828 sunt
259 4770 334 4832 bene
358 4783 519 4834 contente.
1256 4846 1259 4854 Ι

268 4874 341 4937 ltem
364 4877 458 4956 jurati
483 4877 748 4958 adjudicaverunt
783 4875 870 4956 quod
896 4877 1048 4938 Nicolaus
1074 4877 1281 4938 Mechothreb
1303 4893 1416 4940 octavo

164 4977 214 5040 die
239 4979 346 5044 debeat
362 4982 524 5065 deponere
547 4982 762 5065 juramentum
779 4997 888 5044 contra
906 4982 1140 5063 Margaretham
1161 4983 1413 5046 candelatricem
