3644 5788
383 484 443 562 184
750 485 837 544 Anno
860 495 950 561 1459.
975 517 1019 530 —
1042 497 1091 561 14.
1116 483 1275 544 decembris.

484 696 560 757 ltem
579 695 741 757 lohannes
764 708 852 757 sutor
868 695 1083 774 juramentum
1100 693 1161 754 sibi
1178 712 1234 775 per
1250 693 1370 775 juratos
1391 695 1519 755 racione
1536 695 1641 755 cuius-

379 803 451 863 dam
479 800 555 864 false
581 815 709 864 monete
741 801 970 882 adjudicatum,
1002 800 1047 862 uti
1079 801 1216 861 debebat
1248 801 1397 881 deposuit
1420 815 1455 862 ut
1484 801 1639 883 superius,

378 927 437 969 nos
461 907 618 968 mittimus
642 907 780 969 eundem
806 926 862 989 pet
885 906 996 968 omnia
1020 905 1216 989 expeditum.

485 1031 561 1093 ltem
587 1031 769 1093 Demetrius
792 1043 893 1094 sartor
913 1030 1129 1110 juramentum
1148 1045 1258 1092 contra
1283 1035 1411 1092 Annam
1436 1031 1567 1112 longam
1587 1051 1642 1113 per

377 1137 498 1218 juratos
522 1138 582 1199 sibi
607 1137 837 1216 adjudicatum,
862 1138 908 1199 uti
933 1137 1071 1199 debebat
1095 1137 1256 1218 deposuit.

484 1263 562 1324 Item
595 1263 669 1324 licet
702 1262 878 1343 Gregorius
909 1261 1120 1324 Wrecharicb
1151 1261 1367 1342 juramentum
1400 1274 1510 1324 contra
1542 1263 1638 1324 Nico·

378 1369 467 1430 laum
491 1381 632 1431 sutorem
657 1369 716 1430 sibi
741 1367 971 1450 adjudicatum,
989 1368 1087 1429 modo
1110 1367 1170 1428 sibi
1195 1367 1379 1448 adjudicato
1404 1369 1567 1450 deponere
1586 1368 1638 1428 de-

377 1476 507 1555 buisset,
523 1489 630 1536 tamen
655 1473 796 1557 prelatus
826 1473 980 1535 Nicolaus
1008 1473 1094 1535 misit
1117 1472 1257 1536 eundem
1291 1472 1485 1556 Gregorium
1509 1474 1638 1535 racione

377 1582 476 1663 ipsius
507 1581 679 1664 juramenti
711 1581 837 1662 quitum
869 1595 899 1642 et
931 1580 1127 1663 expeditum,
1161 1599 1259 1661 quem
1287 1593 1318 1642 et
1350 1600 1408 1642 nos
1440 1579 1575 1642 fecimus
1598 1581 1638 1642 ab

378 1688 493 1749 eodem
517 1687 713 1749 absolutum.

483 1811 562 1874 Item
587 1811 662 1892 quia
688 1810 803 1873 Vrsula
827 1809 892 1873 lilia
910 1810 1045 1873 condam
1073 1809 1175 1872 Elene
1200 1811 1344 1873 mulieris
1361 1810 1453 1872 aliter
1478 1811 1569 1873 Jelka
1586 1830 1641 1872 vo-

378 1931 457 1996 cate,
490 1917 600 1980 relicte
631 1917 767 1978 condam
800 1917 957 1979 Anthonii
990 1916 1224 1978 Mozlawchicb
1261 1917 1349 1996 dicti,
1381 1936 1461 1980 uxor
1485 1917 1643 1998 legittima

379 2024 502 2086 Vrbani
526 2022 677 2106 agricole,
701 2023 733 2085 id
765 2043 838 2086 cum
870 2023 1042 2086 sufficienti
1067 2036 1097 2086 et
1128 2021 1295 2106 fidedigno
1318 2037 1501 2086 nostrorum
1535 2024 1642 2086 conci-

379 2131 468 2192 vium
492 2130 678 2192 testitnonio
704 2127 791 2191 clare'
812 2143 842 2191 et
859 2130 979 2192 seriose
1003 2130 1227 2212 comprobavit
1243 2150 1351 2192 coram
1375 2131 1479 2210 nobis,
1503 2145 1539 2191 ut
1563 2130 1641 2191 dum

377 2237 444 2319 ipsa
470 2235 571 2297 Elena
596 2235 712 2297 mulier
736 2235 767 2296 in
793 2235 942 2297 extremis
965 2236 1029 2298 vite
1053 2256 1110 2298 sue
1133 2236 1320 2318 temporalis
1351 2236 1538 2315 laborasset,
1563 2249 1640 2298 tunc

377 2345 444 2426 ipsa
469 2343 631 2426 quendam
656 2340 794 2404 fundum
825 2361 919 2403 suum
945 2355 976 2404 et
1003 2343 1137 2404 domum
1162 2343 1194 2403 in
1226 2342 1382 2404 suburbio
1406 2343 1543 2404 civitatis
1569 2363 1639 2424 pre·

377 2447 440 2510 fate
465 2450 548 2511 inter
564 2447 702 2511 fundum
727 2464 757 2510 et
781 2449 914 2510 domum
933 2449 1051 2510 Kelecz
1073 2449 1190 2510 sutoris
1206 2449 1246 2510 ab
1264 2449 1442 2510 meridione
1459 2463 1490 2510 et
1507 2448 1640 2528 Georgii

377 2553 569 2616 Ztharibech
602 2575 619 2615 a
650 2555 880 2637 septemtrione
905 2553 1047 2616 habitam
1081 2569 1113 2614 et
1141 2555 1340 2633 existentem,
1372 2573 1469 2615 unam
1494 2569 1640 2636 quartam

376 2661 464 2723 curie
481 2661 521 2723 ad
539 2680 632 2722 usum
646 2661 729 2722 dicte
747 2661 883 2723 civitatis
901 2661 983 2722 inse
1001 2661 1231 2740 continentem,
1249 2661 1350 2742 ipsam
1368 2660 1488 2722 scillcet
1506 2659 1640 2722 Elenam

377 2767 545 2829 mulierem
571 2765 728 2849 aptefato
746 2766 912 2828 Anthonio
937 2767 1052 2828 marito
1076 2787 1135 2828 suo
1153 2779 1225 2849 post
1241 2767 1365 2828 obitum
1392 2766 1536 2828 eiusdem
1553 2765 1640 2848 juxta

376 2873 541 2955 antiquam
567 2873 832 2936 consuetudinem
849 2873 987 2935 civitatis
1011 2872 1143 2955 prefate,
1168 2873 1297 2935 nemine
1317 2872 1565 2950 contradicente,
1582 2873 1639 2933 rite

376 2992 407 3041 et
431 2980 588 3061 legittime
622 2993 888 3058 concernentem,
920 2999 993 3041 cum
1025 2981 1178 3042 omnibus
1210 2979 1356 3041 eiusdem
1388 2979 1580 3041 utilitatibus
1611 2993 1641 3041 et

376 3086 583 3168 pertinenciis
608 3087 765 3147 universis
789 3082 910 3168 prefate
941 3085 1056 3149 Vrsule
1088 3086 1216 3147 mulieri
1241 3084 1307 3147 filie
1337 3106 1393 3148 sue
1417 3085 1587 3167 legavisset
1610 3099 1641 3146 et

376 3191 549 3253 dimisisset
572 3205 729 3274 perpetuo
746 3191 985 3273 possidendam,
1010 3192 1150 3274 ideoque
1168 3212 1226 3254 nos
1246 3193 1386 3254 eundem
1411 3190 1549 3253 fundum
1566 3211 1639 3252 cum

377 3299 444 3380 ipsa
470 3297 568 3359 domo
601 3297 696 3358 unius
727 3311 840 3378 quarte
864 3311 895 3358 et
926 3297 1060 3358 aliarum
1095 3311 1282 3360 cunctarum
1314 3317 1445 3360 suarum
1477 3297 1638 3379 pertinen-

377 3405 497 3466 ciarum
522 3403 621 3465 modo
646 3403 802 3484 premisso
823 3401 1087 3484 specificatarum,
1104 3403 1209 3464 eidem
1228 3404 1342 3466 Vrsule
1367 3403 1495 3465 mulieri
1513 3423 1551 3464 ex
1568 3423 1637 3485 pre-

376 3510 480 3570 missis
504 3505 564 3571 iibi
589 3511 830 3571 incumbentem
866 3509 1034 3570 statuimus
1057 3507 1126 3589 jure
1152 3524 1309 3592 perpetuo
1333 3524 1364 3572 et
1388 3509 1640 3571 irrevocabiliter

375 3615 603 3699 possidendam
630 3629 660 3676 et
684 3615 993 3696 quomodocumque
1021 3614 1161 3677 voluerit
1193 3615 1428 3696 disponendam
1452 3613 1538 3695 juxta
1564 3634 1639 3676 con-

376 3723 537 3785 dicionem
562 3722 698 3784 civitatis
722 3735 889 3802 prenotate
913 3723 953 3782 ab
977 3721 1111 3802 antiquo
1136 3723 1360 3804 approbatam.

481 3847 558 3907 ltem
593 3845 756 3907 lohannes
784 3843 924 3907 carnifex
956 3859 1066 3907 contra
1099 3849 1226 3907 Annam
1259 3847 1391 3928 longam
1423 3845 1640 3928 juramentum

375 3954 435 4014 sibi
461 3951 690 4033 adjudicatum,
715 3952 759 4012 uti
785 3951 897 4012 debuit
918 3950 1077 4034 deposuit,
1102 3966 1133 4014 et
1156 3954 1198 4014 ob
1215 3953 1277 4014 hoc
1302 3973 1361 4015 nos
1377 3953 1543 4014 reddimus
1561 3973 1640 4016 eun·

375 4061 447 4120 dem
473 4059 600 4140 quitum
625 4072 656 4120 et
680 4058 875 4141 expeditum.

481 4182 559 4244 ltem
593 4183 667 4263 quia
700 4183 792 4244 liberi
833 4203 889 4244 seu
920 4201 1119 4243 successores
1150 4182 1287 4245 condam
1322 4183 1451 4245 Thome
1485 4183 1642 4246 institoris

374 4289 465 4349 aliter
490 4289 598 4349 Haber
623 4289 853 4368 cognominati,
872 4289 958 4370 olym
985 4288 1127 4349 concivis
1144 4289 1254 4368 nostri,
1279 4289 1388 4351 debita
1412 4309 1475 4370 que
1493 4289 1637 4371 prelatus

373 4393 512 4454 condam
538 4393 684 4456 Thomas
709 4394 835 4455 institor
866 4394 1053 4456 hominibus
1085 4408 1115 4455 et
1139 4394 1368 4476 jobagionibus
1400 4395 1584 4478 spectabilis
1608 4411 1640 4458 et

373 4499 535 4580 magnifici
560 4500 684 4562 domini
710 4501 839 4561 Martini
873 4501 913 4562 de
944 4501 1149 4583 Frangapan,
1183 4501 1312 4583 Segnia,
1344 4500 1473 4583 Wegle,
1506 4502 1639 4564 Modru·

372 4606 482 4686 sieque
506 4619 564 4668 etc.
589 4607 716 4668 comitis
733 4621 862 4689 propter
886 4608 1086 4670 ablacionem
1106 4621 1265 4669 certarum
1289 4627 1395 4670 rerum
1420 4621 1450 4670 et
1476 4609 1639 4671 bonorum

372 4711 560 4772 eorumdem
594 4732 649 4792 per
680 4712 845 4792 jamlatum
877 4713 1014 4774 condam
1047 4714 1076 4774 T
1080 4714 1210 4775 homam
1244 4715 1422 4776 institorem
1458 4713 1563 4776 adhuc
1599 4735 1639 4778 eo

373 4819 500 4878 vivente
525 4817 702 4878 ablatarum
728 4832 759 4880 et
783 4834 982 4900 receptarum
1008 4840 1063 4901 per
1080 4819 1359 4900 adjudicacionem
1384 4835 1525 4881 nostram
1551 4840 1638 4882 com-

372 4943 504 4986 munem
530 4925 750 5008 obligarentur
773 4941 803 4988 et
820 4940 1014 5008 tenerentur,
1031 4927 1151 4989 eisdem
1176 4926 1216 4991 ad
1234 4928 1417 5012 sepissimas
1434 4927 1638 4990 moniciones
