3738 5786
612 534 809 611 Ann01457.
834 567 875 576 —
899 545 951 609 25.
978 533 1148 596 novembn's.
1456 555 1513 616 139

247 748 341 809 unius
366 760 479 828 quarte
505 747 592 808 curie
610 766 682 808 cum
708 745 859 808 omnibus
882 747 948 807 suis
966 746 1156 808 utilitatibus
1173 761 1204 808 et
1220 747 1427 829 pertinenciis
1445 747 1514 807 uni-

247 854 345 915 versis
377 854 484 916 eidem
510 852 610 915 Elene
643 851 770 914 mulieri
804 865 835 914 et
866 851 926 934 ipsi
962 852 1108 914 Barnabe
1132 851 1200 914 filio
1232 871 1290 914 suo
1315 873 1351 914 ac
1375 873 1432 936 per
1456 871 1511 915 eos

246 963 391 1043 ipsorum
416 959 590 1022 heredibus
614 958 871 1041 adjudicavimus
903 971 934 1020 et
958 957 1220 1022 confirmavimus
1251 959 1407 1042 premisso
1431 959 1514 1041 justo

246 1065 323 1148 juris
357 1066 453 1129 titulo
477 1065 547 1148 jure
579 1077 737 1148 perpetuo
770 1077 800 1126 et
831 1063 1084 1126 irrevocabiliter
1116 1065 1345 1146 possidendam
1382 1079 1412 1128 et
1436 1085 1515 1147 quo·

247 1173 491 1255 modorumque
526 1172 688 1234 voluerint
726 1171 962 1252 disponendam
999 1171 1085 1252 juxta
1120 1171 1345 1234 condicionem
1379 1172 1515 1234 civitatis

244 1295 412 1366 prenotate
437 1282 478 1342 ab
503 1279 637 1361 antiquo
662 1279 883 1361 approbatam.

351 1387 432 1450 Item
457 1387 532 1468 quia
557 1405 616 1447 nos
640 1399 717 1468 puta
740 1385 926 1447 Anthonius
949 1385 1044 1468 judex
1074 1384 1250 1447 modernus
1274 1398 1304 1448 et
1328 1385 1421 1467 jurati
1446 1404 1515 1446 mo·

245 1495 338 1556 derni
364 1493 502 1556 civitatis
526 1492 669 1574 predicte
701 1493 742 1553 ab
766 1493 919 1554 omnibus
955 1492 1137 1554 senioribus
1167 1492 1328 1574 judicibus
1353 1506 1383 1554 et
1406 1491 1516 1572 juratis

245 1603 428 1683 ceterisque
446 1599 571 1662 civibus
587 1599 735 1682 pluribus
758 1599 895 1662 civitatis
919 1599 1040 1682 prefate
1058 1620 1093 1662 ac
1119 1600 1222 1662 eciam
1246 1619 1262 1662 a
1287 1599 1434 1682 pluribus
1457 1617 1514 1660 no·

245 1709 368 1770 bilibus
392 1707 483 1788 regni
516 1706 548 1767 id
573 1706 727 1768 veraciter
758 1706 957 1786 rescivimus,
990 1706 1080 1788 quod
1113 1705 1243 1768 illustris
1267 1705 1405 1768 condam
1429 1704 1515 1786 prin-

244 1833 321 1896 ceps
346 1829 378 1876 et
402 1813 565 1890 dominus,
590 1811 742 1872 dominus
758 1811 885 1873 Vlricus
906 1811 996 1894 olym
1012 1831 1121 1874 comes
1145 1811 1230 1874 Cilie
1255 1825 1314 1874 etc.
1340 1810 1514 1873 Martinam

245 1920 390 2002 judicem
408 1917 510 1980 filium
537 1917 666 1978 Thome
690 1931 835 1999 tempore
859 1917 1017 2000 judicatus
1033 1919 1081 1979 sui
1107 1917 1140 1978 in
1165 1937 1251 1980 anno
1275 1916 1426 1979 videlicet
1449 1917 1514 1978 Do·

244 2026 326 2088 mini
352 2025 528 2087 millesimo
554 2022 732 2086 CCCCXL
757 2023 958 2105 aliquamdiu
976 2024 1145 2106 preteritis,
1169 2024 1290 2106 absque
1315 2023 1403 2085 omni
1421 2022 1515 2104 culpa

245 2154 302 2196 sua
326 2134 544 2217 captivaverat
569 2145 600 2194 et
624 2145 752 2214 captum
775 2131 807 2193 in
839 2143 960 2194 turrem
989 2131 1022 2193 in
1054 2145 1157 2194 castro
1184 2129 1333 2214 Kerchky
1356 2130 1436 2212 grad
1461 2131 1514 2192 ha·

245 2242 347 2305 bitam
374 2240 518 2324 inposuit
541 2259 597 2300 seu
622 2239 777 2320 inponere
802 2235 877 2301 fecit
900 2251 930 2300 et
963 2237 1083 2300 ibidem
1107 2257 1164 2320 per
1187 2239 1296 2322 plures
1320 2256 1446 2298 menses
1469 2251 1513 2298 te·

246 2349 318 2410 nuit
342 2361 374 2410 et
400 2349 440 2408 ab
464 2347 579 2408 eodem
605 2365 718 2406 omnes
742 2363 814 2407 suas
838 2345 1056 2428 possessiones
1085 2344 1235 2407 videlicet
1259 2343 1374 2406 domos
1398 2356 1429 2404 et
1452 2356 1508 2405 sta-

245 2455 357 2516 ciones
374 2473 448 2515 curn
465 2452 573 2514 lundis
599 2465 630 2514 et
654 2450 789 2513 edificiis
805 2471 841 2512 ac
864 2451 974 2512 vineas
988 2463 1018 2512 et
1035 2449 1170 2534 (h)ortos
1194 2471 1231 2512 ac
1254 2450 1351 2512 silvas
1367 2463 1398 2512 et
1414 2463 1513 2512 terras

245 2561 385 2624 arabiles
409 2574 440 2622 et
462 2559 573 2621 senilia
594 2578 733 2620 unacum
757 2558 857 2620 literis
888 2557 1075 2620 earumdem
1108 2557 1347 2639 possessionum
1376 2577 1412 2618 ac
1436 2557 1516 2618 alias

248 2687 364 2730 omnes
389 2687 439 2729 res
463 2679 494 2728 et
518 2667 602 2727 bona
627 2665 740 2746 quevis
764 2685 820 2726 sua
845 2665 979 2726 mobilia
1005 2665 1137 2727 abstulit
1153 2677 1183 2726 et
1207 2665 1326 2747 recepit
1350 2664 1513 2746 potencia-

246 2775 321 2838 liter
347 2794 384 2836 ac
409 2773 498 2834 dedit
523 2771 662 2834 Martino
686 2771 810 2854 Cypser
833 2771 979 2833 servitori
1011 2791 1070 2834 suo
1095 2791 1153 2854 pro
1186 2771 1329 2834 serviciis
1350 2770 1426 2849 suis,
1451 2770 1514 2832 illi-

247 2881 310 2942 cite
334 2893 366 2942 et
390 2879 498 2940 minus
521 2877 621 2961 juste;
645 2891 676 2940 et
700 2878 775 2960 quia
800 2878 867 2960 ipse
890 2895 1003 2938 omnes
1031 2877 1248 2960 possessiones
1272 2876 1405 2960 predicti
1432 2877 1514 2938 Mar-

246 2988 308 3050 tini
333 2986 451 3068 judicis
474 2985 574 3047 modo
598 2985 753 3067 premisso
778 2982 958 3067 specificato
991 2984 1090 3066 ipsius
1115 2983 1244 3046 Martini
1270 2983 1385 3064 judicis
1409 2983 1515 3044 litera·

245 3094 330 3157 torie
355 3091 544 3176 prefuerunt
567 3091 651 3174 justo
676 3089 833 3153 modoad
857 3092 971 3153 scitum
994 3091 1098 3153 tocius
1116 3090 1366 3168 communitatis,
1391 3103 1422 3152 et
1438 3089 1514 3171 quia

247 3200 350 3262 eciam
377 3197 520 3281 prefatus
544 3197 696 3259 dominus
720 3197 888 3260 Ladislaus
904 3217 958 3259 rex
975 3197 1076 3260 literis
1100 3196 1165 3258 suis
1182 3197 1398 3259 mediantibus
1422 3196 1515 3258 nobis

247 3321 326 3389 puta
351 3305 451 3388 judici
477 3319 508 3366 et
531 3304 641 3386 juratis
672 3305 864 3388 supradictis
896 3304 1029 3368 firmiter
1053 3305 1196 3388 precepit
1227 3319 1259 3366 et
1281 3304 1456 3383 mandavit,
1480 3317 1515 3366 ut

247 3433 364 3477 omnes
396 3411 613 3496 possessiones
645 3411 836 3493 quorumvis
866 3413 985 3474 civium
1017 3411 1153 3474 civitatis
1184 3411 1345 3496 predicte,
1377 3429 1513 3492 quarum

249 3503 377 3602 aliquas
401 3520 468 3602 ipse
494 3518 630 3580 condam
657 3517 809 3580 dominus
834 3518 1086 3581 Vlricuscomes
1110 3537 1223 3602 prose
1248 3517 1379 3580 retinuit
1404 3529 1434 3578 ct
1458 3515 1514 3578 ali·

248 3646 332 3709 quas
356 3646 393 3689 ex
425 3625 502 3708 ipsis
534 3625 790 3708 possessionibus
823 3625 916 3687 certis
947 3625 1155 3686 servitoribus
1185 3623 1250 3686 suis
1282 3643 1340 3707 pro
1372 3623 1514 3685 serviciis

248 3752 363 3797 eorum
382 3733 557 3794 donaverat
573 3730 784 3814 possidendas
796 3733 914 3810 (deest);
933 3731 1073 3813 ideoque
1090 3751 1149 3793 nos
1166 3745 1242 3814 puta
1260 3729 1355 3812 judex
1379 3729 1513 3811 etjurati

246 3840 425 3924 supradicti
450 3840 639 3902 auctoritate
664 3838 879 3922 predictarum
903 3839 1068 3900 literarum
1097 3838 1254 3919 regalium
1279 3838 1372 3899 nobis
1397 3837 1429 3898 in
1454 3835 1512 3898 hac

248 3963 340 4033 parte
365 3947 517 4009 attributa
540 3945 714 4024 mediante,
739 3945 911 4028 premissas
928 3965 1041 4006 omnes
1059 3944 1276 4027 possessiones
1300 3942 1412 4026 prefati
1432 3943 1514 4004 Mar·

248 4056 309 4118 tini
333 4053 449 4136 judicis
474 4051 574 4114 modo
598 4052 754 4134 premisso
787 4053 969 4115 nominatas
993 4067 1023 4114 et
1055 4071 1218 4134 expressas
1242 4051 1348 4114 eidem
1374 4051 1513 4113 Martino

247 4160 349 4243 judici
374 4171 544 4242 prenotato
563 4157 647 4240 justo
664 4158 733 4241 jure
750 4173 844 4240 atque
865 4159 961 4223 titulo
979 4178 1043 4241 quo
1061 4179 1114 4220 eas
1131 4158 1305 4220 literatorie
1329 4159 1416 4240 prius
1441 4177 1513 4240 pos·

248 4267 344 4346 sedit,
368 4266 429 4328 sibi
454 4266 667 4344 incumbenti,
699 4263 965 4347 adjudicavimus,
997 4266 1167 4328 statuimus
1199 4277 1230 4326 et
1254 4263 1515 4326 confirmavimus

247 4373 319 4456 jure
355 4385 512 4456 perpetuo
544 4384 575 4433 et
607 4371 859 4434 irrevocabiliter
898 4370 1108 4455 possidendas
1140 4385 1171 4434 et
1206 4369 1513 4453 quomodocumque

248 4479 391 4542 voluerit
415 4477 633 4561 disponendas
666 4477 752 4560 juxta
785 4477 1009 4540 condicionem
1035 4479 1171 4540 civitatis
1203 4491 1369 4560 prenotate
1394 4479 1434 4538 ab
1459 4496 1513 4538 an-

247 4587 343 4667 tiquo
367 4585 589 4668 approbatam.

357 4691 435 4753 ltem
461 4691 538 4772 quia
562 4689 724 4752 lohannes
748 4689 868 4772 juratus
890 4689 975 4752 lilius
1000 4690 1140 4774 Philippi
1165 4705 1196 4753 et
1220 4689 1402 4752 Demetrius
1426 4690 1513 4752 simi-

249 4801 324 4862 liter
346 4798 479 4880 juratus,
503 4797 589 4860 filius
613 4797 779 4877 lobannis,
804 4799 836 4860 id
861 4817 933 4862 curn
958 4796 1128 4862 sufficienti
1145 4813 1176 4861 et
1200 4797 1365 4880 fidedigno
1391 4810 1514 4858 nostro·

249 4925 323 4969 rum
349 4905 534 4968 concivium
557 4905 744 4968 testimonio
762 4906 793 4966 in
817 4904 892 4966 sede
917 4919 1025 4967 nostra
1042 4906 1208 4988 judiciaria
1233 4905 1316 4967 clare
1341 4919 1372 4967 et
1396 4905 1514 4966 seriose

249 5013 348 5076 bodie
361 5031 470 5074 coram
487 5011 581 5073 nobis
594 5011 625 5074 in
644 5011 764 5093 judicio
782 5013 1043 5094 comprobarunt,
1061 5028 1095 5074 ut
1112 5013 1189 5074 dum
1207 5013 1360 5096 providus
1377 5011 1514 5074 condam
