3738 5786
639 537 725 594 Anno
748 548 839 614 1454·
868 569 910 579 —
935 551 983 614 14·
1002 538 1094 612 J'unie'·
1458 557 1497 619 75

232 747 299 808 cola
324 746 484 830 prefatam
510 748 635 808 vineam
662 747 763 830 ipsius
786 747 941 810 lobannis
970 748 1108 810 vendere
1133 763 1164 811 et
1188 769 1246 831 pro
1270 749 1377 812 anima
1402 750 1501 833 ipsius

234 854 387 916 lobannis
404 867 435 917 et
453 869 622 936 parentum
640 874 675 915 ac
693 854 955 937 predecessorum
973 875 1105 917 suorum
1123 855 1303 938 expendere
1320 856 1500 934 debuiasst;

236 976 264 1023 et
286 961 364 1043 quia
389 961 457 1043 ipse
482 957 567 1022 filius
591 958 706 1042 prelati
724 959 861 1023 condam
879 960 1035 1023 lohannis
1059 981 1124 1025 non
1141 975 1266 1024 tantum
1291 962 1331 1024 ad
1356 962 1500 1046 ipsorum

236 1087 286 1129 sex
311 1087 473 1129 annorum
498 1067 554 1129 sed
580 1067 681 1128 eciam
707 1067 746 1128 ad
771 1067 862 1128 XXX
886 1087 940 1129 sex
964 1067 1016 1130 vel
1040 1069 1118 1130 citra
1141 1087 1300 1130 annorum
1325 1069 1501 1152 expiracio·

237 1193 306 1236 nem
332 1173 450 1236 nullibi
476 1173 612 1235 inveniri
637 1193 696 1235 nec
721 1173 828 1236 resciri
863 1173 967 1256 potuit
995 1193 1097 1256 usque
1129 1175 1239 1254 modo,
1264 1193 1376 1258 ymmo
1401 1176 1501 1238 eciam

235 1279 273 1342 ad
296 1280 414 1342 trinam
440 1278 601 1342 forensem
626 1293 657 1342 et
680 1279 844 1362 publicam
873 1279 1168 1362 proclamacionem
1192 1294 1334 1342 nostram
1358 1300 1415 1362 per
1431 1300 1501 1362 pre·

236 1405 329 1448 eones
352 1401 480 1448 nostros
504 1405 692 1448 communes
725 1407 762 1447 ex
795 1385 1023 1449 commissione
1062 1401 1168 1448 nostra
1199 1387 1365 1449 communi
1398 1385 1501 1470 pridie

236 1491 360 1572 factam,
384 1493 471 1554 idem
496 1491 581 1556 lilius
605 1493 705 1575 ipsius
738 1493 894 1554 iohannis
926 1494 967 1554 ad
991 1493 1214 1576 occupandam
1248 1494 1349 1576 ipsam
1373 1493 1501 1556 vineam

236 1618 296 1660 non
322 1599 412 1660 venit
436 1619 496 1660 nec
519 1599 660 1680 aliquem
688 1619 746 1682 pro
770 1619 804 1660 se
834 1599 930 1678 misit,
956 1599 1096 1682 ideoque
1129 1619 1188 1661 nos
1212 1600 1347 1664 eandem
1373 1600 1500 1662 vineam

235 1705 346 1788 prefati
371 1705 509 1767 condam
535 1705 691 1767 lobannis
715 1725 787 1767 cum
812 1706 878 1767 suis
902 1706 1023 1786 usibus,
1055 1704 1330 1770 fructuositatibus
1353 1720 1384 1768 et
1407 1707 1502 1790 perti·

235 1813 354 1874 nenciis
386 1811 545 1875 universis
576 1811 700 1894 prelato
733 1813 827 1874 Petro
862 1813 1001 1894 agricole
1034 1813 1164 1895 plenam
1198 1812 1360 1874 vendendi
1382 1825 1413 1874 et
1443 1831 1503 1895 pro

234 1921 344 1982 anima
368 1919 470 2002 ipsius
495 1918 651 1981 lohannis
673 1939 709 1980 ac
736 1933 906 2001 parentum
938 1933 969 1980 et
993 1919 1255 2001 predecessorum
1287 1938 1419 1980 suorum
1450 1937 1502 1980 ex·

236 2026 400 2109 pendendi
424 2026 629 2088 attribuimus
653 2023 848 2088 facultatem.

564 2246 659 2318 Feria
688 2255 785 2318 sexta
813 2255 890 2336 post
918 2245 1169 2319 Penthecostes.

768 2401 830 2479 (14.
846 2401 957 2477 jumi).

336 2539 415 2602 ltem
441 2540 516 2622 quia
543 2539 722 2622 Elyzabeth
746 2541 855 2623 puella
887 2539 951 2602 filia
977 2541 1107 2604 Martini
1132 2541 1172 2603 de
1197 2541 1330 2605 Raboch
1355 2542 1388 2604 in
1414 2539 1499 2604 lustu

233 2646 449 2725 camisiarum,
467 2646 745 2727 manutergiorum
759 2661 790 2709 et
806 2647 941 2709 aliarum
958 2647 1095 2710 vestium
1114 2648 1215 2710 Elene
1231 2648 1375 2710 mulieris
1392 2649 1500 2710 uxoris

232 2753 396 2814 Valentini
414 2752 597 2834 jobagionis
613 2753 738 2815 domini
750 2754 814 2816 Viti
831 2754 986 2837 prepositi
1004 2755 1136 2817 ecclesie
1150 2754 1375 2836 zagrabiensis,
1396 2756 1498 2818 mani·

150 2891 152 2894 ·
233 2857 311 2923 leste
335 2873 383 2922 est
407 2875 565 2942 repperta,
590 2873 621 2922 et
645 2859 719 2922 licet
742 2860 854 2924 eadem
884 2873 1015 2944 propter
1039 2859 1144 2944 ipsum
1170 2859 1290 2924 lurtum
1314 2881 1372 2944 pro
1396 2861 1498 2945 prima

232 2965 436 3029 correccione
468 2965 598 3028 auribus
629 2967 746 3049 privari
778 2966 958 3046 debuisset,
990 2987 1026 3030 ac
1057 2981 1167 3030 tamen
1199 2969 1275 3049 quia
1299 2987 1357 3050 pro
1382 2987 1420 3030 ea
1453 2982 1499 3030 est

232 3072 327 3134 nobis
349 3091 408 3155 per
439 3071 547 3154 plures
578 3072 682 3136 bonos
712 3073 861 3136 homines
891 3073 1118 3156 supplicatum,
1150 3087 1185 3134 ut
1217 3073 1276 3156 ipsi
1306 3073 1413 3156 puelle
1438 3093 1497 3156 pro

232 3179 338 3261 primo
362 3197 423 3240 suo
448 3198 577 3241 excessu
593 3179 738 3262 predicto
761 3179 901 3262 graciam
921 3176 1116 3259 fecissemus,
1141 3179 1215 3241 ideo
1232 3179 1334 3261 ipsam
1358 3181 1501 3262 graciose

233 3285 395 3368 expellere
420 3283 554 3348 lecimus
578 3285 618 3348 de
643 3285 771 3348 civitate
795 3301 826 3348 et
850 3286 919 3348 eius
938 3285 1099 3348 territorio
1117 3285 1356 3348 committentes
1379 3285 1451 3366 sibi,
1468 3301 1503 3349 ut

233 3392 273 3455 de
298 3406 405 3454 cetero
430 3393 548 3454 intrate
573 3391 635 3454 huc
659 3411 724 3454 non
749 3392 873 3456 debeat.

338 3498 417 3561 ltem
453 3498 546 3580 jurati
582 3498 806 3580 adjudicarunt
840 3519 969 3562 causam
993 3500 1075 3561 inter
1099 3498 1364 3562 Bartholomeum
1400 3499 1497 3562 servi·

231 3619 336 3669 torem
360 3603 518 3668 Anthonii
543 3605 722 3689 Termsych
746 3620 778 3668 et
802 3606 883 3668 inter
901 3605 1005 3688 ipsum
1030 3604 1231 3668 Anthonium
1257 3605 1436 3689 Termsych
1460 3609 1500 3669 ah

232 3733 297 3774 una
329 3727 430 3796 parte,
455 3727 486 3774 et
516 3725 605 3795 parte
638 3713 678 3774 ab
710 3711 809 3776 altera
847 3713 929 3775 inter
961 3711 1161 3795 Stephanum
1193 3725 1334 3774 autorem
1360 3712 1399 3773 de
1431 3711 1503 3774 vico

231 3820 369 3881 Abbatis
393 3838 502 3881 coram
526 3817 638 3900 juratis
670 3831 803 3898 motam,
834 3819 891 3882 tali
916 3819 1026 3898 modo,
1051 3833 1086 3881 ut
1118 3819 1185 3902 ipse
1210 3817 1392 3900 Stephanus
1415 3831 1504 3880 sutor

232 3926 265 3986 in
300 3925 355 3987 illa
388 3925 594 4008 percussione
626 3944 723 4006 quam
755 3924 896 4007 prefatus
926 3925 1061 3988 servitor
1093 3925 1192 4008 ipsius
1220 3924 1376 3988 Anthonii
1409 3943 1504 4007 super

232 4033 338 4114 ipsum
364 4030 564 4113 Stephanum
589 4043 730 4094 sutorem
749 4045 881 4114 propter
898 4032 1027 4115 culpam
1043 4051 1135 4094 auam
1151 4031 1345 4114 perpetravit
1369 4044 1400 4094 et
1419 4029 1504 4109 iecit,

232 4138 330 4200 debet
354 4137 546 4216 contentari,
570 4137 647 4220 quia
679 4157 812 4200 uxorem
846 4139 946 4220 ipsius
976 4137 1132 4200 Anthonii
1165 4137 1269 4199 verbis
1300 4137 1504 4220 vituperiosis

232 4259 264 4307 et
289 4245 428 4306 tactibus
454 4243 631 4306 inhonestis
663 4243 866 4327 pertractavit
896 4243 1126 4323 verecundose,
1159 4255 1190 4306 et
1213 4243 1238 4304 si
1264 4262 1320 4325 per
1351 4243 1503 4305 maritum

232 4350 332 4433 ipsius
356 4349 474 4412 melius
507 4347 619 4412 luisset
648 4369 815 4432 percussus
847 4349 951 4412 adhuc
977 4350 1139 4412 debuisset
1169 4349 1330 4429 tollerare,
1356 4349 1503 4411 commit-

231 4470 336 4518 tentes
360 4455 467 4518 eidem
494 4455 658 4538 Stephano
682 4456 792 4534 sutori,
818 4469 852 4518 ut
876 4457 916 4518 de
933 4470 1039 4520 cetero
1064 4455 1182 4518 similia
1206 4455 1310 4538 turpia
1336 4453 1417 4518 lacta
1435 4475 1500 4517 non

232 4563 426 4640 committat,
458 4562 513 4644 qui
545 4563 570 4622 si
596 4563 635 4623 de
667 4563 829 4625 aeternio
864 4563 1024 4624 similibus
1058 4575 1224 4645 reppertus
1257 4559 1362 4640 fuerit,
1386 4581 1502 4643 penam

233 4667 357 4750 (quam)
385 4667 580 4729 demeruerit
611 4669 762 4750 pacietur.

340 4774 417 4836 ltem
452 4774 570 4858 jurabit
592 4775 738 4837 Thomas
770 4773 856 4837 filius
883 4775 1048 4838 Michaelis
1082 4775 1121 4838 de
1147 4777 1307 4859 Pobresya
1338 4775 1437 4838 tercio
1469 4795 1502 4838 se

234 4881 376 4962 personis
401 4901 474 4944 cum
499 4881 613 4944 vicinis
651 4881 768 4964 jurabit
792 4897 905 4944 octavo
940 4884 992 4944 die
1016 4903 1111 4965 super
1135 4903 1222 4945 aram
1246 4897 1356 4945 contra
1380 4883 1503 4945 Antho-

235 4987 324 5050 nium
349 4987 487 5070 juratum
512 4987 704 5051 modernum
731 4988 831 5052 lilium
858 4988 986 5052 Thome
1010 5010 1105 5073 super
1129 5009 1179 5068 en,
1204 5005 1238 5052 ut
1262 4990 1328 5073 ipse
1353 4989 1498 5052 Thomas
