3738 5786
599 538 797 614 Arm01457.
823 571 863 582 -
888 549 937 612 25.
961 539 1130 600 wambe.
1438 559 1492 618 r4r

232 759 262 808 et
277 747 348 807 eius
363 748 525 810 territorio
542 747 723 810 habitarum
741 761 772 810 et
789 748 998 810 existencium
1015 749 1130 830 quovis
1149 751 1279 812 nomine
1298 766 1495 830 vocatarum,

230 872 330 935 seque
347 854 380 914 in
398 855 580 916 dominium
598 855 737 937 ipsarum
757 855 985 936 quovismodo
999 855 1237 919 intromissione
1260 877 1295 918 ac
1319 858 1493 921 utilitatum

229 960 370 1041 ipsarum
395 961 606 1044 percepcione
631 961 868 1044 quoquomodo
892 960 956 1042 jam
983 959 1073 1023 lactis
1104 961 1155 1024 vel
1180 961 1304 1042 fiendis,
1329 963 1493 1046 probibuit

229 1066 485 1128 contradicendo
509 1080 540 1130 et
564 1066 757 1130 contradixit
773 1067 952 1129 inhibendo
969 1067 1135 1128 communi
1160 1067 1283 1148 justicia
1301 1070 1496 1152 requirente.

333 1172 415 1234 ltem
439 1173 532 1254 jurati
565 1173 832 1255 adjudicaverunt
857 1193 986 1236 causam
1019 1187 1050 1236 et
1074 1172 1193 1237 factum
1219 1177 1336 1238 domus
1359 1175 1497 1240 fornacis

225 1299 283 1342 seu
307 1279 428 1347 clibani
453 1279 592 1342 condam
617 1280 795 1363 Elyzabeth
817 1279 925 1363 puelle
943 1293 1031 1342 mute
1055 1279 1120 1342 filie
1139 1281 1276 1344 condam
1302 1283 1405 1346 Jaxini
1423 1303 1495 1364 pro·

225 1385 336 1468 scripti
359 1405 419 1468 pro
443 1387 509 1448 suis
533 1386 710 1466 maleficiis,
735 1407 772 1448 ex
797 1386 913 1448 eodem
939 1387 1054 1450 laxino
1070 1388 1249 1469 proscripto
1274 1387 1339 1450 filie
1357 1389 1493 1450 condam

227 1493 312 1554 Petri
338 1493 463 1575 Saphar
487 1513 525 1554 ex
542 1493 743 1576 Margaretha
769 1493 904 1556 muliere
922 1492 987 1555 filia
1011 1493 1149 1556 condam
1175 1495 1375 1576 Sigismundi
1401 1495 1494 1576 jurati

226 1612 257 1660 et
289 1598 424 1660 domina
456 1599 634 1662 Katherina
663 1614 810 1664 consorte
843 1600 942 1682 ipsius
975 1599 1173 1681 Sigismundi
1207 1600 1300 1682 jurati
1337 1601 1493 1682 legittima

225 1706 408 1786 progenite,
432 1707 488 1768 tali
513 1707 624 1786 modo,
650 1721 684 1768 ut
706 1707 783 1789 quis
807 1707 874 1789 ipsa
893 1706 1071 1790 Elyzabetb
1096 1721 1183 1768 muta
1213 1707 1320 1790 puella
1345 1709 1493 1770 intestata

224 1816 265 1875 ab
291 1813 353 1875 boc
378 1815 489 1876 seculo
506 1814 642 1876 decessit
666 1829 697 1878 et
721 1828 767 1876 est
784 1828 921 1893 mortua,
939 1814 1014 1876 ideo
1035 1814 1171 1876 eandem
1196 1815 1331 1876 domum
1357 1813 1495 1878 fornacis

224 1941 281 1982 seu
307 1921 427 1982 clibani
452 1941 525 1983 curn
550 1920 653 1983 fundo
678 1935 708 1984 et
725 1921 860 1984 edificiis
884 1922 917 1984 in
941 1921 1084 2004 predicta
1108 1921 1235 1984 civitate
1260 1921 1401 1984 habitam
1420 1942 1493 1984 cum

223 2027 291 2088 suis
314 2027 521 2109 pertinenciis
545 2028 686 2090 mediam
711 2029 831 2090 curiam
862 2029 893 2090 in
919 2049 953 2090 se
977 2029 1197 2090 continentem
1222 2029 1353 2090 domine
1379 2029 1494 2112 Elyza·

224 2133 299 2194 betb
326 2147 496 2196 matertere
521 2135 621 2216 ipsius
640 2134 818 2218 Elyzabeth
834 2135 942 2217 puelle
965 2148 1052 2196 mute
1078 2149 1244 2216 tamquam
1261 2136 1420 2217 propriori
1438 2156 1493 2198 sue

224 2241 466 2320 consanguinee
491 2260 527 2302 ac
551 2260 607 2322 per
641 2241 778 2302 eandem
811 2255 1015 2302 materteram
1039 2260 1129 2302 suam
1164 2241 1335 2302 heredibus
1358 2241 1423 2303 suis
1448 2243 1494 2320 ju·

224 2346 283 2408 rati
308 2346 578 2426 adjudicaverunt
601 2361 757 2429 perpetuo
786 2347 1016 2429 possidendam
1049 2359 1080 2408 et
1104 2347 1413 2430 quomodocumque
1438 2367 1493 2409 vo·

224 2453 321 2514 luerit
347 2453 584 2534 disponendam
601 2451 686 2533 juxta
704 2453 931 2516 condicionem
949 2454 1086 2515 civitatis
1103 2467 1268 2535 prenotate
1293 2455 1333 2514 ab
1358 2455 1493 2534 antiquo

224 2561 449 2642 approbatam.

332 2666 411 2728 ltem
437 2667 512 2748 quia
537 2667 656 2730 nobilis
678 2667 725 2728 vir
751 2668 877 2729 Marcus
894 2666 979 2729 filius
1004 2665 1160 2728 lobannis
1184 2666 1223 2727 de
1249 2665 1370 2728 Chawa
1395 2666 1492 2730 hodie

224 2773 354 2854 publice
381 2791 488 2834 coram
513 2773 627 2855 populi
652 2773 861 2836 multitudine
895 2773 927 2834 id
952 2773 1126 2835 literatorie
1151 2773 1384 2852 comprobavit,
1409 2793 1489 2854 quo-

224 2879 325 2941 modo
351 2879 483 2940 illustris
507 2879 645 2942 condam
673 2880 822 2962 princeps
854 2879 1005 2940 dominus
1030 2879 1155 2940 Vlricus
1186 2898 1294 2940 comes
1325 2878 1488 2960 quandam

225 2986 363 3048 domum
381 3005 471 3048 suam
496 3001 653 3050 muratam
678 3006 751 3048 cum
776 2986 884 3048 lundis
899 3003 945 3048 ¹ac
978 2985 1111 3047 edificiis
1136 2986 1167 3046 in
1193 2985 1277 3048 dicta
1301 2987 1427 3048 civitate
1451 3006 1487 3048 ac

223 3111 299 3153 cum
325 3092 469 3173 quodam
494 3091 615 3176 (h)orto
640 3092 672 3152 in
699 3093 861 3154 territorio
894 3092 1039 3153 eiusdem
1072 3091 1208 3154 civitatis
1231 3091 1348 3154 habitis
1371 3107 1402 3154 et
1426 3093 1490 3154 exi·

221 3199 383 3260 stentibus
406 3199 529 3279 absque
553 3199 643 3260 omni
660 3199 754 3281 culpa
778 3219 834 3261 sua
860 3213 892 3261 et
908 3198 1076 3260 solucione
1102 3199 1286 3280 pecuniaria
1311 3201 1350 3260 ab
1374 3199 1490 3260 eodem

223 3305 336 3366 Marco
361 3305 401 3366 de
425 3303 547 3386 prelata
573 3303 695 3367 Chawa
728 3305 835 3366 minus
858 3303 939 3385 juste
964 3317 995 3366 et
1027 3303 1170 3366 indebite
1196 3324 1230 3366 ac
1255 3305 1401 3386 potencia
1426 3323 1492 3366 me-

222 3411 334 3472 diante
358 3411 528 3492 recepisset
560 3425 590 3473 et
614 3411 796 3473 abstulisset
831 3423 861 3472 et
893 3429 995 3492 usque
1028 3411 1068 3471 ad
1097 3425 1234 3472 mortem
1259 3411 1429 3488 tenuisset;
1462 3425 1492 3472 et

221 3517 301 3598 quia
327 3517 394 3599 ipse
417 3536 530 3579 omnes
553 3517 771 3600 possessiones
804 3516 938 3599 predicti
964 3517 1061 3578 Marci
1087 3517 1127 3578 de
1153 3515 1273 3580 Chawa
1298 3517 1397 3578 modo
1421 3536 1491 3599 pre·

222 3623 324 3685 misso
341 3622 521 3706 specificata
539 3624 639 3706 ipsius
656 3625 755 3686 Marci
769 3623 943 3686 literatorie
965 3621 1164 3706 prefuerunt,
1182 3643 1261 3704 quas
1278 3623 1362 3684 idem
1383 3643 1490 3684 coram

220 3731 319 3790 nobis
343 3730 375 3791 in
400 3731 506 3810 specie
530 3731 694 3812 produxit,
718 3745 748 3792 et
770 3731 871 3792 eciam
889 3730 964 3811 quia
989 3727 1130 3812 prefatus
1147 3729 1299 3791 dominus
1324 3729 1493 3791 Ladislaus

219 3855 278 3897 rex
301 3837 402 3898 literis
435 3838 500 3899 suis
532 3837 750 3900 mediantibus
782 3837 875 3899 nobis
907 3851 984 3918 puta
1016 3835 1126 3917 judici,
1158 3836 1268 3916 juratis
1300 3835 1491 3918 supradictis

218 3941 357 4004 firmiter
381 3943 524 4025 precepit
547 3955 579 4005 et
609 3943 785 4020 mandavit,
818 3956 853 4006 ut
884 3961 997 4004 omnes
1028 3941 1246 4024 possessiones
1278 3961 1417 4023 quorum
1442 3942 1491 4024 ius

217 4050 342 4112 civium
359 4049 495 4112 civitatis
513 4050 654 4132 predicte
679 4049 858 4126 haberetur,
883 4068 1019 4131 quarum
1038 4049 1161 4130 aliquas
1186 4049 1253 4130 ipse
1271 4047 1407 4110 condam
1432 4047 1490 4110 do·

218 4156 332 4218 minus
355 4155 482 4218 Vlricus
506 4176 614 4219 comes
634 4177 693 4240 pro
717 4158 823 4239 seipso
846 4157 976 4218 retinuit
1000 4168 1031 4217 et
1055 4155 1179 4237 aliquas
1204 4175 1241 4216 ex
1266 4155 1341 4236 ipsis
1366 4174 1489 4236 posses·

216 4261 369 4324 sionibus
393 4263 488 4325 certis
511 4263 720 4324 servitoribus
744 4263 809 4324 suis
827 4282 884 4345 pro
908 4261 1049 4322 serviciis
1066 4280 1179 4322 eorum
1196 4261 1371 4322 donaverat
1388 4259 1487 4342 possi·

217 4369 345 4436 dendas
358 4368 478 4449 (deest),
493 4369 631 4450 ideoque
649 4389 709 4431 nos
725 4383 800 4451 puta
818 4368 913 4452 judex
937 4382 968 4429 et
984 4367 1078 4448 jurati
1103 4366 1275 4448 supradicti
1300 4366 1488 4428 auctoritate

216 4473 440 4558 predictarum
457 4474 620 4538 literarum
639 4475 795 4556 regalium
821 4475 914 4535 nobis
931 4474 963 4534 in
976 4472 1036 4534 hac
1054 4487 1142 4555 parte
1160 4472 1310 4533 attributa
1329 4471 1489 4533 mediante

218 4581 395 4666 premissas
411 4581 629 4663 possessiones
639 4581 753 4664 prelati
769 4581 867 4642 Marci
891 4581 931 4641 de
949 4579 1069 4642 Chawa
1088 4579 1186 4640 modo
1203 4579 1358 4661 premisso
1383 4579 1472 4640 nomi

219 4701 313 4749 natas
345 4701 376 4748 et
408 4706 571 4769 expressas
602 4688 708 4749 eidem
738 4688 846 4749 Marco
878 4686 918 4748 de
950 4685 1071 4749 Chawa
1104 4697 1271 4768 prenotato
1304 4684 1387 4764 justo
1423 4684 1489 4765 jure

217 4809 319 4875 atque
343 4794 439 4856 titulo
463 4793 640 4856 literatorio
664 4813 730 4876 quo
755 4813 807 4856 eas
832 4793 919 4875 prius
944 4792 1086 4874 possedit
1118 4792 1179 4854 sibi
1205 4791 1404 4852 incumbenti
1429 4791 1483 4852 ad-

216 4901 448 4982 judicavimus,
472 4902 642 4962 statuimus
666 4915 697 4963 et
716 4899 978 4964 confirmavimus
1001 4899 1069 4980 jure
1094 4913 1250 4980 perpetuo
1275 4913 1306 4959 et
1331 4899 1490 4959 irrevoca-

217 5007 331 5069 biliter
354 5007 566 5090 possidendas
589 5022 620 5068 et
652 5008 961 5089 quomodocumque
993 5007 1131 5068 voluerit
1161 5004 1378 5086 disponendas
1402 5003 1488 5084 juxta

216 5113 450 5176 condicionem
468 5113 605 5176 civitatis
620 5127 786 5197 prenotate
805 5114 844 5175 ab
862 5111 1248 5194 antiquoprivilegialiter
1266 5113 1490 5193 approbatam.
