3852 5814
657 511 744 567 Anno
766 506 861 588 1480.
887 543 928 554 —-
952 525 979 570 Ι.
1003 510 1166 572 decembris.
1487 533 1543 593 501

392 721 497 783 Causa
522 721 604 783 inter
623 721 816 803 Dyonisium
833 737 988 784 sartorem
1006 738 1036 785 et
1059 722 1189 785 Gallum
1209 725 1386 808 Kwdelych
1404 743 1550 809 respectu

286 847 496 909 expensarum
522 828 746 909 quarumdam,
771 829 845 909 quia
864 828 978 890 Gallus
1003 829 1081 890 dixit
1105 831 1192 911 qnod
1211 851 1304 892 causa
1333 834 1474 914 ipsorum
1494 854 1550 915 per

287 933 474 1014 magistrum
507 933 779 996 thawernicorum
815 935 1003 996 omnimode
1037 934 1119 997 foret
1150 937 1378 1018 determinata,
1411 940 1484 1003 ideo
1516 942 1547 1001 in

284 1040 388 1120 primo
424 1039 545 1122 judicio
582 1039 697 1102 Gallus
732 1039 887 1122 prefatam
925 1041 1120 1104 decisionem
1158 1064 1251 1105 cause
1288 1045 1382 1106 debet
1414 1047 1547 1127 probare

283 1147 468 1211 literatorie.

389 1255 495 1317 Causa
529 1255 611 1317 inter
643 1256 773 1318 Petrum
803 1272 833 1319 et
865 1257 1074 1319 Valentinum
1106 1258 1315 1340 calcaripares
1347 1261 1474 1322 racione
1501 1262 1547 1322 in-

283 1359 378 1423 iamie
404 1363 556 1440 usuraria,
581 1363 699 1424 dilacio
724 1362 805 1426 facta
830 1378 1002 1446 estusque
1035 1364 1075 1426 ad
1099 1365 1240 1446 primum
1265 1364 1419 1444 judicium
1445 1369 1546 1428 consi-

282 1468 411 1530 storiale
437 1483 466 1529 et
489 1469 680 1530 Valentinus
704 1471 799 1532 debet
816 1472 951 1552 probare
976 1469 1143 1532 infamiam
1166 1471 1341 1552 predictam
1367 1492 1461 1554 super
1478 1494 1546 1555 pre-

281 1573 383 1637 fatum
410 1575 549 1638 Petrum.

388 1682 493 1744 Causa
519 1683 600 1744 inter
626 1681 757 1745 Gallum
785 1683 962 1766 Kwdelych
983 1697 1014 1744 et
1039 1683 1173 1744 Paulum
1198 1683 1396 1747 aurifabrum
1422 1705 1456 1747 ac
1482 1691 1545 1746 An-

282 1787 391 1850 dream
416 1802 569 1867 sutorem,
603 1789 701 1867 citati,
733 1789 895 1870 predictus
926 1790 1081 1850 terminus
1112 1789 1282 1870 judicialis,
1318 1811 1382 1852 non
1417 1811 1545 1874 compa-

281 1909 422 1958 ruerunt.
447 1893 528 1977 (sic).

387 2001 493 2062 Causa
518 2001 599 2062 inter
624 2003 766 2062 Ambrek
799 2015 830 2062 et
865 2001 1003 2063 Maricza
1028 2003 1341 2086 Merzlaltlepychna,
1373 2004 1478 2084 primo
1503 2005 1544 2065 ci·

279 2121 342 2168 tata
369 2127 432 2169 non
458 2109 647 2189 comparuit.

386 2213 419 2274 ln
444 2233 538 2275 causa
564 2214 645 2276 inter
662 2215 826 2277 Andream
851 2215 989 2296 juratum
1009 2229 1160 2296 nepotem
1185 2215 1322 2276 condam
1349 2215 1472 2276 domini
1491 2215 1543 2277 Jo-

281 2319 396 2382 hannis
421 2335 452 2383 et
476 2322 612 2383 Paulum
636 2321 835 2384 aurifabrum
859 2337 988 2406 propter
1020 2323 1178 2403 quosdam
1203 2322 1376 2404 orphanos,
1400 2322 1544 2384 Andreas

281 2426 377 2489 debet
401 2428 577 2510 producere
602 2430 822 2490 testimonium
848 2431 880 2491 in
905 2429 1010 2512 primo
1028 2428 1148 2508 judicio
1165 2428 1253 2510 quod
1272 2429 1338 2509 ipse
1362 2428 1403 2488 sit
1427 2447 1541 2509 procu·

278 2550 363 2596 rator
388 2535 547 2596 dictorum
572 2536 802 2618 orphanorum.

349 2771 444 2845 laria
473 2781 572 2845 sexta
600 2773 752 2863 proxima
782 2784 858 2864 post
886 2774 1009 2846 festum
1037 2774 1127 2846 beati
1156 2771 1287 2844 Andree
1317 2771 1470 2862 apostoli.

787 2935 830 3008 (1.
855 2927 1030 3008 decembris).

382 3068 487 3129 Causa
512 3068 651 3150 quedam
686 3070 768 3130 inter
801 3068 1006 3152 magnificum
1040 3069 1209 3130 dominum
1235 3068 1362 3130 Petrum
1389 3067 1539 3130 comitem

276 3175 316 3235 de
347 3175 457 3236 Zrinio
489 3195 525 3236 ac
557 3175 763 3237 Dominicum
798 3175 972 3258 Perowych
1005 3194 1112 3236 coram
1150 3173 1260 3254 juratis
1292 3187 1378 3235 mota
1412 3175 1540 3235 racione

276 3281 441 3343 cuiusdam
476 3283 587 3344 baliste
621 3303 718 3364 quam
751 3285 818 3365 ipse
851 3303 959 3344 comes
987 3283 1099 3343 Petrus
1131 3281 1170 3342 de
1203 3282 1352 3342 manibus
1377 3281 1539 3343 Dominici

275 3388 432 3469 perditam
457 3409 524 3450 esse
557 3391 727 3469 asserebat,
759 3409 854 3472 super
879 3409 944 3471 quo
977 3387 1117 3470 prefatus
1143 3387 1333 3449 Dominicus
1364 3387 1538 3470 Perowych

274 3494 439 3576 respondit
464 3509 494 3556 et
518 3495 645 3558 dicebat
668 3510 732 3556 tres
757 3497 885 3558 balistas
901 3496 987 3577 apud
1016 3515 1048 3556 se
1072 3493 1151 3571 fore,
1176 3513 1256 3576 quas
1280 3493 1321 3554 ad
1344 3494 1537 3576 peticionem

274 3603 433 3682 prenotati
459 3603 586 3664 comitis
611 3603 772 3684 predictus
791 3603 981 3664 Dominicus
1006 3622 1022 3662 a
1048 3601 1189 3683 quodam
1209 3600 1309 3661 Paulo
1334 3619 1456 3681 pogner
1474 3603 1538 3662 suis

273 3707 436 3789 peccuniis
462 3709 642 3786 redimerat,
669 3710 816 3790 ipsasque
844 3721 906 3770 tres
931 3708 1060 3769 balistas
1074 3709 1234 3768 asserebat
1257 3725 1289 3767 se
1315 3707 1399 3766 idem
1426 3706 1537 3767 Domi-

274 3815 364 3875 nicus
388 3814 446 3896 ipsi
474 3815 582 3876 comiti
616 3815 790 3892 extradare,
822 3815 847 3875 si
880 3829 987 3876 autem
1013 3814 1120 3894 aliqua
1154 3812 1266 3874 balista
1298 3813 1422 3894 perdita
1447 3827 1537 3892 esset,

272 3935 380 3982 tamen
405 3941 470 3983 non
496 3941 551 4004 per
575 3921 717 4003 aliquam
751 3921 985 4002 negligenciam
1019 3939 1109 3980 suam
1134 3918 1254 3980 scilicet
1279 3918 1442 3980 Dominici
1468 3939 1536 4000 per-

273 4027 338 4088 dita
363 4041 453 4090 esset.
480 4027 582 4110 Super
606 4047 669 4108 qua
694 4029 748 4089 lite
773 4028 817 4088 sic
842 4027 992 4088 ventilata
1011 4026 1104 4108 jurati
1134 4024 1400 4106 adjudicaverunt
1425 4025 1536 4086 Domi-

272 4133 345 4193 nico
370 4133 425 4194 tali
451 4133 550 4193 modo
574 4132 801 4212 juramentum,
835 4133 922 4214 quod
956 4134 1022 4214 ipse
1047 4131 1238 4193 Dominicus
1261 4131 1363 4212 ipsam
1389 4131 1535 4192 balistam

272 4260 330 4322 pro
354 4259 387 4300 se
413 4260 477 4301 non
502 4240 633 4301 retinuit
657 4259 762 4320 neque
779 4242 917 4320 abnegat
941 4253 972 4301 et
996 4259 1054 4300 nec
1079 4240 1117 4300 de
1136 4239 1285 4300 manibus
1308 4237 1450 4299 eiusdem
1470 4259 1534 4300 non

272 4361 317 4408 cst
342 4346 483 4429 perdita;
508 4345 547 4406 de
572 4365 635 4426 qua
660 4345 904 4424 adjudicacione
938 4346 1182 4428 prenominatus
1214 4363 1322 4406 comes
1347 4344 1457 4405 Petrus
1481 4365 1534 4406 co-

271 4472 338 4514 ram
363 4453 455 4513 dictis
478 4448 589 4534 juratis
622 4451 786 4514 confessus
817 4467 874 4529 est,
905 4473 938 4513 se
971 4472 1038 4513 esse
1070 4465 1267 4513 contentum.
1301 4451 1532 4532 Quodquidem

271 4558 485 4640 juramentum
510 4578 605 4620 suum
638 4559 828 4620 Dominicus
859 4559 1020 4640 predictus
1051 4557 1201 4640 deposuit
1235 4572 1379 4638 tempore
1412 4558 1533 4636 debito,

272 4679 343 4746 post
375 4665 616 4746 deposicionem
648 4680 754 4727 autem
787 4665 859 4726 talis
890 4663 1060 4746 juramenti
1093 4665 1125 4726 in
1161 4666 1325 4746 presencia
1356 4663 1532 4747 juratorum

272 4771 462 4833 Dominicus
486 4771 661 4853 Perowych
687 4772 861 4852 assignavit
885 4783 915 4832 et
934 4771 1022 4832 dedit
1046 4771 1155 4832 comiti
1174 4771 1268 4833 Petro
1292 4771 1376 4852 ipsas
1399 4787 1461 4832 tres
1479 4773 1532 4832 ba-

271 4878 368 4955 listas,
394 4879 512 4960 quibus
535 4899 568 4941 se
593 4877 746 4940 offerebat
771 4878 831 4960 ipsi
857 4877 966 4938 comiti
996 4877 1102 4954 Petro,
1128 4877 1182 4939 ubi
1207 4897 1314 4938 coram
1340 4879 1459 4939 eisdem
1485 4877 1531 4958 ju-

271 4985 345 5046 ratis
369 5004 477 5047 comes
500 4986 612 5048 Petrus
636 4985 724 5064 dixit,
758 4984 1009 5046 demonstrando
1040 5003 1136 5045 unam
1170 4984 1316 5046 balistam
1342 4986 1424 5047 inter
1448 4986 1531 5068 ipsas
