<?xml version="1.0" encoding="UTF-8"?>
<!DOCTYPE html PUBLIC "-//W3C//DTD XHTML 1.0 Transitional//EN"
    "http://www.w3.org/TR/xhtml1/DTD/xhtml1-transitional.dtd">
<html xmlns="http://www.w3.org/1999/xhtml" xml:lang="en" lang="en">
 <head>
  <title>
</title>
<meta http-equiv="Content-Type" content="text/html;charset=utf-8" />
  <meta name='ocr-system' content='tesseract 3.04.00' />
  <meta name='ocr-capabilities' content='ocr_page ocr_carea ocr_par ocr_line ocrx_word'/>
</head>
<body>
  <div class='ocr_page' id='page_1' title='image "./monumentahistor13laszgoog_0258.png"; bbox 0 0 3644 5788; ppageno 0'>
   <div class='ocr_carea' id='block_1_1' title="bbox 369 529 1259 612">
    <p class='ocr_par' dir='ltr' id='par_1_1' title="bbox 369 529 1259 612">
     <span class='ocr_line' id='line_1_1' title="bbox 369 529 1259 612; baseline 0.006 -23"><span class='ocrx_word' id='word_1_1' title='bbox 369 530 428 612; x_wconf 84' lang='lat'><strong>198</strong></span> <span class='ocrx_word' id='word_1_2' title='bbox 748 533 835 591; x_wconf 79' lang='lat' dir='ltr'><em>Anno</em></span> <span class='ocrx_word' id='word_1_3' title='bbox 857 529 949 610; x_wconf 78' lang='lat'><em>1461.</em></span> <span class='ocrx_word' id='word_1_4' title='bbox 974 567 1018 578; x_wconf 92' lang='lat'>-</span> <span class='ocrx_word' id='word_1_5' title='bbox 1034 547 1088 610; x_wconf 80' lang='lat'><strong>31.</strong></span> <span class='ocrx_word' id='word_1_6' title='bbox 1105 531 1259 609; x_wconf 78' lang='lat' dir='ltr'><strong>januarii.</strong></span> 
     </span>
    </p>
   </div>
   <div class='ocr_carea' id='block_1_2' title="bbox 364 741 1631 1353">
    <p class='ocr_par' dir='ltr' id='par_1_2' title="bbox 364 741 1631 1353">
     <span class='ocr_line' id='line_1_2' title="bbox 470 741 1629 826; baseline 0.003 -23"><span class='ocrx_word' id='word_1_7' title='bbox 470 742 550 804; x_wconf 86' lang='lat' dir='ltr'><strong>item</strong></span> <span class='ocrx_word' id='word_1_8' title='bbox 576 742 722 804; x_wconf 81' lang='lat' dir='ltr'>Thomas</span> <span class='ocrx_word' id='word_1_9' title='bbox 745 741 913 804; x_wconf 76' lang='lat' dir='ltr'><strong>familiaris</strong></span> <span class='ocrx_word' id='word_1_10' title='bbox 944 743 1065 806; x_wconf 84' lang='lat' dir='ltr'><strong>Mathie</strong></span> <span class='ocrx_word' id='word_1_11' title='bbox 1088 759 1269 826; x_wconf 81' lang='lat' dir='ltr'>tergowecz</span> <span class='ocrx_word' id='word_1_12' title='bbox 1300 743 1417 825; x_wconf 84' lang='lat' dir='ltr'><strong>juravit</strong></span> <span class='ocrx_word' id='word_1_13' title='bbox 1439 742 1519 807; x_wconf 80' lang='lat' dir='ltr'><strong>feria</strong></span> <span class='ocrx_word' id='word_1_14' title='bbox 1542 761 1629 807; x_wconf 82' lang='lat' dir='ltr'>sexta</span> 
     </span>
     <span class='ocr_line' id='line_1_3' title="bbox 364 847 1630 932; baseline 0.002 -23"><span class='ocrx_word' id='word_1_15' title='bbox 364 847 509 930; x_wconf 82' lang='lat' dir='ltr'><strong>proxima</strong></span> <span class='ocrx_word' id='word_1_16' title='bbox 534 863 607 931; x_wconf 81' lang='lat' dir='ltr'><strong>post</strong></span> <span class='ocrx_word' id='word_1_17' title='bbox 637 847 753 910; x_wconf 80' lang='lat' dir='ltr'><strong>festum</strong></span> <span class='ocrx_word' id='word_1_18' title='bbox 778 848 1009 912; x_wconf 76' lang='lat' dir='ltr'>conversionis</span> <span class='ocrx_word' id='word_1_19' title='bbox 1043 851 1126 912; x_wconf 84' lang='lat' dir='ltr'><strong>beati</strong></span> <span class='ocrx_word' id='word_1_20' title='bbox 1159 851 1251 912; x_wconf 79' lang='lat' dir='ltr'><strong>Pauli</strong></span> <span class='ocrx_word' id='word_1_21' title='bbox 1283 850 1421 932; x_wconf 81' lang='lat' dir='ltr'><strong>apostoli</strong></span> <span class='ocrx_word' id='word_1_22' title='bbox 1446 852 1630 914; x_wconf 85' lang='lat' dir='ltr'><strong>terciusmet</strong></span> 
     </span>
     <span class='ocr_line' id='line_1_4' title="bbox 364 955 1630 1040; baseline 0.005 -26"><span class='ocrx_word' id='word_1_23' title='bbox 364 955 396 1015; x_wconf 88' lang='lat' dir='ltr'><strong>in</strong></span> <span class='ocrx_word' id='word_1_24' title='bbox 421 974 475 1015; x_wconf 79' lang='lat' dir='ltr'><strong>ara</strong></span> <span class='ocrx_word' id='word_1_25' title='bbox 499 968 607 1018; x_wconf 74' lang='lat' dir='ltr'><strong>nancte</strong></span> <span class='ocrx_word' id='word_1_26' title='bbox 633 955 748 1017; x_wconf 78' lang='lat' dir='ltr'><strong>Crucis</strong></span> <span class='ocrx_word' id='word_1_27' title='bbox 771 955 803 1016; x_wconf 88' lang='lat' dir='ltr'><strong>in</strong></span> <span class='ocrx_word' id='word_1_28' title='bbox 833 974 883 1035; x_wconf 85' lang='lat' dir='ltr'><strong>eo,</strong></span> <span class='ocrx_word' id='word_1_29' title='bbox 915 956 1004 1038; x_wconf 91' lang='lat' dir='ltr'>quod</span> <span class='ocrx_word' id='word_1_30' title='bbox 1028 958 1096 1040; x_wconf 83' lang='lat' dir='ltr'><strong>ipse</strong></span> <span class='ocrx_word' id='word_1_31' title='bbox 1121 958 1154 1019; x_wconf 90' lang='lat' dir='ltr'><strong>in</strong></span> <span class='ocrx_word' id='word_1_32' title='bbox 1186 957 1354 1020; x_wconf 83' lang='lat' dir='ltr'><strong>ablacione</strong></span> <span class='ocrx_word' id='word_1_33' title='bbox 1377 956 1537 1020; x_wconf 76' lang='lat' dir='ltr'><strong>serrorum</strong></span> <span class='ocrx_word' id='word_1_34' title='bbox 1562 979 1630 1020; x_wconf 80' lang='lat' dir='ltr'>ara·</span> 
     </span>
     <span class='ocr_line' id='line_1_5' title="bbox 367 1059 1630 1145; baseline 0.004 -25"><span class='ocrx_word' id='word_1_35' title='bbox 367 1059 481 1121; x_wconf 90' lang='lat' dir='ltr'><strong>bilium</strong></span> <span class='ocrx_word' id='word_1_36' title='bbox 505 1060 632 1122; x_wconf 82' lang='lat' dir='ltr'><strong>Nicolai</strong></span> <span class='ocrx_word' id='word_1_37' title='bbox 657 1060 769 1122; x_wconf 78' lang='lat' dir='ltr'><strong>decani</strong></span> <span class='ocrx_word' id='word_1_38' title='bbox 794 1074 825 1124; x_wconf 89' lang='lat' dir='ltr'><strong>et</strong></span> <span class='ocrx_word' id='word_1_39' title='bbox 848 1061 997 1124; x_wconf 89' lang='lat' dir='ltr'><strong>moderni</strong></span> <span class='ocrx_word' id='word_1_40' title='bbox 1012 1061 1119 1145; x_wconf 79' lang='lat' dir='ltr'><strong>jurati,</strong></span> <span class='ocrx_word' id='word_1_41' title='bbox 1143 1063 1221 1126; x_wconf 76' lang='lat' dir='ltr'><strong>civis</strong></span> <span class='ocrx_word' id='word_1_42' title='bbox 1246 1063 1329 1126; x_wconf 86' lang='lat' dir='ltr'><strong>dicte</strong></span> <span class='ocrx_word' id='word_1_43' title='bbox 1354 1063 1501 1141; x_wconf 79' lang='lat' dir='ltr'><strong>civitatis,</strong></span> <span class='ocrx_word' id='word_1_44' title='bbox 1525 1063 1630 1126; x_wconf 91' lang='lat' dir='ltr'><strong>eidem</strong></span> 
     </span>
     <span class='ocr_line' id='line_1_6' title="bbox 365 1165 1631 1252; baseline 0.006 -26"><span class='ocrx_word' id='word_1_45' title='bbox 365 1165 501 1228; x_wconf 79' lang='lat' dir='ltr'><strong>Nicolao</strong></span> <span class='ocrx_word' id='word_1_46' title='bbox 526 1166 559 1228; x_wconf 92' lang='lat' dir='ltr'><strong>in</strong></span> <span class='ocrx_word' id='word_1_47' title='bbox 583 1165 674 1228; x_wconf 90' lang='lat' dir='ltr'>nullo</span> <span class='ocrx_word' id='word_1_48' title='bbox 706 1179 788 1228; x_wconf 81' lang='lat' dir='ltr'>esset</span> <span class='ocrx_word' id='word_1_49' title='bbox 819 1167 1006 1250; x_wconf 80' lang='lat' dir='ltr'><strong>culpabilis;</strong></span> <span class='ocrx_word' id='word_1_50' title='bbox 1042 1189 1141 1250; x_wconf 86' lang='lat' dir='ltr'><strong>quem</strong></span> <span class='ocrx_word' id='word_1_51' title='bbox 1172 1170 1393 1233; x_wconf 85' lang='lat' dir='ltr'><strong>commisimus</strong></span> <span class='ocrx_word' id='word_1_52' title='bbox 1424 1171 1567 1252; x_wconf 91' lang='lat' dir='ltr'><strong>quittum</strong></span> <span class='ocrx_word' id='word_1_53' title='bbox 1600 1184 1631 1232; x_wconf 90' lang='lat' dir='ltr'><strong>et</strong></span> 
     </span>
     <span class='ocr_line' id='line_1_7' title="bbox 366 1271 564 1353; baseline 0.01 -21"><span class='ocrx_word' id='word_1_54' title='bbox 366 1271 564 1353; x_wconf 85' lang='lat' dir='ltr'><strong>expeditum.</strong></span> 
     </span>
    </p>
   </div>
   <div class='ocr_carea' id='block_1_3' title="bbox 444 1507 1540 1726">
    <p class='ocr_par' dir='ltr' id='par_1_3' title="bbox 444 1507 1540 1726">
     <span class='ocr_line' id='line_1_8' title="bbox 444 1507 1540 1606; baseline 0.005 -25"><span class='ocrx_word' id='word_1_55' title='bbox 444 1507 542 1582; x_wconf 83' lang='lat' dir='ltr'><strong>Feria</strong></span> <span class='ocrx_word' id='word_1_56' title='bbox 570 1517 669 1582; x_wconf 80' lang='lat' dir='ltr'>sexta</span> <span class='ocrx_word' id='word_1_57' title='bbox 696 1513 851 1600; x_wconf 75' lang='lat' dir='ltr'><strong>proxima</strong></span> <span class='ocrx_word' id='word_1_58' title='bbox 879 1519 958 1584; x_wconf 83' lang='lat' dir='ltr'>ante</span> <span class='ocrx_word' id='word_1_59' title='bbox 986 1512 1109 1585; x_wconf 80' lang='lat' dir='ltr'><strong>festum</strong></span> <span class='ocrx_word' id='word_1_60' title='bbox 1137 1513 1270 1586; x_wconf 79' lang='lat' dir='ltr'><strong>Natalis</strong></span> <span class='ocrx_word' id='word_1_61' title='bbox 1300 1512 1425 1586; x_wconf 78' lang='lat' dir='ltr'><strong>christi</strong></span> <span class='ocrx_word' id='word_1_62' title='bbox 1453 1523 1540 1606; x_wconf 78' lang='lat' dir='ltr'><em>(sic).</em></span> 
     </span>
     <span class='ocr_line' id='line_1_9' title="bbox 840 1635 1154 1726; baseline 0.003 -19"><span class='ocrx_word' id='word_1_63' title='bbox 840 1655 926 1708; x_wconf 83' lang='lat' dir='ltr'><strong>amo</strong></span> <span class='ocrx_word' id='word_1_64' title='bbox 955 1635 1008 1708; x_wconf 86' lang='lat' dir='ltr'><strong>LX</strong></span> <span class='ocrx_word' id='word_1_65' title='bbox 1036 1639 1154 1726; x_wconf 82' lang='lat' dir='ltr'><strong>primo.</strong></span> 
     </span>
    </p>
   </div>
   <div class='ocr_carea' id='block_1_4' title="bbox 281 1785 1629 2596">
    <p class='ocr_par' dir='ltr' id='par_1_4' title="bbox 362 1785 1629 2188">
     <span class='ocr_line' id='line_1_10' title="bbox 469 1785 1629 1873; baseline 0.006 -26"><span class='ocrx_word' id='word_1_66' title='bbox 469 1785 547 1848; x_wconf 87' lang='lat' dir='ltr'><strong>Item</strong></span> <span class='ocrx_word' id='word_1_67' title='bbox 571 1787 807 1868; x_wconf 82' lang='lat' dir='ltr'><strong>proclamatum</strong></span> <span class='ocrx_word' id='word_1_68' title='bbox 832 1800 879 1849; x_wconf 75' lang='lat' dir='ltr'><strong>est</strong></span> <span class='ocrx_word' id='word_1_69' title='bbox 902 1788 1004 1869; x_wconf 80' lang='lat' dir='ltr'><strong>prima</strong></span> <span class='ocrx_word' id='word_1_70' title='bbox 1029 1789 1099 1851; x_wconf 89' lang='lat' dir='ltr'><strong>vice</strong></span> <span class='ocrx_word' id='word_1_71' title='bbox 1130 1809 1227 1873; x_wconf 82' lang='lat' dir='ltr'>super</span> <span class='ocrx_word' id='word_1_72' title='bbox 1250 1789 1343 1852; x_wconf 77' lang='lat' dir='ltr'><strong>vinea</strong></span> <span class='ocrx_word' id='word_1_73' title='bbox 1368 1791 1507 1853; x_wconf 82' lang='lat' dir='ltr'><strong>condam</strong></span> <span class='ocrx_word' id='word_1_74' title='bbox 1532 1791 1629 1854; x_wconf 86' lang='lat' dir='ltr'><strong>Lacz-</strong></span> 
     </span>
     <span class='ocr_line' id='line_1_11' title="bbox 364 1890 1629 1980; baseline 0.006 -28"><span class='ocrx_word' id='word_1_75' title='bbox 364 1893 457 1952; x_wconf 86' lang='lat' dir='ltr'><strong>konis</strong></span> <span class='ocrx_word' id='word_1_76' title='bbox 481 1890 538 1954; x_wconf 89' lang='lat' dir='ltr'><strong>filii</strong></span> <span class='ocrx_word' id='word_1_77' title='bbox 563 1893 700 1955; x_wconf 84' lang='lat' dir='ltr'><strong>condam</strong></span> <span class='ocrx_word' id='word_1_78' title='bbox 727 1893 881 1956; x_wconf 81' lang='lat' dir='ltr'><strong>Johannis</strong></span> <span class='ocrx_word' id='word_1_79' title='bbox 903 1893 1050 1976; x_wconf 81' lang='lat' dir='ltr'><strong>Hungari</strong></span> <span class='ocrx_word' id='word_1_80' title='bbox 1074 1896 1114 1958; x_wconf 91' lang='lat' dir='ltr'><strong>de</strong></span> <span class='ocrx_word' id='word_1_81' title='bbox 1139 1895 1278 1975; x_wconf 79' lang='lat' dir='ltr'>Babcha‚</span> <span class='ocrx_word' id='word_1_82' title='bbox 1303 1911 1334 1958; x_wconf 91' lang='lat' dir='ltr'><strong>et</strong></span> <span class='ocrx_word' id='word_1_83' title='bbox 1350 1917 1407 1979; x_wconf 86' lang='lat' dir='ltr'><strong>per</strong></span> <span class='ocrx_word' id='word_1_84' title='bbox 1431 1899 1536 1980; x_wconf 89' lang='lat' dir='ltr'><strong>ipsum</strong></span> <span class='ocrx_word' id='word_1_85' title='bbox 1553 1919 1629 1960; x_wconf 89' lang='lat' dir='ltr'>con-</span> 
     </span>
     <span class='ocr_line' id='line_1_12' title="bbox 362 1998 1629 2086; baseline 0.005 -26"><span class='ocrx_word' id='word_1_86' title='bbox 362 1998 437 2060; x_wconf 80' lang='lat' dir='ltr'><strong>dam</strong></span> <span class='ocrx_word' id='word_1_87' title='bbox 463 1999 666 2062; x_wconf 85' lang='lat' dir='ltr'><strong>Laczkonem</strong></span> <span class='ocrx_word' id='word_1_88' title='bbox 691 1998 841 2062; x_wconf 82' lang='lat' dir='ltr'><strong>fratribus</strong></span> <span class='ocrx_word' id='word_1_89' title='bbox 872 2001 973 2063; x_wconf 84' lang='lat' dir='ltr'><strong>sancti</strong></span> <span class='ocrx_word' id='word_1_90' title='bbox 998 2001 1160 2064; x_wconf 80' lang='lat' dir='ltr'><strong>Francisci</strong></span> <span class='ocrx_word' id='word_1_91' title='bbox 1192 2003 1343 2084; x_wconf 82' lang='lat' dir='ltr'><strong>legatam,</strong></span> <span class='ocrx_word' id='word_1_92' title='bbox 1368 2017 1403 2065; x_wconf 89' lang='lat' dir='ltr'><strong>ut</strong></span> <span class='ocrx_word' id='word_1_93' title='bbox 1426 2004 1452 2066; x_wconf 87' lang='lat' dir='ltr'><strong>si</strong></span> <span class='ocrx_word' id='word_1_94' title='bbox 1477 2005 1549 2086; x_wconf 79' lang='lat' dir='ltr'><strong>quis</strong></span> <span class='ocrx_word' id='word_1_95' title='bbox 1574 2005 1629 2066; x_wconf 81' lang='lat' dir='ltr'><strong>ha·</strong></span> 
     </span>
     <span class='ocr_line' id='line_1_13' title="bbox 363 2103 811 2188; baseline 0.007 -22"><span class='ocrx_word' id='word_1_96' title='bbox 363 2106 453 2166; x_wconf 84' lang='lat' dir='ltr'>beret</span> <span class='ocrx_word' id='word_1_97' title='bbox 475 2103 544 2186; x_wconf 79' lang='lat' dir='ltr'>jura</span> <span class='ocrx_word' id='word_1_98' title='bbox 568 2124 663 2188; x_wconf 85' lang='lat' dir='ltr'>super</span> <span class='ocrx_word' id='word_1_99' title='bbox 687 2106 811 2169; x_wconf 86' lang='lat' dir='ltr'><strong>eadem.</strong></span> 
     </span>
    </p>

    <p class='ocr_par' dir='ltr' id='par_1_5' title="bbox 281 2209 1627 2596">
     <span class='ocr_line' id='line_1_14' title="bbox 467 2209 1625 2297; baseline 0.006 -26"><span class='ocrx_word' id='word_1_100' title='bbox 467 2209 546 2272; x_wconf 86' lang='lat' dir='ltr'><strong>Item</strong></span> <span class='ocrx_word' id='word_1_101' title='bbox 570 2212 804 2293; x_wconf 81' lang='lat' dir='ltr'><strong>proclamatum</strong></span> <span class='ocrx_word' id='word_1_102' title='bbox 822 2225 870 2275; x_wconf 81' lang='lat' dir='ltr'><strong>est</strong></span> <span class='ocrx_word' id='word_1_103' title='bbox 892 2213 994 2296; x_wconf 82' lang='lat' dir='ltr'><strong>prima</strong></span> <span class='ocrx_word' id='word_1_104' title='bbox 1013 2213 1082 2276; x_wconf 84' lang='lat' dir='ltr'><strong>vice</strong></span> <span class='ocrx_word' id='word_1_105' title='bbox 1103 2234 1199 2297; x_wconf 80' lang='lat' dir='ltr'>super</span> <span class='ocrx_word' id='word_1_106' title='bbox 1216 2215 1350 2277; x_wconf 90' lang='lat' dir='ltr'><strong>domum</strong></span> <span class='ocrx_word' id='word_1_107' title='bbox 1368 2216 1508 2278; x_wconf 84' lang='lat' dir='ltr'><strong>condam</strong></span> <span class='ocrx_word' id='word_1_108' title='bbox 1526 2217 1625 2278; x_wconf 86' lang='lat' dir='ltr'>Bene·</span> 
     </span>
     <span class='ocr_line' id='line_1_15' title="bbox 363 2315 1627 2404; baseline 0.004 -27"><span class='ocrx_word' id='word_1_109' title='bbox 363 2316 439 2378; x_wconf 90' lang='lat' dir='ltr'><strong>dicti</strong></span> <span class='ocrx_word' id='word_1_110' title='bbox 472 2315 587 2379; x_wconf 82' lang='lat' dir='ltr'>Hwala</span> <span class='ocrx_word' id='word_1_111' title='bbox 618 2338 714 2400; x_wconf 86' lang='lat' dir='ltr'>super</span> <span class='ocrx_word' id='word_1_112' title='bbox 746 2318 832 2381; x_wconf 84' lang='lat' dir='ltr'><strong>civili</strong></span> <span class='ocrx_word' id='word_1_113' title='bbox 864 2319 1020 2399; x_wconf 85' lang='lat' dir='ltr'><strong>eiusdem,</strong></span> <span class='ocrx_word' id='word_1_114' title='bbox 1052 2333 1086 2382; x_wconf 93' lang='lat' dir='ltr'><strong>ut</strong></span> <span class='ocrx_word' id='word_1_115' title='bbox 1116 2321 1141 2382; x_wconf 89' lang='lat' dir='ltr'><strong>si</strong></span> <span class='ocrx_word' id='word_1_116' title='bbox 1174 2321 1245 2403; x_wconf 84' lang='lat' dir='ltr'><strong>quis</strong></span> <span class='ocrx_word' id='word_1_117' title='bbox 1269 2321 1337 2404; x_wconf 82' lang='lat' dir='ltr'>jura</span> <span class='ocrx_word' id='word_1_118' title='bbox 1370 2321 1503 2384; x_wconf 83' lang='lat' dir='ltr'>haberet</span> <span class='ocrx_word' id='word_1_119' title='bbox 1534 2341 1627 2403; x_wconf 88' lang='lat' dir='ltr'>super</span> 
     </span>
     <span class='ocr_line' id='line_1_16' title="bbox 281 2423 1626 2511; baseline 0.005 -28"><span class='ocrx_word' id='word_1_120' title='bbox 281 2445 285 2452; x_wconf 94' lang='lat'>·</span> <span class='ocrx_word' id='word_1_121' title='bbox 365 2423 478 2484; x_wconf 84' lang='lat' dir='ltr'><strong>eadem</strong></span> <span class='ocrx_word' id='word_1_122' title='bbox 503 2423 536 2484; x_wconf 89' lang='lat' dir='ltr'><strong>in</strong></span> <span class='ocrx_word' id='word_1_123' title='bbox 560 2424 646 2486; x_wconf 85' lang='lat' dir='ltr'><strong>dicta</strong></span> <span class='ocrx_word' id='word_1_124' title='bbox 670 2425 809 2504; x_wconf 78' lang='lat' dir='ltr'><strong>civitate,</strong></span> <span class='ocrx_word' id='word_1_125' title='bbox 833 2425 947 2487; x_wconf 84' lang='lat' dir='ltr'><strong>eadem</strong></span> <span class='ocrx_word' id='word_1_126' title='bbox 971 2426 1138 2508; x_wconf 85' lang='lat' dir='ltr'>producat,</span> <span class='ocrx_word' id='word_1_127' title='bbox 1155 2427 1302 2508; x_wconf 87' lang='lat' dir='ltr'><strong>alioquin</strong></span> <span class='ocrx_word' id='word_1_128' title='bbox 1326 2441 1398 2509; x_wconf 79' lang='lat' dir='ltr'>post</span> <span class='ocrx_word' id='word_1_129' title='bbox 1421 2428 1537 2490; x_wconf 86' lang='lat' dir='ltr'><strong>trinam</strong></span> <span class='ocrx_word' id='word_1_130' title='bbox 1556 2447 1626 2511; x_wconf 88' lang='lat' dir='ltr'>pro·</span> 
     </span>
     <span class='ocr_line' id='line_1_17' title="bbox 361 2527 1335 2596; baseline 0.007 -7"><span class='ocrx_word' id='word_1_131' title='bbox 361 2527 595 2592; x_wconf 71' lang='lat' dir='ltr'><strong>clamucionem</strong></span> <span class='ocrx_word' id='word_1_132' title='bbox 620 2530 782 2592; x_wconf 82' lang='lat' dir='ltr'>dabuntur</span> <span class='ocrx_word' id='word_1_133' title='bbox 805 2531 898 2594; x_wconf 85' lang='lat' dir='ltr'><strong>litere</strong></span> <span class='ocrx_word' id='word_1_134' title='bbox 922 2531 1062 2595; x_wconf 87' lang='lat' dir='ltr'><strong>Johanni</strong></span> <span class='ocrx_word' id='word_1_135' title='bbox 1087 2531 1154 2595; x_wconf 87' lang='lat' dir='ltr'><strong>filio</strong></span> <span class='ocrx_word' id='word_1_136' title='bbox 1178 2533 1335 2596; x_wconf 83' lang='lat' dir='ltr'><strong>eiusdem.</strong></span> 
     </span>
    </p>
   </div>
   <div class='ocr_carea' id='block_1_5' title="bbox 0 0 1826 5788">
    <p class='ocr_par' dir='ltr' id='par_1_6' title="bbox 0 0 1826 5788">
     <span class='ocr_line' id='line_1_18' title="bbox 0 0 1826 5788; baseline 0 1"><span class='ocrx_word' id='word_1_137' title='bbox 0 0 1826 5788; x_wconf 95' lang='lat' dir='ltr'><strong> </strong></span> 
     </span>
    </p>
   </div>
  </div>
 </body>
</html>
