3644 5788
513 541 599 598 Anno
622 537 705 616 1462
738 575 782 584 —
799 555 833 616 ⁸3.
858 541 1015 600 decembris.

147 644 374 651 ——-
416 645 514 651 ...-

1334 558 1396 619 229

239 749 317 810 ltem
343 749 437 830 jurati
462 750 728 830 adjudicaverunt
748 771 875 812 causam
896 751 977 812 inter
1003 752 1174 812 Martinurn
1200 751 1340 832 judicem
1366 767 1396 813 et

146 857 345 918 benedictum
370 855 568 920 aurifabrum
592 858 720 918 racione
747 856 895 918 fossionis
928 858 1096 918 cuiusdam
1121 873 1204 918 mete
1229 879 1326 940 penes
1350 859 1395 919 vi·

144 984 226 1024 neam
251 965 352 1045 ipsius
369 965 498 1026 Martini
515 964 641 1045 judicis,
664 980 695 1025 et
719 966 795 1046 quia
813 965 878 1046 ipse
905 965 1060 1026 Martinus
1078 963 1222 1026 infixerat
1238 965 1394 1045 quosdam

144 1070 263 1131 baculos
286 1091 389 1152 penes
406 1071 533 1132 vineam
555 1091 645 1132 suam
663 1085 693 1131 et
711 1071 825 1152 juravit
842 1091 898 1132 seu
916 1071 1130 1150 juramentum
1148 1071 1284 1153 prestitit
1301 1091 1395 1153 super

143 1176 201 1257 ipsa
224 1189 306 1238 tetra
332 1177 421 1258 quod
453 1197 509 1238 sua
542 1191 713 1258 estusque
746 1178 835 1238 illam
861 1175 1012 1238 fixionem
1044 1180 1194 1238 arborum
1219 1197 1274 1238 seu
1300 1179 1394 1239 bacu-

142 1282 247 1360 lorum,
271 1298 303 1344 et
328 1284 374 1344 sic
399 1284 464 1364 ipse
482 1283 674 1344 Benedictus
699 1283 863 1344 convictus
888 1297 934 1344 est
956 1297 1064 1344 contra
1090 1284 1195 1365 ipsum
1220 1283 1393 1346 Martinum

144 1389 272 1469 judicem
298 1391 332 1450 in
366 1389 449 1451 facto
473 1390 620 1471 potencie
652 1389 803 1450 videlieet
821 1389 851 1450 in
882 1389 993 1451 decern
1025 1391 1138 1451 marcis
1170 1390 1393 1467 denariorum;

141 1511 167 1556 et
189 1497 259 1578 quia
295 1497 364 1579 ipse
391 1497 582 1558 Benedictus
613 1496 652 1557 de
685 1497 754 1578 ipso
778 1495 898 1576 judicio
930 1495 1105 1576 juratorum
1131 1515 1196 1557 non
1226 1510 1393 1559 contentus

141 1603 307 1683 appellavit
331 1603 371 1664 ad
395 1603 537 1664 seniores
561 1603 690 1684 judices.

236 1709 317 1771 ltem
341 1729 468 1770 causam
494 1710 575 1770 inter
599 1710 796 1792 Zaylconem,
815 1709 945 1791 Petrycz
970 1723 1000 1768 et
1026 1707 1204 1790 Georgium
1231 1709 1393 1772 carnifices

139 1829 167 1875 et
189 1831 368 1878 consortem
404 1817 488 1878 Luce
520 1816 637 1877 sutoris
668 1817 796 1877 racione
830 1816 930 1876 debiti
956 1815 1068 1896 viginti
1101 1816 1196 1877 unius
1220 1815 1288 1878 flor.
1314 1819 1392 1896 auri,

140 1940 213 2001 quos
238 1921 296 2004 ipsi
323 1921 481 1984 dederunt
498 1921 583 1984 Luce
608 1922 708 1983 sutori
734 1922 773 1982 ad
792 1921 917 1982 literam
934 1941 1029 2003 super
1055 1921 1152 1982 domo
1170 1942 1225 1984 sua
1250 1922 1282 1984 in
1308 1923 1391 1984 dicta

141 2027 258 2088 civitate
283 2028 456 2105 existente;
482 2041 513 2090 et
536 2047 631 2108 super
656 2027 716 2088 hoc
740 2027 958 2108 adjudicatum
977 2041 1023 2088 est
1047 2028 1166 2088 eisdem
1192 2049 1248 2110 per
1271 2029 1391 2109 juratos

138 2131 345 2212 juramentum
370 2149 512 2215 prestare
536 2134 569 2194 in
594 2153 647 2195 ara
671 2149 778 2195 sancte
804 2135 917 2196 Crucis
942 2133 1019 2195 feria
1044 2147 1130 2196 sexta
1155 2135 1299 2216 proxime
1316 2155 1391 2196 ven·

138 2255 210 2318 tura,
234 2255 264 2302 et
289 2241 368 2302 dum
392 2240 554 2322 jurabunt,
579 2255 694 2303 extunc
712 2241 844 2301 liberam
863 2240 1027 2302 habebunt
1054 2239 1236 2303 facultatem
1255 2240 1390 2302 eandem

139 2346 264 2408 domum
290 2367 382 2408 suam
406 2347 578 2409 vendendi.

235 2454 313 2516 ltem
339 2474 466 2516 causam
490 2455 572 2516 inter
597 2453 752 2516 Mathiam
780 2473 976 2536 occuparem,
1001 2454 1131 2516 Matheo
1156 2455 1334 2517 institorem
1359 2471 1390 2519 et

139 2557 307 2642 Georgium
325 2561 488 2623 medicum
505 2562 634 2623 racione
652 2561 750 2623 debiti
767 2561 862 2622 trium
884 2559 953 2624 flor.
971 2561 1050 2640 auri,
1076 2580 1141 2642 quo
1167 2561 1233 2643 ipse
1251 2562 1389 2623 condam

139 2664 207 2728 Pere
238 2667 343 2747 jurato
376 2669 554 2746 tenebatur,
578 2667 673 2748 jurati
704 2667 978 2748 adjudicaverunt,
1011 2667 1098 2748 quod
1123 2668 1190 2750 ipse
1223 2668 1383 2750 Georgius

138 2772 273 2834 medicus
296 2786 423 2836 tenetur
439 2774 563 2836 solvere
587 2774 664 2856 ipsis
689 2772 809 2835 Mathie
828 2787 858 2834 et
879 2771 1009 2834 Matheo
1027 2773 1250 2835 executoribus
1273 2772 1388 2856 prefati

137 2877 264 2940 condam
283 2879 364 2941 Pero
387 2899 488 2961 usque
506 2879 749 2962 quindecimum
774 2877 860 2940 diem
878 2880 1052 2957 exsolvere,
1070 2892 1100 2940 et
1117 2879 1193 2940 dum
1218 2879 1389 2962 persolvet,

136 2996 243 3045 extunc
266 2999 479 3067 prosequetur
503 3000 612 3048 contra
637 2986 769 3048 eosdem
794 2986 882 3067 quod
900 2983 1072 3048 medicavit
1095 2985 1234 3048 eundern
1259 2987 1388 3048 Petrum

135 3105 222 3171 prout
245 3093 428 3156 continetur
452 3093 485 3154 in
508 3105 710 3156 testamento.

232 3197 310 3260 ltem
336 3219 464 3261 causam
489 3201 572 3262 inter
596 3199 800 3261 Lodouicum
832 3211 863 3259 et
888 3197 1090 3261 Clementem
1123 3198 1316 3282 freniparem
1340 3199 1387 3282 ju-

135 3303 188 3364 rati
212 3303 488 3386 adjudicaverunt,
512 3307 588 3388 quia
621 3307 688 3388 ipse
713 3305 865 3368 Clemens
890 3303 1029 3387 frenipar
1052 3305 1156 3387 ipsum
1182 3305 1384 3368 Lodouicum

136 3409 320 3472 modernum
345 3411 484 3492 juratum
516 3433 623 3474 coram
656 3412 761 3493 judice
793 3411 987 3492 vituperavit
1010 3425 1041 3472 et
1073 3410 1176 3473 furem
1200 3413 1384 3494 appellavit,

133 3529 161 3575 et
182 3518 255 3597 quia
279 3518 347 3600 ipse
370 3518 523 3580 Clemens
540 3519 643 3601 ipsum
670 3517 789 3580 furtum
813 3518 963 3579 videlicet
980 3517 1195 3599 quorumdam
1220 3517 1384 3580 doliorum

135 3637 235 3684 contra
268 3624 374 3706 ipsum
407 3625 610 3687 Ludouicum
644 3626 853 3707 comprobare
886 3644 951 3685 non
983 3624 1106 3705 potuit,
1142 3638 1188 3684 est
1221 3625 1385 3686 convictus

134 3743 236 3792 contra
260 3733 366 3813 ipsum
391 3731 594 3794 Lodouicum
627 3733 658 3793 in
691 3728 835 3814 dupplici
867 3731 1030 3812 homagio,
1055 3731 1130 3812 quia
1155 3730 1293 3812 juratum
1318 3750 1386 3792 mo-

134 3832 262 3897 dernum
287 3837 481 3919 vituperavit
504 3851 535 3899 et
558 3836 661 3900 furem
685 3837 868 3920 appellavit.

230 3944 308 4005 ltem
341 3964 469 4006 causam
501 3945 583 4006 inter
616 3946 789 4007 Martinum
822 3944 961 4026 judicem
998 3957 1028 4005 et
1061 3943 1271 4004 Benedictum
1303 3944 1384 4006 auri·

133 4045 251 4111 labrum
276 4051 405 4112 racione
430 4051 632 4134 depascionis
664 4053 756 4112 vinee
789 4051 888 4133 ipsius
913 4050 1042 4112 Martini
1068 4049 1192 4130 judicis,
1217 4049 1310 4132 jurati
1341 4051 1385 4112 sic

133 4155 401 4237 adjudicaverunt,
426 4159 514 4240 quod
537 4159 603 4242 ipse
627 4161 721 4220 ambe
745 4173 851 4241 partes
868 4157 1027 4218 adducere
1045 4157 1164 4217 debent
1188 4158 1385 4218 estimatores

132 4260 256 4344 dampni
281 4263 427 4346 predicti,
453 4279 483 4327 et
507 4267 532 4326 si
556 4265 616 4348 ipsi
635 4265 833 4326 estimatores
854 4265 886 4324 in
905 4263 987 4326 lacto
1011 4263 1228 4325 estimacionis
1252 4265 1384 4346 dampni

132 4369 257 4446 predicti
291 4372 485 4433 concordare
517 4391 581 4433 non
614 4386 782 4454 poterunt,
815 4386 930 4433 extunc
961 4370 1136 4452 predictam
1170 4389 1296 4430 causam
1329 4391 1385 4452 per

132 4474 205 4536 alios
228 4478 428 4539 estimatores
451 4478 517 4560 ipse
541 4493 646 4560 partes
670 4479 816 4540 estimare
840 4491 1000 4560 poterunt.

230 4583 308 4644 ltem
332 4603 460 4646 causam
485 4584 567 4646 inter
592 4585 793 4646 Clementem
825 4582 1017 4666 freniparem
1051 4599 1080 4645 et
1105 4585 1276 4646 Nicolaum
1300 4585 1383 4646 auri-

132 4685 249 4750 fabrum
275 4689 401 4751 racione
435 4692 651 4771 quorumdam
684 4691 857 4769 doliorum,
890 4691 977 4771 quod
1009 4691 1076 4773 ipse
1105 4691 1257 4752 Nicolaus
1280 4691 1383 4771 jurare

132 4795 284 4857 tenebitur
307 4796 347 4858 ad
377 4815 490 4858 manus
522 4798 617 4858 unius
648 4795 752 4877 jurati,
777 4796 865 4878 quod
898 4798 964 4879 ipsa
990 4798 1076 4859 dolia
1101 4819 1158 4859 sua
1189 4813 1272 4877 sunt,
1297 4813 1327 4859 et
1357 4801 1382 4860 si

133 4921 191 4962 non
215 4901 341 4982 jurabit,
366 4917 481 4964 extunc
513 4904 580 4986 ipse
605 4904 757 4965 Clemens
788 4905 988 4966 voluntarius
1019 4906 1077 4966 erit
1106 4907 1245 4988 recipere
1270 4907 1381 4967 eadem

132 5007 211 5070 dolia
234 5029 293 5090 pro
317 5029 349 5070 se
375 5010 455 5092 ipso,
480 5011 574 5092 jurati
598 5011 870 5090 adjudicaverunt.
