3818 5786
261 715 358 798 ipsius
387 713 529 798 prelatus
559 728 649 798 pater
679 714 823 796 ipsorum
861 711 951 774 Pauli
984 726 1015 775 et
1050 712 1179 776 Thome
1212 716 1317 778 colere
1350 731 1380 778 et
1412 717 1523 780 vinum

260 841 378 883 novum
403 841 460 884 seu
485 836 627 884 mustum
645 819 721 882 anni
745 818 902 902 presentis
925 817 1032 881 eidem
1050 818 1115 882 filie
1140 821 1240 903 ipsius
1258 821 1355 884 Lueie
1380 823 1525 887 mulieris

261 928 290 990 in
314 927 574 990 vindemiacione
598 944 734 990 uvarum
758 925 834 987 anni
851 925 1007 1008 presentis
1032 924 1108 988 dare
1125 927 1248 1008 debuit,
1273 929 1333 1010 ipsi
1358 928 1423 992 filie
1441 931 1523 993 eius·

262 1034 333 1096 dem
357 1034 458 1097 Lucie
482 1033 627 1096 mulieris
642 1033 718 1096 dare
736 1031 918 1109 debebunt;
943 1031 1083 1114 ideoque
1101 1053 1160 1095 nos
1184 1034 1284 1098 dictas
1307 1037 1525 1118 possessiones

260 1155 290 1204 et
316 1157 440 1222 segetes
472 1161 508 1203 ac
539 1141 747 1204 medietatem
779 1139 922 1222 ipsorum
959 1139 1158 1220 utensilium,
1189 1143 1461 1225 suppellectilium
1494 1159 1524 1207 et

261 1248 483 1311 clenodiorum
507 1248 628 1311 eisdem
654 1247 756 1310 Paulo
780 1259 811 1308 et
835 1244 965 1308 Thome
990 1259 1021 1310 et
1041 1245 1191 1310 iratribus
1214 1267 1327 1312 eorum
1352 1253 1522 1314 statuimus

260 1367 290 1416 et
311 1353 572 1417 confirmavimus
589 1368 745 1438 perpetuo
762 1351 974 1436 possidendas
990 1365 1022 1416 et
1035 1353 1344 1438 quomodocumque
1361 1357 1522 1420 voluerint

261 1462 487 1544 disponendas,
512 1461 691 1544 predictam
715 1473 822 1522 autem
847 1461 975 1522 vineam
999 1461 1099 1544 ipsius
1126 1460 1192 1524 filie
1223 1463 1306 1525 dicte
1331 1464 1430 1526 Lucie
1453 1484 1523 1526 mu·

260 1568 345 1630 lieris
367 1568 488 1630 eisdem
514 1568 616 1630 Paulo
640 1579 672 1630 et
696 1565 825 1629 Thome
849 1565 1105 1650 adjudicavimus
1133 1570 1303 1633 colendam
1326 1585 1358 1634 et
1382 1585 1523 1634 mustum

262 1673 381 1736 eisdem
413 1672 505 1739 vinee
536 1673 642 1736 eidem
675 1673 739 1735 lilie
764 1673 864 1756 ipsius
895 1673 994 1736 Lucie
1026 1674 1170 1738 mulieris
1201 1695 1286 1738 anno
1316 1678 1349 1739 in
1382 1677 1519 1760 presenti

258 1779 400 1843 dandum
426 1793 458 1843 et
480 1781 719 1863 assignandum.

361 1887 440 1951 ltem
467 1889 541 1950 licet
564 1887 715 1970 predictis
731 1885 805 1949 liliis
825 1886 925 1969 ipsius
948 1886 1077 1951 Andree
1094 1889 1256 1973 Zaykonis
1272 1890 1311 1952 sit
1335 1889 1395 1954 hoc
1420 1890 1520 1954 modo

258 1995 413 2078 premisso
437 1995 668 2079 adjudicatum,
685 2008 721 2056 ut
744 1993 803 2076 ipsi
826 1993 954 2055 vineam
971 1993 1148 2076 predictam
1173 1996 1274 2078 ipsius
1297 1995 1362 2060 filie
1379 1997 1520 2080 predicte

258 2102 356 2166 Lucie
380 2102 525 2164 mulieris
549 2102 581 2164 in
613 2101 773 2163 territorio
806 2099 944 2162 civitatis
967 2100 1109 2182 predicte
1139 2100 1292 2182 habitam,
1317 2103 1350 2164 in
1383 2104 1521 2186 presenti

259 2228 344 2272 anno
369 2209 475 2271 colere
500 2223 531 2271 et
553 2209 665 2270 vinum
682 2227 803 2270 novum
828 2205 973 2269 eiusdem
994 2207 1088 2268 vinee
1112 2208 1145 2269 in
1170 2207 1426 2272 vindemiacione
1445 2230 1521 2272 uva·

257 2333 329 2378 rum
354 2316 429 2378 anni
454 2315 609 2398 presentis
633 2314 739 2378 eidem
764 2313 829 2376 filie
854 2313 954 2396 ipsius
980 2315 1078 2376 Lucie
1102 2314 1246 2377 mulieris
1270 2315 1344 2378 dare
1369 2329 1401 2379 et
1423 2317 1520 2397 assig-

259 2441 334 2484 nare
353 2422 548 2502 debuissent,
572 2442 608 2484 ac
632 2435 740 2484 tamen
765 2421 840 2502 quia
869 2417 1011 2503 prefatus
1035 2420 1182 2504 Mathyas
1205 2420 1325 2501 juratus
1350 2441 1423 2483 cum
1447 2441 1519 2504 pre·

258 2528 349 2590 dictis
372 2527 448 2590 filiis
471 2529 571 2612 ipsius
595 2529 723 2590 Andree
748 2529 910 2611 Zaykonis
933 2527 978 2589 sic
1003 2527 1249 2601 concordarunt,
1274 2527 1362 2609 quod
1386 2527 1520 2610 predicti

259 2631 310 2696 filii
337 2633 439 2716 ipsius
462 2635 591 2698 Andree
626 2634 787 2718 Zaykonis
811 2633 921 2696 omnia
954 2633 1102 2695 utensilia
1132 2646 1163 2696 et
1185 2634 1418 2717 suppellectilia
1450 2653 1520 2716 pre-

259 2739 338 2803 dicte
364 2741 482 2804 domus
515 2741 614 2824 ipsius
646 2741 784 2803 condam
817 2739 973 2802 Anthonii
999 2738 1155 2802 carnificis
1187 2753 1218 2803 et
1241 2740 1340 2802 Lucie
1364 2759 1421 2802 sue
1444 2758 1519 2802 con·

260 2847 349 2909 sortis
372 2846 506 2930 prefate,
532 2847 595 2909 filie
618 2847 717 2930 ipsius
745 2847 844 2909 Lucie
876 2845 1022 2909 mulieris
1052 2846 1234 2909 relaxarunt
1258 2861 1288 2910 et
1319 2845 1520 2926 dimiserunt,

259 2952 319 3034 ipse
343 2973 423 3015 vero
448 2953 595 3037 Mathyas
618 2953 740 3036 juratus
764 2953 796 3014 in
820 2972 957 3035 persona
987 2951 1129 3035 predicte
1162 2951 1227 3016 filie
1251 2953 1396 3016 eiusdem
1421 2951 1519 3014 Lucie

258 3058 400 3122 mulieris
423 3060 600 3143 predictam
626 3059 784 3122 culturam
808 3058 891 3122 dicte
909 3058 1001 3121 vinee
1030 3058 1183 3122 relaxavit
1207 3071 1238 3122 et
1262 3078 1317 3122 eos
1341 3059 1381 3121 ab
1406 3058 1518 3120 eadem

261 3165 377 3230 cultura
404 3167 548 3229 eiusdem
572 3167 667 3229 vinee
690 3165 825 3229 omnino
850 3165 1007 3228 liberavit.

348 3383 445 3461 lerla
474 3394 571 3460 sexta
600 3389 755 3478 proxima
784 3395 861 3477 post
888 3387 1013 3460 festum
1040 3384 1257 3460 hscenrionis
1284 3386 1425 3459 Domini.

798 3541 842 3618 (4-
859 3542 966 3618 suno·

363 3681 441 3744 ltem
466 3680 648 3764 Stephanus
671 3695 760 3744 sutor
783 3701 881 3764 gener
906 3681 1072 3746 Chernecz
1093 3694 1202 3745 contra
1227 3679 1321 3766 Gyan
1345 3681 1517 3766 pellificem

256 3789 397 3851 secundo
421 3790 534 3852 citatus
557 3808 624 3851 non
651 3789 840 3872 comparuit.

363 3895 438 3958 ltem
463 3897 575 3958 Petrus
598 3895 682 3958 lilius
708 3893 875 3958 Laurencii
900 3895 940 3957 de
964 3895 1120 3978 superiori
1138 3895 1299 3958 Ternawa
1324 3895 1355 3958 in
1381 3915 1517 3978 persona

256 4006 430 4084 Anastasye
446 4000 511 4064 filie
529 4002 666 4064 condam
691 4001 823 4083 Georgii
845 4001 1022 4080 monoculi,
1048 3999 1152 4063 fratris
1169 4001 1298 4064 Martini
1316 4001 1440 4084 judicis,
1466 4022 1514 4064 ra·

255 4107 347 4170 cione
375 4107 555 4190 juramenti,
579 4107 668 4190 quod
700 4107 832 4170 domine
858 4107 958 4169 Elene
990 4107 1099 4169 relicte
1123 4108 1261 4170 condam
1293 4107 1423 4190 Mathye
1449 4121 1515 4169 tex-

253 4213 332 4276 toris
355 4211 458 4275 iratris
481 4213 629 4276 similiter
645 4213 746 4297 ipsius
767 4213 895 4275 Martini
920 4213 1037 4294 judicis
1053 4213 1156 4296 pridie
1173 4233 1229 4295 per
1246 4213 1365 4296 juratos
1389 4213 1514 4295 adjudi-

254 4331 361 4382 catum
390 4317 460 4399 luit,
483 4320 589 4382 taliter
622 4319 839 4398 concordavit,
872 4319 960 4401 quod
993 4319 1061 4402 ipse
1092 4319 1204 4382 Petrus
1227 4319 1406 4402 predictum
1432 4321 1515 4402 jura·

254 4441 400 4488 mentum
424 4425 544 4509 prefate
569 4426 701 4489 domine
733 4427 896 4506 relaxavit,
929 4427 1062 4509 ipsaque
1094 4427 1227 4488 domina
1252 4427 1395 4508 predicto
1420 4427 1514 4489 Petro

253 4552 311 4595 seu
335 4533 396 4616 ipsi
420 4534 587 4596 Anastasie
610 4554 711 4596 unum
744 4533 903 4596 florenum
935 4534 1003 4595 auri
1028 4533 1079 4596 vel
1103 4549 1232 4596 monete
1264 4553 1366 4616 usque
1397 4534 1513 4597 festum

252 4641 353 4701 sancti
372 4639 539 4702 Michaelis
551 4639 733 4722 archangeli
752 4659 837 4702 nunc
854 4640 999 4722 proxime
1016 4640 1189 4702 affuturum
1208 4642 1390 4723 persolvere
1407 4641 1513 4705 debet.

357 4746 438 4808 ltem
461 4745 538 4828 quia
563 4745 743 4829 Stephanus
774 4746 895 4828 juratus
927 4761 1035 4810 noster
1066 4747 1240 4809 modernus
1264 4747 1348 4809 filius
1373 4747 1513 4828 Thorne,

253 4853 284 4914 id
307 4873 382 4916 cum
406 4851 577 4916 sufficienti
601 4868 633 4917 et
656 4851 821 4935 fidedigno
846 4868 1028 4916 nostrorum
1061 4854 1243 4916 concivium
1268 4854 1455 4916 testimonio
1480 4854 1513 4915 in

252 4959 325 5022 sede
349 4973 460 5022 nostra
483 4959 648 5042 judiciaria
674 4959 756 5022 clare
774 4961 997 5043 comprobavit
1017 4979 1125 5023 coram
1150 4961 1254 5041 nobis,
1279 4975 1312 5022 ut
1337 4961 1413 5023 dum
1439 4979 1512 5043 pro·
