3644 5788
523 595 609 652 Anno
628 593 719 673 1461.
744 630 788 640 -
811 611 842 674 4.
866 597 1040 672 septembris.
1355 617 1417 680 209

160 805 279 868 racione
303 807 541 868 verberationis
565 821 596 868 et
627 807 792 889 sanguinis
828 806 993 868 effusionis
1024 806 1291 888 adjudicaverunt
1322 807 1417 888 jurati

159 911 265 992 taliter,
290 913 379 994 quod
402 911 522 995 prelata
556 913 687 996 Jelycza
721 913 826 994 jurare
860 914 1021 976 tenebitur
1045 911 1121 975 feria
1154 927 1240 976 sexta
1272 916 1419 997 proxime

160 1033 284 1080 ventura
316 1019 525 1081 secundamet
549 1020 580 1081 in
615 1040 668 1081 ara
700 1033 807 1082 sancte
840 1019 965 1097 Crucis,
990 1019 1079 1100 quod
1112 1018 1225 1102 prelati
1251 1021 1355 1083 Fratre
1388 1035 1419 1082 et

162 1123 268 1186 Gallus
292 1124 377 1186 filius
401 1126 544 1188 eiusdem
571 1127 708 1188 eandem
734 1126 773 1187 ad
791 1127 956 1207 sanguinis
980 1126 1170 1188 effusionem
1187 1129 1417 1190 verberassent.

183 1269 187 1276 ·
257 1231 334 1293 ltem
368 1233 507 1294 Martino
537 1231 741 1314 Mrawkoych
774 1233 860 1294 dicto
884 1233 976 1312 jurati
1008 1232 1284 1312 adjudicaverunt,
1327 1233 1414 1314 quod

162 1336 217 1418 ipse
243 1337 276 1398 in
294 1339 516 1400 subtraccione
541 1339 615 1420 equi
634 1358 690 1420 per
714 1339 809 1400 lanae
827 1339 877 1400 cui
895 1339 1031 1400 abscisse
1056 1355 1129 1400 sunt
1146 1359 1237 1402 aures
1261 1339 1416 1402 aolusmet

162 1441 228 1504 laria
262 1457 349 1506 sexta
381 1445 526 1525 proxime
558 1457 691 1506 ventura
725 1445 756 1505 in
793 1464 846 1506 ara
879 1459 986 1506 sancte
1012 1443 1125 1506 Crucis
1156 1444 1260 1526 jurare
1292 1459 1418 1508 tenetur

53 1559 55 1566 ’
162 1549 238 1628 quod
263 1549 295 1610 in
320 1549 411 1610 nullo
436 1563 466 1611 et
491 1551 522 1610 in
548 1551 677 1612 modico
701 1551 759 1612 sibi
785 1565 944 1612 constaret
968 1551 1006 1611 de
1031 1549 1115 1613 furto
1141 1551 1216 1613 dicti
1241 1551 1326 1633 equi.

261 1655 339 1716 ltem
365 1655 425 1717 fuir
449 1657 682 1738 proclamatum
703 1657 798 1718 tercia
823 1658 892 1719 vice
910 1677 965 1738 per
989 1675 1145 1739 precones
1169 1657 1307 1719 civitatis
1324 1677 1418 1739 super

163 1760 253 1822 domo
279 1763 375 1824 unius
401 1777 512 1844 quarte
537 1764 624 1826 curie
649 1764 681 1824 in
702 1765 857 1826 suburbio
874 1764 1022 1841 civitatis,
1047 1776 1078 1825 et
1094 1764 1170 1844 quia
1196 1763 1303 1826 literas
1320 1783 1417 1846 super

163 1869 266 1930 eadem
293 1869 391 1930 domo
418 1870 554 1932 Mathias
585 1869 804 1952 Scrobothych
838 1870 951 1948 dictus,
984 1869 1024 1930 ad
1049 1869 1162 1930 scitum
1195 1870 1336 1951 plurium
1362 1889 1419 1931 no-

163 1988 292 2037 strorum
318 1977 500 2038 concivium
521 1976 677 2038 amisisset
701 1991 732 2038 et
749 1976 857 2037 nullus
881 1976 1010 2038 easdem
1028 1975 1177 2038 exhibere
1202 1977 1317 2057 potuit,
1342 1977 1416 2038 ideo

165 2100 216 2141 nos
239 2082 348 2143 literas
379 2103 479 2144 novas
503 2103 597 2164 super
630 2083 742 2144 eadem
776 2082 875 2144 domo
907 2083 1012 2144 eidem
1047 2081 1167 2144 Mathie
1201 2082 1419 2164 Scrobothycz

164 2187 230 2248 dare
263 2189 485 2250 commisimus
517 2209 552 2249 ac
592 2189 728 2250 eandem
761 2189 930 2250 statuimus
962 2209 1018 2270 per
1051 2189 1191 2250 eundem
1223 2190 1254 2250 in
1287 2187 1419 2249 heredes

165 2295 298 2357 eiusdem
334 2295 419 2376 juxta
452 2295 677 2357 condicionem
712 2296 848 2358 civitatis
879 2309 1045 2378 prenotate
1077 2297 1117 2357 ab
1146 2297 1279 2378 antiquo
1304 2315 1418 2378 appro-

164 2401 273 2480 batam,
296 2402 471 2463 tenendam
495 2415 526 2463 et
549 2401 742 2464 habendam.

165 2635 252 2710 lesia
280 2649 378 2712 sexta
406 2644 560 2730 proxima
590 2649 668 2712 ante
700 2641 823 2712 testum
862 2640 1062 2712 Natiuitatis
1090 2643 1234 2730 virginis
1263 2639 1417 2730 gloriose.

657 2795 704 2872 (4.
728 2794 913 2868 septembris).

263 2935 340 2997 ltem
366 2954 494 2996 causam
520 2936 601 2996 inter
625 2934 783 3016 Agatham
808 2947 839 2996 et
856 2933 995 2996 Grexam
1021 2932 1228 3014 lutiligulum,
1247 2933 1352 2996 Grexa
1370 2953 1417 2994 re-

165 3041 240 3122 cepit
263 3042 303 3103 ad
327 3042 468 3124 primurn
493 3041 660 3122 judicium.

262 3149 338 3210 ltem
364 3148 510 3210 Thomas
535 3149 690 3232 Malynyn
707 3148 851 3210 secundo
869 3149 982 3210 citatus
1006 3159 1116 3209 contra
1140 3147 1348 3208 Valentinum
1367 3167 1417 3208 su·

165 3268 261 3318 torem
286 3258 324 3317 ad
350 3255 507 3337 judicium
532 3275 598 3317 non
623 3256 719 3317 venit.

264 3362 340 3424 Item
366 3363 522 3425 Nicolaus
545 3376 633 3423 sutor
666 3375 776 3424 contra
802 3361 956 3422 Mathiam
988 3373 1129 3422 sutorem
1161 3359 1351 3420 secundario
1376 3359 1417 3420 ci-

167 3481 244 3530 tatus
269 3471 299 3530 in
324 3470 444 3551 judicio
469 3487 534 3530 non
559 3469 749 3550 comparuit.

265 3576 339 3638 ltem
364 3575 543 3658 Gregorius
567 3576 724 3658 Bwrdych
749 3575 898 3637 terciario
916 3587 1025 3636 contra
1044 3573 1221 3654 Georgium
1247 3569 1418 3654 pellificem

165 3680 272 3742 citatus
296 3703 359 3744 non
386 3683 576 3763 comparuit.

266 3789 341 3851 ltem
366 3791 491 3850 Marcus
524 3788 663 3851 carnifex
697 3801 806 3850 contra
833 3786 1010 3867 Georgium
1043 3785 1215 3868 pellificem
1240 3785 1345 3868 primo
1377 3784 1418 3846 ci-

164 3907 243 3955 tatus
266 3915 328 3956 non
354 3895 543 3976 comparuit.

266 4000 341 4062 ltem
356 4001 513 4063 Martinus
530 4001 762 4084 Dwymowych
780 4016 890 4064 contra
908 4001 1088 4063 Fabianum
1106 4013 1245 4060 sutorem
1266 3997 1296 4057 in
1316 3995 1420 4078 primo

166 4105 280 4182 judicio
303 4127 488 4189 comparere
513 4122 543 4170 et
568 4109 607 4168 ad
633 4109 757 4190 objecta
782 4109 925 4170 eiusdem
952 4107 1146 4189 respondere
1171 4105 1341 4166 tenebitur.

267 4212 341 4275 ltem
361 4214 499 4276 Mathias
516 4217 720 4297 pancerarius
737 4217 864 4277 racione
884 4213 1121 4276 verberacionis
1138 4226 1168 4272 et
1185 4209 1421 4272 vulneracionis

167 4317 292 4398 Georgii
318 4321 429 4382 famuli
447 4321 595 4402 plathnar
620 4321 710 4404 jurati
730 4322 1006 4402 adjudicaverunt,
1024 4320 1111 4402 quod
1126 4317 1266 4401 prelatus
1284 4317 1420 4377 Mathias

166 4427 363 4504 pancerarius
389 4428 515 4489 medico
529 4427 700 4490 satisfaciet
725 4443 755 4490 et
772 4429 831 4510 ipsi
858 4428 1001 4508 Georgio
1027 4427 1057 4487 in
1077 4424 1248 4486 duodecim
1268 4437 1298 4484 et
1315 4423 1420 4482 media

167 4533 270 4611 pensis
292 4533 497 4596 denariorum
529 4535 764 4596 wiennensium
797 4555 832 4596 ac
866 4535 960 4596 nobis
984 4549 1014 4596 et
1046 4530 1268 4594 communitati
1294 4548 1352 4610 pro
1378 4527 1421 4587 l-

167 4637 252 4698 mulo
277 4654 403 4701 centum
428 4641 579 4702 denariis.

269 4745 343 4808 ltem
369 4746 463 4828 jurati
488 4747 754 4828 adjudicaverunt
779 4749 809 4810 in
836 4747 919 4809 lacto
942 4745 1158 4808 ammissionis
1182 4743 1256 4826 palii
1284 4741 1420 4802 Emerici

169 4850 318 4933 Kuclryan
354 4854 490 4916 valentis
524 4854 605 4915 duos
641 4855 709 4916 flor.
742 4856 809 4915 auri
845 4869 875 4915 et
908 4855 974 4935 ipse
1006 4852 1178 4934 suspicium
1213 4849 1351 4911 habebat
1383 4847 1421 4907 ad

169 4956 301 5017 Paulum
324 4959 517 5043 iagychych,
544 4961 706 5022 Thomam
734 4960 931 5043 Strozlaoych
957 4975 988 5020 et
1009 4958 1216 5019 Dominicum
1241 4955 1421 5018 carnificem

169 5065 201 5127 in
222 5064 291 5124 eius
313 5067 498 5148 receptione
517 5067 548 5127 in
574 5087 623 5146 eo,
652 5067 739 5148 quod
766 5067 824 5149 ipsi
843 5067 979 5148 quilibet
996 5066 1139 5148 ipsorum
1158 5063 1327 5124 terciomet
1344 5060 1421 5121 feria

1322 5170 1359 5230 ¹4
