<?xml version="1.0" encoding="UTF-8"?>
<!DOCTYPE html PUBLIC "-//W3C//DTD XHTML 1.0 Transitional//EN"
    "http://www.w3.org/TR/xhtml1/DTD/xhtml1-transitional.dtd">
<html xmlns="http://www.w3.org/1999/xhtml" xml:lang="en" lang="en">
 <head>
  <title>
</title>
<meta http-equiv="Content-Type" content="text/html;charset=utf-8" />
  <meta name='ocr-system' content='tesseract 3.04.00' />
  <meta name='ocr-capabilities' content='ocr_page ocr_carea ocr_par ocr_line ocrx_word'/>
</head>
<body>
  <div class='ocr_page' id='page_1' title='image "./monumentahistor13laszgoog_0159.png"; bbox 0 0 3738 5786; ppageno 0'>
   <div class='ocr_carea' id='block_1_1' title="bbox 652 569 1535 652">
    <p class='ocr_par' dir='ltr' id='par_1_1' title="bbox 652 569 1535 652">
     <span class='ocr_line' id='line_1_1' title="bbox 652 569 1535 652; baseline 0.005 -26"><span class='ocrx_word' id='word_1_1' title='bbox 652 569 738 626; x_wconf 82' lang='lat' dir='ltr'>Anno</span> <span class='ocrx_word' id='word_1_2' title='bbox 760 579 850 646; x_wconf 78' lang='lat'><em>1455.</em></span> <span class='ocrx_word' id='word_1_3' title='bbox 876 603 916 612; x_wconf 86' lang='lat'><em>-</em></span> <span class='ocrx_word' id='word_1_4' title='bbox 940 579 968 645; x_wconf 92' lang='lat'>7.</span> <span class='ocrx_word' id='word_1_5' title='bbox 993 569 1161 629; x_wconf 72' lang='lat' dir='ltr'><em>novembris.</em></span> <span class='ocrx_word' id='word_1_6' title='bbox 1494 589 1535 652; x_wconf 85' lang='lat'>99</span> 
     </span>
    </p>
   </div>
   <div class='ocr_carea' id='block_1_2' title="bbox 354 785 1441 1020">
    <p class='ocr_par' dir='ltr' id='par_1_2' title="bbox 354 785 1441 1020">
     <span class='ocr_line' id='line_1_2' title="bbox 354 785 1441 879; baseline 0.002 -19"><span class='ocrx_word' id='word_1_7' title='bbox 354 785 455 860; x_wconf 81' lang='lat' dir='ltr'>lenia</span> <span class='ocrx_word' id='word_1_8' title='bbox 483 796 582 861; x_wconf 86' lang='lat' dir='ltr'>sexta</span> <span class='ocrx_word' id='word_1_9' title='bbox 610 791 766 878; x_wconf 84' lang='lat' dir='ltr'>proxima</span> <span class='ocrx_word' id='word_1_10' title='bbox 794 797 871 879; x_wconf 86' lang='lat' dir='ltr'>post</span> <span class='ocrx_word' id='word_1_11' title='bbox 898 790 1021 863; x_wconf 91' lang='lat' dir='ltr'>lestum</span> <span class='ocrx_word' id='word_1_12' title='bbox 1050 789 1202 862; x_wconf 85' lang='lat' dir='ltr'><strong>Omnium</strong></span> <span class='ocrx_word' id='word_1_13' title='bbox 1232 801 1441 862; x_wconf 87' lang='lat' dir='ltr'>sanctorum.</span> 
     </span>
     <span class='ocr_line' id='line_1_3' title="bbox 781 943 1027 1020; baseline 0.008 -19"><span class='ocrx_word' id='word_1_14' title='bbox 781 945 823 1020; x_wconf 89' lang='lat'>(7.</span> <span class='ocrx_word' id='word_1_15' title='bbox 847 943 1027 1020; x_wconf 74' lang='lat' dir='ltr'>novmbris).</span> 
     </span>
    </p>
   </div>
   <div class='ocr_carea' id='block_1_3' title="bbox 265 1080 1538 4995">
    <p class='ocr_par' dir='ltr' id='par_1_3' title="bbox 269 1080 1535 1272">
     <span class='ocr_line' id='line_1_4' title="bbox 375 1080 1535 1146; baseline -0.001 -1"><span class='ocrx_word' id='word_1_16' title='bbox 375 1083 455 1146; x_wconf 89' lang='lat' dir='ltr'>Item</span> <span class='ocrx_word' id='word_1_17' title='bbox 479 1083 598 1144; x_wconf 86' lang='lat' dir='ltr'>Paulus</span> <span class='ocrx_word' id='word_1_18' title='bbox 623 1080 784 1144; x_wconf 73' lang='lat' dir='ltr'>aurifaber</span> <span class='ocrx_word' id='word_1_19' title='bbox 814 1083 912 1146; x_wconf 91' lang='lat' dir='ltr'>hodie</span> <span class='ocrx_word' id='word_1_20' title='bbox 943 1095 1054 1144; x_wconf 90' lang='lat' dir='ltr'>contra</span> <span class='ocrx_word' id='word_1_21' title='bbox 1081 1083 1225 1144; x_wconf 88' lang='lat' dir='ltr'>Marcum</span> <span class='ocrx_word' id='word_1_22' title='bbox 1250 1081 1289 1143; x_wconf 90' lang='lat' dir='ltr'>de</span> <span class='ocrx_word' id='word_1_23' title='bbox 1315 1080 1435 1144; x_wconf 89' lang='lat' dir='ltr'>Chawa</span> <span class='ocrx_word' id='word_1_24' title='bbox 1470 1101 1535 1144; x_wconf 88' lang='lat' dir='ltr'>nou</span> 
     </span>
     <span class='ocr_line' id='line_1_5' title="bbox 269 1190 459 1272; baseline 0 -20"><span class='ocrx_word' id='word_1_25' title='bbox 269 1190 459 1272; x_wconf 79' lang='lat' dir='ltr'>comparuit.</span> 
     </span>
    </p>

    <p class='ocr_par' dir='ltr' id='par_1_4' title="bbox 266 1294 1536 1804">
     <span class='ocr_line' id='line_1_6' title="bbox 375 1294 1536 1378; baseline 0 -20"><span class='ocrx_word' id='word_1_26' title='bbox 375 1298 452 1358; x_wconf 86' lang='lat' dir='ltr'>Item</span> <span class='ocrx_word' id='word_1_27' title='bbox 487 1296 581 1378; x_wconf 89' lang='lat' dir='ltr'>jurati</span> <span class='ocrx_word' id='word_1_28' title='bbox 611 1295 837 1377; x_wconf 85' lang='lat' dir='ltr'>adjudicarunt</span> <span class='ocrx_word' id='word_1_29' title='bbox 868 1317 996 1359; x_wconf 87' lang='lat' dir='ltr'>causam</span> <span class='ocrx_word' id='word_1_30' title='bbox 1034 1298 1066 1358; x_wconf 92' lang='lat' dir='ltr'>in</span> <span class='ocrx_word' id='word_1_31' title='bbox 1099 1296 1182 1359; x_wconf 90' lang='lat' dir='ltr'>lacto</span> <span class='ocrx_word' id='word_1_32' title='bbox 1214 1309 1336 1378; x_wconf 79' lang='lat' dir='ltr'>septem</span> <span class='ocrx_word' id='word_1_33' title='bbox 1361 1294 1431 1357; x_wconf 91' lang='lat' dir='ltr'>flor.</span> <span class='ocrx_word' id='word_1_34' title='bbox 1467 1296 1536 1358; x_wconf 88' lang='lat' dir='ltr'>auri</span> 
     </span>
     <span class='ocr_line' id='line_1_7' title="bbox 268 1401 1533 1486; baseline -0.003 -20"><span class='ocrx_word' id='word_1_35' title='bbox 268 1405 351 1466; x_wconf 89' lang='lat' dir='ltr'>inter</span> <span class='ocrx_word' id='word_1_36' title='bbox 375 1403 541 1465; x_wconf 85' lang='lat' dir='ltr'>Thomam</span> <span class='ocrx_word' id='word_1_37' title='bbox 565 1403 704 1484; x_wconf 88' lang='lat' dir='ltr'>juratum</span> <span class='ocrx_word' id='word_1_38' title='bbox 729 1416 760 1466; x_wconf 88' lang='lat' dir='ltr'>et</span> <span class='ocrx_word' id='word_1_39' title='bbox 785 1403 867 1464; x_wconf 89' lang='lat' dir='ltr'>inter</span> <span class='ocrx_word' id='word_1_40' title='bbox 892 1403 1078 1466; x_wconf 88' lang='lat' dir='ltr'>Ladislaum</span> <span class='ocrx_word' id='word_1_41' title='bbox 1095 1423 1190 1486; x_wconf 88' lang='lat' dir='ltr'>super</span> <span class='ocrx_word' id='word_1_42' title='bbox 1214 1421 1263 1480; x_wconf 88' lang='lat' dir='ltr'>e0,</span> <span class='ocrx_word' id='word_1_43' title='bbox 1288 1416 1323 1463; x_wconf 94' lang='lat' dir='ltr'>ut</span> <span class='ocrx_word' id='word_1_44' title='bbox 1347 1403 1413 1484; x_wconf 89' lang='lat' dir='ltr'>ipse</span> <span class='ocrx_word' id='word_1_45' title='bbox 1441 1401 1533 1463; x_wconf 88' lang='lat' dir='ltr'>Ladi-</span> 
     </span>
     <span class='ocr_line' id='line_1_8' title="bbox 267 1509 1535 1592; baseline -0.002 -20"><span class='ocrx_word' id='word_1_46' title='bbox 267 1511 356 1572; x_wconf 90' lang='lat' dir='ltr'>slaus</span> <span class='ocrx_word' id='word_1_47' title='bbox 379 1509 501 1590; x_wconf 87' lang='lat' dir='ltr'>juratus</span> <span class='ocrx_word' id='word_1_48' title='bbox 525 1523 640 1572; x_wconf 86' lang='lat' dir='ltr'>octavo</span> <span class='ocrx_word' id='word_1_49' title='bbox 665 1509 717 1570; x_wconf 92' lang='lat' dir='ltr'>die</span> <span class='ocrx_word' id='word_1_50' title='bbox 741 1509 837 1573; x_wconf 88' lang='lat' dir='ltr'>debet</span> <span class='ocrx_word' id='word_1_51' title='bbox 861 1511 921 1592; x_wconf 88' lang='lat' dir='ltr'>ipsi</span> <span class='ocrx_word' id='word_1_52' title='bbox 943 1509 1072 1572; x_wconf 88' lang='lat' dir='ltr'>Thome</span> <span class='ocrx_word' id='word_1_53' title='bbox 1097 1509 1200 1588; x_wconf 88' lang='lat' dir='ltr'>jurato</span> <span class='ocrx_word' id='word_1_54' title='bbox 1225 1509 1350 1570; x_wconf 87' lang='lat' dir='ltr'>solvere</span> <span class='ocrx_word' id='word_1_55' title='bbox 1374 1509 1535 1592; x_wconf 86' lang='lat' dir='ltr'>predictos</span> 
     </span>
     <span class='ocr_line' id='line_1_9' title="bbox 266 1615 1535 1699; baseline -0.001 -22"><span class='ocrx_word' id='word_1_56' title='bbox 266 1616 324 1677; x_wconf 95' lang='lat' dir='ltr'>VII</span> <span class='ocrx_word' id='word_1_57' title='bbox 349 1615 421 1678; x_wconf 88' lang='lat' dir='ltr'>flor.</span> <span class='ocrx_word' id='word_1_58' title='bbox 445 1616 513 1677; x_wconf 92' lang='lat' dir='ltr'>auri</span> <span class='ocrx_word' id='word_1_59' title='bbox 539 1631 654 1678; x_wconf 88' lang='lat' dir='ltr'>octavo</span> <span class='ocrx_word' id='word_1_60' title='bbox 680 1615 743 1695; x_wconf 90' lang='lat' dir='ltr'>die,</span> <span class='ocrx_word' id='word_1_61' title='bbox 768 1636 850 1699; x_wconf 91' lang='lat' dir='ltr'>quos</span> <span class='ocrx_word' id='word_1_62' title='bbox 874 1617 961 1678; x_wconf 90' lang='lat' dir='ltr'>idem</span> <span class='ocrx_word' id='word_1_63' title='bbox 984 1616 1129 1678; x_wconf 80' lang='lat' dir='ltr'>Thomas</span> <span class='ocrx_word' id='word_1_64' title='bbox 1153 1615 1275 1698; x_wconf 79' lang='lat' dir='ltr'>juratus</span> <span class='ocrx_word' id='word_1_65' title='bbox 1299 1615 1359 1696; x_wconf 88' lang='lat' dir='ltr'>ipsi</span> <span class='ocrx_word' id='word_1_66' title='bbox 1385 1615 1535 1677; x_wconf 90' lang='lat' dir='ltr'>Ladislao</span> 
     </span>
     <span class='ocr_line' id='line_1_10' title="bbox 266 1722 675 1804; baseline 0.005 -20"><span class='ocrx_word' id='word_1_67' title='bbox 266 1723 373 1804; x_wconf 88' lang='lat' dir='ltr'>jurato</span> <span class='ocrx_word' id='word_1_68' title='bbox 398 1722 675 1786; x_wconf 86' lang='lat' dir='ltr'>accomodaverat.</span> 
     </span>
    </p>

    <p class='ocr_par' dir='ltr' id='par_1_5' title="bbox 265 1827 1536 2848">
     <span class='ocr_line' id='line_1_11' title="bbox 374 1827 1535 1911; baseline -0.002 -21"><span class='ocrx_word' id='word_1_69' title='bbox 374 1828 454 1890; x_wconf 89' lang='lat' dir='ltr'>Item</span> <span class='ocrx_word' id='word_1_70' title='bbox 480 1829 576 1890; x_wconf 89' lang='lat' dir='ltr'>aliam</span> <span class='ocrx_word' id='word_1_71' title='bbox 601 1847 729 1890; x_wconf 87' lang='lat' dir='ltr'>causam</span> <span class='ocrx_word' id='word_1_72' title='bbox 750 1829 809 1911; x_wconf 88' lang='lat' dir='ltr'>ipsi</span> <span class='ocrx_word' id='word_1_73' title='bbox 831 1829 924 1910; x_wconf 78' lang='lat' dir='ltr'>jurati</span> <span class='ocrx_word' id='word_1_74' title='bbox 941 1829 986 1891; x_wconf 91' lang='lat' dir='ltr'>sic</span> <span class='ocrx_word' id='word_1_75' title='bbox 1002 1827 1278 1910; x_wconf 89' lang='lat' dir='ltr'>adjudicaverunt,</span> <span class='ocrx_word' id='word_1_76' title='bbox 1303 1840 1337 1889; x_wconf 92' lang='lat' dir='ltr'>ut</span> <span class='ocrx_word' id='word_1_77' title='bbox 1354 1829 1421 1909; x_wconf 91' lang='lat' dir='ltr'>ipse</span> <span class='ocrx_word' id='word_1_78' title='bbox 1441 1827 1535 1889; x_wconf 88' lang='lat' dir='ltr'>Ladi-</span> 
     </span>
     <span class='ocr_line' id='line_1_12' title="bbox 270 1933 1536 2017; baseline 0.001 -22"><span class='ocrx_word' id='word_1_79' title='bbox 270 1934 359 1996; x_wconf 87' lang='lat' dir='ltr'>slaus</span> <span class='ocrx_word' id='word_1_80' title='bbox 382 1935 506 2015; x_wconf 86' lang='lat' dir='ltr'>juratus</span> <span class='ocrx_word' id='word_1_81' title='bbox 523 1933 641 2015; x_wconf 85' lang='lat' dir='ltr'>jurabit</span> <span class='ocrx_word' id='word_1_82' title='bbox 664 1947 779 1996; x_wconf 85' lang='lat' dir='ltr'>octavo</span> <span class='ocrx_word' id='word_1_83' title='bbox 796 1934 850 1996; x_wconf 90' lang='lat' dir='ltr'>die</span> <span class='ocrx_word' id='word_1_84' title='bbox 867 1955 963 2017; x_wconf 88' lang='lat' dir='ltr'>super</span> <span class='ocrx_word' id='word_1_85' title='bbox 987 1955 1074 1996; x_wconf 90' lang='lat' dir='ltr'>aram</span> <span class='ocrx_word' id='word_1_86' title='bbox 1092 1953 1255 2016; x_wconf 87' lang='lat' dir='ltr'>supereo,</span> <span class='ocrx_word' id='word_1_87' title='bbox 1280 1947 1314 1995; x_wconf 91' lang='lat' dir='ltr'>ut</span> <span class='ocrx_word' id='word_1_88' title='bbox 1336 1934 1402 2016; x_wconf 90' lang='lat' dir='ltr'>ipse</span> <span class='ocrx_word' id='word_1_89' title='bbox 1419 1947 1536 1996; x_wconf 89' lang='lat' dir='ltr'>terram</span> 
     </span>
     <span class='ocr_line' id='line_1_13' title="bbox 267 2039 1535 2123; baseline 0 -21"><span class='ocrx_word' id='word_1_90' title='bbox 267 2061 360 2102; x_wconf 88' lang='lat' dir='ltr'>suam</span> <span class='ocrx_word' id='word_1_91' title='bbox 379 2039 535 2103; x_wconf 76' lang='lat' dir='ltr'><strong>arabilem</strong></span> <span class='ocrx_word' id='word_1_92' title='bbox 549 2043 669 2122; x_wconf 78' lang='lat' dir='ltr'>absque</span> <span class='ocrx_word' id='word_1_93' title='bbox 684 2041 773 2102; x_wconf 89' lang='lat' dir='ltr'>omni</span> <span class='ocrx_word' id='word_1_94' title='bbox 792 2042 913 2104; x_wconf 84' lang='lat' dir='ltr'>astucia</span> <span class='ocrx_word' id='word_1_95' title='bbox 931 2056 961 2103; x_wconf 91' lang='lat' dir='ltr'>et</span> <span class='ocrx_word' id='word_1_96' title='bbox 976 2040 1087 2104; x_wconf 83' lang='lat' dir='ltr'>fraude</span> <span class='ocrx_word' id='word_1_97' title='bbox 1101 2041 1247 2102; x_wconf 86' lang='lat' dir='ltr'>vendidit</span> <span class='ocrx_word' id='word_1_98' title='bbox 1264 2039 1386 2123; x_wconf 87' lang='lat' dir='ltr'>prefato</span> <span class='ocrx_word' id='word_1_99' title='bbox 1404 2039 1535 2102; x_wconf 89' lang='lat' dir='ltr'>Thome</span> 
     </span>
     <span class='ocr_line' id='line_1_14' title="bbox 266 2147 1532 2231; baseline -0.001 -21"><span class='ocrx_word' id='word_1_100' title='bbox 266 2149 374 2230; x_wconf 89' lang='lat' dir='ltr'>jurato</span> <span class='ocrx_word' id='word_1_101' title='bbox 398 2168 458 2231; x_wconf 89' lang='lat' dir='ltr'>pro</span> <span class='ocrx_word' id='word_1_102' title='bbox 481 2148 567 2210; x_wconf 86' lang='lat' dir='ltr'>XIIII</span> <span class='ocrx_word' id='word_1_103' title='bbox 593 2148 662 2211; x_wconf 87' lang='lat' dir='ltr'>flor.</span> <span class='ocrx_word' id='word_1_104' title='bbox 686 2149 851 2228; x_wconf 85' lang='lat' dir='ltr'>veraciter,</span> <span class='ocrx_word' id='word_1_105' title='bbox 875 2162 906 2210; x_wconf 90' lang='lat' dir='ltr'>et</span> <span class='ocrx_word' id='word_1_106' title='bbox 929 2149 1008 2212; x_wconf 93' lang='lat' dir='ltr'>dum</span> <span class='ocrx_word' id='word_1_107' title='bbox 1025 2148 1177 2230; x_wconf 87' lang='lat' dir='ltr'>juraverit</span> <span class='ocrx_word' id='word_1_108' title='bbox 1201 2148 1268 2231; x_wconf 90' lang='lat' dir='ltr'>ipse</span> <span class='ocrx_word' id='word_1_109' title='bbox 1294 2147 1462 2211; x_wconf 85' lang='lat' dir='ltr'>Ladislaus</span> <span class='ocrx_word' id='word_1_110' title='bbox 1485 2147 1532 2230; x_wconf 79' lang='lat' dir='ltr'>ju·</span> 
     </span>
     <span class='ocr_line' id='line_1_15' title="bbox 265 2253 1534 2337; baseline -0.001 -21"><span class='ocrx_word' id='word_1_111' title='bbox 265 2269 365 2334; x_wconf 89' lang='lat' dir='ltr'>ratus,</span> <span class='ocrx_word' id='word_1_112' title='bbox 398 2269 475 2316; x_wconf 91' lang='lat' dir='ltr'>tunc</span> <span class='ocrx_word' id='word_1_113' title='bbox 511 2254 578 2336; x_wconf 86' lang='lat' dir='ltr'>ipse</span> <span class='ocrx_word' id='word_1_114' title='bbox 614 2253 761 2316; x_wconf 81' lang='lat' dir='ltr'>Thomas</span> <span class='ocrx_word' id='word_1_115' title='bbox 796 2255 917 2336; x_wconf 83' lang='lat' dir='ltr'>juratus</span> <span class='ocrx_word' id='word_1_116' title='bbox 953 2256 1012 2335; x_wconf 89' lang='lat' dir='ltr'>ipsi</span> <span class='ocrx_word' id='word_1_117' title='bbox 1049 2254 1200 2316; x_wconf 89' lang='lat' dir='ltr'>Ladislao</span> <span class='ocrx_word' id='word_1_118' title='bbox 1236 2253 1339 2336; x_wconf 86' lang='lat' dir='ltr'>jurato</span> <span class='ocrx_word' id='word_1_119' title='bbox 1373 2254 1534 2337; x_wconf 87' lang='lat' dir='ltr'>predictos</span> 
     </span>
     <span class='ocr_line' id='line_1_16' title="bbox 265 2360 1533 2442; baseline -0.001 -20"><span class='ocrx_word' id='word_1_120' title='bbox 265 2362 355 2423; x_wconf 86' lang='lat' dir='ltr'>XIIII</span> <span class='ocrx_word' id='word_1_121' title='bbox 380 2360 450 2422; x_wconf 89' lang='lat' dir='ltr'>flor.</span> <span class='ocrx_word' id='word_1_122' title='bbox 476 2362 544 2423; x_wconf 86' lang='lat' dir='ltr'>auri</span> <span class='ocrx_word' id='word_1_123' title='bbox 569 2381 670 2442; x_wconf 89' lang='lat' dir='ltr'>usque</span> <span class='ocrx_word' id='word_1_124' title='bbox 688 2361 933 2442; x_wconf 90' lang='lat' dir='ltr'>quindecimum</span> <span class='ocrx_word' id='word_1_125' title='bbox 955 2361 1040 2423; x_wconf 91' lang='lat' dir='ltr'>diem</span> <span class='ocrx_word' id='word_1_126' title='bbox 1058 2362 1182 2424; x_wconf 85' lang='lat' dir='ltr'>solvere</span> <span class='ocrx_word' id='word_1_127' title='bbox 1206 2361 1385 2436; x_wconf 89' lang='lat' dir='ltr'>tenebitur;</span> <span class='ocrx_word' id='word_1_128' title='bbox 1411 2360 1533 2442; x_wconf 89' lang='lat' dir='ltr'>dequo</span> 
     </span>
     <span class='ocr_line' id='line_1_17' title="bbox 267 2465 1534 2549; baseline -0.002 -21"><span class='ocrx_word' id='word_1_129' title='bbox 267 2467 392 2549; x_wconf 88' lang='lat' dir='ltr'>judicio</span> <span class='ocrx_word' id='word_1_130' title='bbox 417 2468 484 2549; x_wconf 86' lang='lat' dir='ltr'>ipse</span> <span class='ocrx_word' id='word_1_131' title='bbox 509 2467 655 2528; x_wconf 82' lang='lat' dir='ltr'>Thomas</span> <span class='ocrx_word' id='word_1_132' title='bbox 679 2466 800 2548; x_wconf 87' lang='lat' dir='ltr'>juratus</span> <span class='ocrx_word' id='word_1_133' title='bbox 824 2487 890 2529; x_wconf 93' lang='lat' dir='ltr'>non</span> <span class='ocrx_word' id='word_1_134' title='bbox 916 2480 1085 2530; x_wconf 89' lang='lat' dir='ltr'>contentus</span> <span class='ocrx_word' id='word_1_135' title='bbox 1108 2465 1284 2549; x_wconf 86' lang='lat' dir='ltr'>appellavit</span> <span class='ocrx_word' id='word_1_136' title='bbox 1308 2465 1443 2528; x_wconf 86' lang='lat' dir='ltr'>eandem</span> <span class='ocrx_word' id='word_1_137' title='bbox 1461 2484 1534 2526; x_wconf 91' lang='lat' dir='ltr'>cau-</span> 
     </span>
     <span class='ocr_line' id='line_1_18' title="bbox 267 2571 1534 2655; baseline -0.002 -21"><span class='ocrx_word' id='word_1_138' title='bbox 267 2594 337 2635; x_wconf 93' lang='lat' dir='ltr'>sam</span> <span class='ocrx_word' id='word_1_139' title='bbox 372 2592 445 2635; x_wconf 90' lang='lat' dir='ltr'>cum</span> <span class='ocrx_word' id='word_1_140' title='bbox 479 2573 569 2634; x_wconf 85' lang='lat' dir='ltr'>totali</span> <span class='ocrx_word' id='word_1_141' title='bbox 600 2573 680 2634; x_wconf 90' lang='lat' dir='ltr'>serie</span> <span class='ocrx_word' id='word_1_142' title='bbox 712 2587 743 2634; x_wconf 93' lang='lat' dir='ltr'>et</span> <span class='ocrx_word' id='word_1_143' title='bbox 775 2592 926 2655; x_wconf 86' lang='lat' dir='ltr'>processu</span> <span class='ocrx_word' id='word_1_144' title='bbox 959 2573 1058 2654; x_wconf 88' lang='lat' dir='ltr'>ipsius</span> <span class='ocrx_word' id='word_1_145' title='bbox 1089 2571 1344 2652; x_wconf 87' lang='lat' dir='ltr'>adjudicacIonis</span> <span class='ocrx_word' id='word_1_146' title='bbox 1375 2571 1534 2632; x_wconf 88' lang='lat' dir='ltr'>dictorum</span> 
     </span>
     <span class='ocr_line' id='line_1_19' title="bbox 267 2677 1535 2763; baseline -0.004 -21"><span class='ocrx_word' id='word_1_147' title='bbox 267 2681 449 2763; x_wconf 75' lang='lat' dir='ltr'>juratorum</span> <span class='ocrx_word' id='word_1_148' title='bbox 474 2679 505 2740; x_wconf 91' lang='lat' dir='ltr'>in</span> <span class='ocrx_word' id='word_1_149' title='bbox 531 2679 730 2762; x_wconf 87' lang='lat' dir='ltr'>presencIam</span> <span class='ocrx_word' id='word_1_150' title='bbox 755 2680 920 2742; x_wconf 90' lang='lat' dir='ltr'>seniorum</span> <span class='ocrx_word' id='word_1_151' title='bbox 951 2679 1096 2762; x_wconf 86' lang='lat' dir='ltr'>judicum</span> <span class='ocrx_word' id='word_1_152' title='bbox 1121 2697 1179 2760; x_wconf 93' lang='lat' dir='ltr'>pro</span> <span class='ocrx_word' id='word_1_153' title='bbox 1203 2677 1290 2740; x_wconf 85' lang='lat' dir='ltr'>finali</span> <span class='ocrx_word' id='word_1_154' title='bbox 1317 2678 1417 2760; x_wconf 89' lang='lat' dir='ltr'>ipsius</span> <span class='ocrx_word' id='word_1_155' title='bbox 1441 2697 1535 2738; x_wconf 88' lang='lat' dir='ltr'>cause</span> 
     </span>
     <span class='ocr_line' id='line_1_20' title="bbox 268 2785 762 2848; baseline 0 0"><span class='ocrx_word' id='word_1_156' title='bbox 268 2801 301 2848; x_wconf 89' lang='lat' dir='ltr'>et</span> <span class='ocrx_word' id='word_1_157' title='bbox 324 2787 452 2848; x_wconf 88' lang='lat' dir='ltr'>meliori</span> <span class='ocrx_word' id='word_1_158' title='bbox 478 2785 762 2848; x_wconf 78' lang='lat' dir='ltr'>determinatione.</span> 
     </span>
    </p>

    <p class='ocr_par' dir='ltr' id='par_1_6' title="bbox 267 2889 1538 4782">
     <span class='ocr_line' id='line_1_21' title="bbox 375 2889 1534 2975; baseline -0.003 -22"><span class='ocrx_word' id='word_1_159' title='bbox 375 2892 454 2954; x_wconf 90' lang='lat' dir='ltr'>Item</span> <span class='ocrx_word' id='word_1_160' title='bbox 481 2892 574 2975; x_wconf 80' lang='lat' dir='ltr'>jurati</span> <span class='ocrx_word' id='word_1_161' title='bbox 600 2891 866 2974; x_wconf 86' lang='lat' dir='ltr'>adjudicaverunt</span> <span class='ocrx_word' id='word_1_162' title='bbox 895 2910 1022 2953; x_wconf 88' lang='lat' dir='ltr'>causam</span> <span class='ocrx_word' id='word_1_163' title='bbox 1050 2891 1131 2953; x_wconf 91' lang='lat' dir='ltr'>inter</span> <span class='ocrx_word' id='word_1_164' title='bbox 1162 2889 1365 2952; x_wconf 84' lang='lat' dir='ltr'>Anthonium</span> <span class='ocrx_word' id='word_1_165' title='bbox 1397 2889 1534 2970; x_wconf 84' lang='lat' dir='ltr'>juratum</span> 
     </span>
     <span class='ocr_line' id='line_1_22' title="bbox 268 2995 1535 3081; baseline -0.005 -19"><span class='ocrx_word' id='word_1_166' title='bbox 268 2999 371 3062; x_wconf 91' lang='lat' dir='ltr'>filium</span> <span class='ocrx_word' id='word_1_167' title='bbox 398 2998 529 3060; x_wconf 87' lang='lat' dir='ltr'>Thome</span> <span class='ocrx_word' id='word_1_168' title='bbox 554 2998 594 3060; x_wconf 89' lang='lat' dir='ltr'>de</span> <span class='ocrx_word' id='word_1_169' title='bbox 620 2997 845 3081; x_wconf 81' lang='lat' dir='ltr'>Grabrownylr</span> <span class='ocrx_word' id='word_1_170' title='bbox 871 3011 906 3060; x_wconf 92' lang='lat' dir='ltr'>ut</span> <span class='ocrx_word' id='word_1_171' title='bbox 929 3009 1070 3059; x_wconf 89' lang='lat' dir='ltr'>actorem</span> <span class='ocrx_word' id='word_1_172' title='bbox 1094 2998 1134 3058; x_wconf 92' lang='lat' dir='ltr'>ab</span> <span class='ocrx_word' id='word_1_173' title='bbox 1159 3016 1233 3074; x_wconf 91' lang='lat' dir='ltr'>una,</span> <span class='ocrx_word' id='word_1_174' title='bbox 1258 3009 1289 3058; x_wconf 90' lang='lat' dir='ltr'>et</span> <span class='ocrx_word' id='word_1_175' title='bbox 1313 3009 1402 3078; x_wconf 90' lang='lat' dir='ltr'>parte</span> <span class='ocrx_word' id='word_1_176' title='bbox 1427 2997 1466 3057; x_wconf 90' lang='lat' dir='ltr'>ab</span> <span class='ocrx_word' id='word_1_177' title='bbox 1491 2995 1535 3056; x_wconf 87' lang='lat' dir='ltr'>al·</span> 
     </span>
     <span class='ocr_line' id='line_1_23' title="bbox 267 3103 1536 3186; baseline -0.003 -18"><span class='ocrx_word' id='word_1_178' title='bbox 267 3121 334 3168; x_wconf 88' lang='lat' dir='ltr'>tera</span> <span class='ocrx_word' id='word_1_179' title='bbox 359 3107 445 3168; x_wconf 88' lang='lat' dir='ltr'>inter</span> <span class='ocrx_word' id='word_1_180' title='bbox 470 3104 650 3167; x_wconf 83' lang='lat' dir='ltr'>iohannem</span> <span class='ocrx_word' id='word_1_181' title='bbox 669 3104 808 3180; x_wconf 80' lang='lat' dir='ltr'>judicem</span> <span class='ocrx_word' id='word_1_182' title='bbox 835 3105 956 3167; x_wconf 89' lang='lat' dir='ltr'>dictum</span> <span class='ocrx_word' id='word_1_183' title='bbox 975 3103 1152 3186; x_wconf 87' lang='lat' dir='ltr'>Perowych</span> <span class='ocrx_word' id='word_1_184' title='bbox 1176 3117 1211 3166; x_wconf 90' lang='lat' dir='ltr'>ut</span> <span class='ocrx_word' id='word_1_185' title='bbox 1228 3103 1259 3164; x_wconf 90' lang='lat' dir='ltr'>in</span> <span class='ocrx_word' id='word_1_186' title='bbox 1285 3122 1413 3164; x_wconf 91' lang='lat' dir='ltr'>causam</span> <span class='ocrx_word' id='word_1_187' title='bbox 1438 3117 1536 3164; x_wconf 86' lang='lat' dir='ltr'>atrac-</span> 
     </span>
     <span class='ocr_line' id='line_1_24' title="bbox 267 3207 1537 3292; baseline -0.006 -17"><span class='ocrx_word' id='word_1_188' title='bbox 267 3227 336 3275; x_wconf 91' lang='lat' dir='ltr'>tum</span> <span class='ocrx_word' id='word_1_189' title='bbox 362 3225 394 3274; x_wconf 87' lang='lat' dir='ltr'>et</span> <span class='ocrx_word' id='word_1_190' title='bbox 419 3211 502 3273; x_wconf 92' lang='lat' dir='ltr'>inter</span> <span class='ocrx_word' id='word_1_191' title='bbox 527 3211 694 3272; x_wconf 86' lang='lat' dir='ltr'>dominam</span> <span class='ocrx_word' id='word_1_192' title='bbox 719 3210 956 3292; x_wconf 86' lang='lat' dir='ltr'>Margaretham</span> <span class='ocrx_word' id='word_1_193' title='bbox 974 3223 1108 3271; x_wconf 89' lang='lat' dir='ltr'>matrem</span> <span class='ocrx_word' id='word_1_194' title='bbox 1135 3209 1234 3291; x_wconf 89' lang='lat' dir='ltr'>ipsius</span> <span class='ocrx_word' id='word_1_195' title='bbox 1251 3209 1406 3270; x_wconf 86' lang='lat' dir='ltr'>Iohannis</span> <span class='ocrx_word' id='word_1_196' title='bbox 1423 3207 1537 3289; x_wconf 86' lang='lat' dir='ltr'>judIcis</span> 
     </span>
     <span class='ocr_line' id='line_1_25' title="bbox 269 3315 1536 3400; baseline -0.005 -19"><span class='ocrx_word' id='word_1_197' title='bbox 269 3332 304 3381; x_wconf 90' lang='lat' dir='ltr'>ut</span> <span class='ocrx_word' id='word_1_198' title='bbox 327 3320 359 3381; x_wconf 92' lang='lat' dir='ltr'>in</span> <span class='ocrx_word' id='word_1_199' title='bbox 386 3337 516 3380; x_wconf 87' lang='lat' dir='ltr'>causam</span> <span class='ocrx_word' id='word_1_200' title='bbox 534 3329 671 3379; x_wconf 89' lang='lat' dir='ltr'>atractos</span> <span class='ocrx_word' id='word_1_201' title='bbox 694 3318 725 3378; x_wconf 94' lang='lat' dir='ltr'>in</span> <span class='ocrx_word' id='word_1_202' title='bbox 749 3315 832 3379; x_wconf 85' lang='lat' dir='ltr'>lacto</span> <span class='ocrx_word' id='word_1_203' title='bbox 850 3317 1061 3400; x_wconf 89' lang='lat' dir='ltr'>pecuniarum</span> <span class='ocrx_word' id='word_1_204' title='bbox 1079 3335 1136 3398; x_wconf 91' lang='lat' dir='ltr'>pro</span> <span class='ocrx_word' id='word_1_205' title='bbox 1154 3316 1272 3396; x_wconf 92' lang='lat' dir='ltr'>quibus</span> <span class='ocrx_word' id='word_1_206' title='bbox 1295 3315 1434 3397; x_wconf 90' lang='lat' dir='ltr'>quedam</span> <span class='ocrx_word' id='word_1_207' title='bbox 1453 3327 1536 3376; x_wconf 87' lang='lat' dir='ltr'>terra</span> 
     </span>
     <span class='ocr_line' id='line_1_26' title="bbox 269 3420 1536 3507; baseline -0.004 -21"><span class='ocrx_word' id='word_1_208' title='bbox 269 3426 448 3488; x_wconf 88' lang='lat' dir='ltr'>liberorum</span> <span class='ocrx_word' id='word_1_209' title='bbox 473 3444 529 3484; x_wconf 90' lang='lat' dir='ltr'>seu</span> <span class='ocrx_word' id='word_1_210' title='bbox 560 3442 780 3507; x_wconf 79' lang='lat' dir='ltr'>successorum</span> <span class='ocrx_word' id='word_1_211' title='bbox 814 3423 951 3484; x_wconf 89' lang='lat' dir='ltr'>condam</span> <span class='ocrx_word' id='word_1_212' title='bbox 985 3421 1085 3484; x_wconf 90' lang='lat' dir='ltr'>Blasii</span> <span class='ocrx_word' id='word_1_213' title='bbox 1118 3421 1194 3483; x_wconf 91' lang='lat' dir='ltr'>dicti</span> <span class='ocrx_word' id='word_1_214' title='bbox 1220 3421 1356 3504; x_wconf 90' lang='lat' dir='ltr'>Frawyn</span> <span class='ocrx_word' id='word_1_215' title='bbox 1381 3420 1437 3482; x_wconf 87' lang='lat' dir='ltr'>filii</span> <span class='ocrx_word' id='word_1_216' title='bbox 1462 3421 1536 3482; x_wconf 85' lang='lat' dir='ltr'>Ale-</span> 
     </span>
     <span class='ocr_line' id='line_1_27' title="bbox 269 3527 1536 3612; baseline -0.005 -19"><span class='ocrx_word' id='word_1_217' title='bbox 269 3531 381 3594; x_wconf 87' lang='lat' dir='ltr'>xandri</span> <span class='ocrx_word' id='word_1_218' title='bbox 409 3531 547 3593; x_wconf 90' lang='lat' dir='ltr'>condam</span> <span class='ocrx_word' id='word_1_219' title='bbox 573 3528 732 3612; x_wconf 81' lang='lat' dir='ltr'>Gregorio</span> <span class='ocrx_word' id='word_1_220' title='bbox 750 3529 854 3610; x_wconf 85' lang='lat' dir='ltr'>jurato</span> <span class='ocrx_word' id='word_1_221' title='bbox 880 3549 936 3611; x_wconf 93' lang='lat' dir='ltr'>per</span> <span class='ocrx_word' id='word_1_222' title='bbox 960 3529 1065 3611; x_wconf 87' lang='lat' dir='ltr'>ipsum</span> <span class='ocrx_word' id='word_1_223' title='bbox 1083 3527 1220 3590; x_wconf 90' lang='lat' dir='ltr'>condam</span> <span class='ocrx_word' id='word_1_224' title='bbox 1239 3527 1380 3589; x_wconf 87' lang='lat' dir='ltr'>BlasIum</span> <span class='ocrx_word' id='word_1_225' title='bbox 1398 3527 1536 3607; x_wconf 90' lang='lat' dir='ltr'>juratum</span> 
     </span>
     <span class='ocr_line' id='line_1_28' title="bbox 270 3633 1535 3720; baseline -0.005 -20"><span class='ocrx_word' id='word_1_226' title='bbox 270 3638 391 3700; x_wconf 92' lang='lat' dir='ltr'>dictum</span> <span class='ocrx_word' id='word_1_227' title='bbox 417 3637 556 3720; x_wconf 88' lang='lat' dir='ltr'>Frawyn</span> <span class='ocrx_word' id='word_1_228' title='bbox 582 3635 705 3697; x_wconf 90' lang='lat' dir='ltr'>dudum</span> <span class='ocrx_word' id='word_1_229' title='bbox 730 3633 791 3698; x_wconf 83' lang='lat' dir='ltr'>luit</span> <span class='ocrx_word' id='word_1_230' title='bbox 824 3635 1038 3717; x_wconf 82' lang='lat' dir='ltr'>inpignorata,</span> <span class='ocrx_word' id='word_1_231' title='bbox 1063 3635 1119 3696; x_wconf 91' lang='lat' dir='ltr'>tali</span> <span class='ocrx_word' id='word_1_232' title='bbox 1144 3633 1255 3713; x_wconf 91' lang='lat' dir='ltr'>mod0,</span> <span class='ocrx_word' id='word_1_233' title='bbox 1279 3633 1368 3714; x_wconf 93' lang='lat' dir='ltr'>quod</span> <span class='ocrx_word' id='word_1_234' title='bbox 1393 3634 1535 3715; x_wconf 90' lang='lat' dir='ltr'>ipsorum</span> 
     </span>
     <span class='ocr_line' id='line_1_29' title="bbox 271 3725 1536 3826; baseline -0.005 -20"><span class='ocrx_word' id='word_1_235' title='bbox 271 3745 419 3826; x_wconf 88' lang='lat' dir='ltr'>quilibet,</span> <span class='ocrx_word' id='word_1_236' title='bbox 443 3742 595 3804; x_wconf 88' lang='lat' dir='ltr'>videlicet</span> <span class='ocrx_word' id='word_1_237' title='bbox 619 3741 781 3804; x_wconf 81' lang='lat' dir='ltr'>lohannes</span> <span class='ocrx_word' id='word_1_238' title='bbox 806 3740 900 3822; x_wconf 78' lang='lat' dir='ltr'>judex</span> <span class='ocrx_word' id='word_1_239' title='bbox 927 3755 958 3804; x_wconf 88' lang='lat' dir='ltr'>et</span> <span class='ocrx_word' id='word_1_240' title='bbox 978 3740 1110 3802; x_wconf 92' lang='lat' dir='ltr'>domina</span> <span class='ocrx_word' id='word_1_241' title='bbox 1130 3739 1331 3820; x_wconf 87' lang='lat' dir='ltr'>Margaretha</span> <span class='ocrx_word' id='word_1_242' title='bbox 1348 3725 1457 3801; x_wconf 73' lang='lat' dir='ltr'>vmater</span> <span class='ocrx_word' id='word_1_243' title='bbox 1480 3759 1536 3800; x_wconf 90' lang='lat' dir='ltr'>sua</span> 
     </span>
     <span class='ocr_line' id='line_1_30' title="bbox 269 3845 1534 3931; baseline -0.004 -20"><span class='ocrx_word' id='word_1_244' title='bbox 269 3849 336 3911; x_wconf 85' lang='lat' dir='ltr'>sola</span> <span class='ocrx_word' id='word_1_245' title='bbox 361 3869 419 3910; x_wconf 91' lang='lat' dir='ltr'>sua</span> <span class='ocrx_word' id='word_1_246' title='bbox 444 3849 476 3909; x_wconf 93' lang='lat' dir='ltr'>in</span> <span class='ocrx_word' id='word_1_247' title='bbox 501 3868 636 3930; x_wconf 89' lang='lat' dir='ltr'>persona</span> <span class='ocrx_word' id='word_1_248' title='bbox 653 3868 748 3931; x_wconf 90' lang='lat' dir='ltr'>super</span> <span class='ocrx_word' id='word_1_249' title='bbox 765 3867 852 3910; x_wconf 89' lang='lat' dir='ltr'>aram</span> <span class='ocrx_word' id='word_1_250' title='bbox 876 3861 983 3909; x_wconf 89' lang='lat' dir='ltr'>sancte</span> <span class='ocrx_word' id='word_1_251' title='bbox 1002 3847 1115 3909; x_wconf 88' lang='lat' dir='ltr'>Crucis</span> <span class='ocrx_word' id='word_1_252' title='bbox 1130 3847 1160 3907; x_wconf 92' lang='lat' dir='ltr'>in</span> <span class='ocrx_word' id='word_1_253' title='bbox 1179 3845 1311 3907; x_wconf 89' lang='lat' dir='ltr'>ecclesia</span> <span class='ocrx_word' id='word_1_254' title='bbox 1336 3846 1418 3906; x_wconf 93' lang='lat' dir='ltr'>beati</span> <span class='ocrx_word' id='word_1_255' title='bbox 1437 3845 1534 3906; x_wconf 88' lang='lat' dir='ltr'>Marci</span> 
     </span>
     <span class='ocr_line' id='line_1_31' title="bbox 270 3950 1536 4036; baseline -0.005 -18"><span class='ocrx_word' id='word_1_256' title='bbox 270 3955 478 4036; x_wconf 85' lang='lat' dir='ltr'>ewangeliste</span> <span class='ocrx_word' id='word_1_257' title='bbox 503 3955 535 4016; x_wconf 93' lang='lat' dir='ltr'>in</span> <span class='ocrx_word' id='word_1_258' title='bbox 561 3955 643 4016; x_wconf 89' lang='lat' dir='ltr'>dicta</span> <span class='ocrx_word' id='word_1_259' title='bbox 669 3955 796 4016; x_wconf 89' lang='lat' dir='ltr'>civitate</span> <span class='ocrx_word' id='word_1_260' title='bbox 829 3953 973 4032; x_wconf 85' lang='lat' dir='ltr'>lundata,</span> <span class='ocrx_word' id='word_1_261' title='bbox 997 3953 1117 4032; x_wconf 84' lang='lat' dir='ltr'>habita,</span> <span class='ocrx_word' id='word_1_262' title='bbox 1141 3972 1237 4034; x_wconf 92' lang='lat' dir='ltr'>super</span> <span class='ocrx_word' id='word_1_263' title='bbox 1261 3971 1311 4030; x_wconf 88' lang='lat' dir='ltr'>eo,</span> <span class='ocrx_word' id='word_1_264' title='bbox 1336 3967 1370 4012; x_wconf 92' lang='lat' dir='ltr'>ut</span> <span class='ocrx_word' id='word_1_265' title='bbox 1394 3950 1536 4034; x_wconf 84' lang='lat' dir='ltr'>prelatus</span> 
     </span>
     <span class='ocr_line' id='line_1_32' title="bbox 270 4057 1536 4143; baseline -0.005 -19"><span class='ocrx_word' id='word_1_266' title='bbox 270 4063 408 4124; x_wconf 92' lang='lat' dir='ltr'>condam</span> <span class='ocrx_word' id='word_1_267' title='bbox 441 4060 618 4143; x_wconf 82' lang='lat' dir='ltr'>Gregorius</span> <span class='ocrx_word' id='word_1_268' title='bbox 649 4061 771 4143; x_wconf 84' lang='lat' dir='ltr'>juratus</span> <span class='ocrx_word' id='word_1_269' title='bbox 803 4062 835 4122; x_wconf 93' lang='lat' dir='ltr'>in</span> <span class='ocrx_word' id='word_1_270' title='bbox 868 4060 1019 4142; x_wconf 87' lang='lat' dir='ltr'>predictis</span> <span class='ocrx_word' id='word_1_271' title='bbox 1050 4059 1194 4142; x_wconf 88' lang='lat' dir='ltr'>pecuniis</span> <span class='ocrx_word' id='word_1_272' title='bbox 1232 4057 1383 4119; x_wconf 84' lang='lat' dir='ltr'>videlicet</span> <span class='ocrx_word' id='word_1_273' title='bbox 1415 4059 1447 4118; x_wconf 86' lang='lat' dir='ltr'>In</span> <span class='ocrx_word' id='word_1_274' title='bbox 1479 4058 1536 4118; x_wconf 85' lang='lat' dir='ltr'>XL</span> 
     </span>
     <span class='ocr_line' id='line_1_33' title="bbox 269 4163 1534 4250; baseline -0.006 -20"><span class='ocrx_word' id='word_1_275' title='bbox 269 4169 414 4250; x_wconf 90' lang='lat' dir='ltr'>quinque</span> <span class='ocrx_word' id='word_1_276' title='bbox 447 4167 517 4230; x_wconf 89' lang='lat' dir='ltr'>flor.</span> <span class='ocrx_word' id='word_1_277' title='bbox 542 4168 610 4228; x_wconf 90' lang='lat' dir='ltr'>auri</span> <span class='ocrx_word' id='word_1_278' title='bbox 635 4167 667 4228; x_wconf 92' lang='lat' dir='ltr'>in</span> <span class='ocrx_word' id='word_1_279' title='bbox 684 4167 800 4229; x_wconf 84' lang='lat' dir='ltr'>ultimo</span> <span class='ocrx_word' id='word_1_280' title='bbox 823 4186 882 4228; x_wconf 90' lang='lat' dir='ltr'>suo</span> <span class='ocrx_word' id='word_1_281' title='bbox 906 4179 1097 4228; x_wconf 84' lang='lat' dir='ltr'>testamento</span> <span class='ocrx_word' id='word_1_282' title='bbox 1122 4185 1186 4226; x_wconf 94' lang='lat' dir='ltr'>non</span> <span class='ocrx_word' id='word_1_283' title='bbox 1216 4163 1369 4225; x_wconf 87' lang='lat' dir='ltr'>relaxavit</span> <span class='ocrx_word' id='word_1_284' title='bbox 1393 4163 1534 4243; x_wconf 88' lang='lat' dir='ltr'>aliquam</span> 
     </span>
     <span class='ocr_line' id='line_1_34' title="bbox 270 4268 1538 4356; baseline -0.006 -20"><span class='ocrx_word' id='word_1_285' title='bbox 270 4275 482 4356; x_wconf 89' lang='lat' dir='ltr'>quantitatem</span> <span class='ocrx_word' id='word_1_286' title='bbox 507 4273 643 4355; x_wconf 89' lang='lat' dir='ltr'>pecunie</span> <span class='ocrx_word' id='word_1_287' title='bbox 675 4293 734 4334; x_wconf 89' lang='lat' dir='ltr'>nec</span> <span class='ocrx_word' id='word_1_288' title='bbox 766 4273 904 4334; x_wconf 88' lang='lat' dir='ltr'>multum</span> <span class='ocrx_word' id='word_1_289' title='bbox 929 4291 987 4333; x_wconf 87' lang='lat' dir='ltr'>nec</span> <span class='ocrx_word' id='word_1_290' title='bbox 1021 4291 1153 4353; x_wconf 81' lang='lat' dir='ltr'>parum3</span> <span class='ocrx_word' id='word_1_291' title='bbox 1185 4270 1224 4330; x_wconf 93' lang='lat' dir='ltr'>de</span> <span class='ocrx_word' id='word_1_292' title='bbox 1257 4289 1322 4351; x_wconf 92' lang='lat' dir='ltr'>quo</span> <span class='ocrx_word' id='word_1_293' title='bbox 1353 4268 1474 4350; x_wconf 86' lang='lat' dir='ltr'>judicio</span> <span class='ocrx_word' id='word_1_294' title='bbox 1507 4281 1538 4330; x_wconf 92' lang='lat' dir='ltr'>et</span> 
     </span>
     <span class='ocr_line' id='line_1_35' title="bbox 269 4373 1536 4462; baseline -0.005 -21"><span class='ocrx_word' id='word_1_295' title='bbox 269 4379 517 4460; x_wconf 78' lang='lat' dir='ltr'>adjudIcacione</span> <span class='ocrx_word' id='word_1_296' title='bbox 541 4380 683 4462; x_wconf 90' lang='lat' dir='ltr'>ipsorum</span> <span class='ocrx_word' id='word_1_297' title='bbox 709 4379 887 4460; x_wconf 86' lang='lat' dir='ltr'>juratorum</span> <span class='ocrx_word' id='word_1_298' title='bbox 905 4376 1044 4460; x_wconf 87' lang='lat' dir='ltr'>prelatus</span> <span class='ocrx_word' id='word_1_299' title='bbox 1068 4375 1231 4437; x_wconf 86' lang='lat' dir='ltr'>lohannes</span> <span class='ocrx_word' id='word_1_300' title='bbox 1250 4373 1346 4455; x_wconf 85' lang='lat' dir='ltr'>judex</span> <span class='ocrx_word' id='word_1_301' title='bbox 1371 4393 1435 4434; x_wconf 94' lang='lat' dir='ltr'>non</span> <span class='ocrx_word' id='word_1_302' title='bbox 1461 4393 1536 4435; x_wconf 93' lang='lat' dir='ltr'>con·</span> 
     </span>
     <span class='ocr_line' id='line_1_36' title="bbox 268 4481 1535 4569; baseline -0.006 -20"><span class='ocrx_word' id='word_1_303' title='bbox 268 4501 375 4549; x_wconf 90' lang='lat' dir='ltr'>tentus</span> <span class='ocrx_word' id='word_1_304' title='bbox 391 4485 593 4569; x_wconf 89' lang='lat' dir='ltr'>(appellavit)</span> <span class='ocrx_word' id='word_1_305' title='bbox 612 4485 750 4548; x_wconf 88' lang='lat' dir='ltr'>eandem</span> <span class='ocrx_word' id='word_1_306' title='bbox 767 4505 894 4546; x_wconf 87' lang='lat' dir='ltr'>causam</span> <span class='ocrx_word' id='word_1_307' title='bbox 912 4504 985 4546; x_wconf 89' lang='lat' dir='ltr'>cum</span> <span class='ocrx_word' id='word_1_308' title='bbox 1007 4484 1098 4546; x_wconf 91' lang='lat' dir='ltr'>totali</span> <span class='ocrx_word' id='word_1_309' title='bbox 1116 4483 1197 4544; x_wconf 87' lang='lat' dir='ltr'>serie</span> <span class='ocrx_word' id='word_1_310' title='bbox 1214 4496 1246 4543; x_wconf 91' lang='lat' dir='ltr'>et</span> <span class='ocrx_word' id='word_1_311' title='bbox 1261 4501 1411 4563; x_wconf 88' lang='lat' dir='ltr'>processu</span> <span class='ocrx_word' id='word_1_312' title='bbox 1436 4481 1535 4562; x_wconf 90' lang='lat' dir='ltr'>ipsius</span> 
     </span>
     <span class='ocr_line' id='line_1_37' title="bbox 268 4587 1532 4675; baseline -0.006 -20"><span class='ocrx_word' id='word_1_313' title='bbox 268 4593 524 4675; x_wconf 82' lang='lat' dir='ltr'>adjudicaci0nis</span> <span class='ocrx_word' id='word_1_314' title='bbox 548 4593 708 4654; x_wconf 88' lang='lat' dir='ltr'>dictorum</span> <span class='ocrx_word' id='word_1_315' title='bbox 733 4593 908 4674; x_wconf 89' lang='lat' dir='ltr'>juratorum</span> <span class='ocrx_word' id='word_1_316' title='bbox 929 4593 961 4653; x_wconf 94' lang='lat' dir='ltr'>in</span> <span class='ocrx_word' id='word_1_317' title='bbox 985 4591 1184 4674; x_wconf 86' lang='lat' dir='ltr'>presenciam</span> <span class='ocrx_word' id='word_1_318' title='bbox 1209 4589 1373 4652; x_wconf 92' lang='lat' dir='ltr'>seniorum</span> <span class='ocrx_word' id='word_1_319' title='bbox 1390 4587 1532 4669; x_wconf 90' lang='lat' dir='ltr'>judicum</span> 
     </span>
     <span class='ocr_line' id='line_1_38' title="bbox 268 4698 1252 4782; baseline -0.003 -21"><span class='ocrx_word' id='word_1_320' title='bbox 268 4719 328 4782; x_wconf 90' lang='lat' dir='ltr'>pro</span> <span class='ocrx_word' id='word_1_321' title='bbox 353 4699 442 4761; x_wconf 86' lang='lat' dir='ltr'>finali</span> <span class='ocrx_word' id='word_1_322' title='bbox 468 4699 568 4781; x_wconf 90' lang='lat' dir='ltr'>ipsius</span> <span class='ocrx_word' id='word_1_323' title='bbox 592 4719 686 4761; x_wconf 90' lang='lat' dir='ltr'>cause</span> <span class='ocrx_word' id='word_1_324' title='bbox 711 4711 742 4761; x_wconf 89' lang='lat' dir='ltr'>et</span> <span class='ocrx_word' id='word_1_325' title='bbox 765 4718 824 4781; x_wconf 89' lang='lat' dir='ltr'>pro</span> <span class='ocrx_word' id='word_1_326' title='bbox 848 4699 974 4760; x_wconf 90' lang='lat' dir='ltr'>meliori</span> <span class='ocrx_word' id='word_1_327' title='bbox 1004 4698 1252 4761; x_wconf 86' lang='lat' dir='ltr'>deliberacione.</span> 
     </span>
    </p>

    <p class='ocr_par' dir='ltr' id='par_1_7' title="bbox 268 4804 1537 4995">
     <span class='ocr_line' id='line_1_39' title="bbox 376 4804 1534 4888; baseline -0.006 -20"><span class='ocrx_word' id='word_1_328' title='bbox 376 4807 455 4868; x_wconf 88' lang='lat' dir='ltr'>Item</span> <span class='ocrx_word' id='word_1_329' title='bbox 481 4805 594 4888; x_wconf 84' lang='lat' dir='ltr'>prefati</span> <span class='ocrx_word' id='word_1_330' title='bbox 619 4806 713 4888; x_wconf 88' lang='lat' dir='ltr'>jurati</span> <span class='ocrx_word' id='word_1_331' title='bbox 738 4825 865 4867; x_wconf 87' lang='lat' dir='ltr'>causam</span> <span class='ocrx_word' id='word_1_332' title='bbox 893 4807 975 4867; x_wconf 86' lang='lat' dir='ltr'>Inter</span> <span class='ocrx_word' id='word_1_333' title='bbox 992 4805 1193 4867; x_wconf 90' lang='lat' dir='ltr'>Demetrium</span> <span class='ocrx_word' id='word_1_334' title='bbox 1219 4804 1368 4886; x_wconf 85' lang='lat' dir='ltr'>juratum,</span> <span class='ocrx_word' id='word_1_335' title='bbox 1394 4821 1534 4862; x_wconf 89' lang='lat' dir='ltr'>rasorem</span> 
     </span>
     <span class='ocr_line' id='line_1_40' title="bbox 268 4909 1537 4995; baseline -0.005 -21"><span class='ocrx_word' id='word_1_336' title='bbox 268 4933 466 4995; x_wconf 89' lang='lat' dir='ltr'>pannorum,</span> <span class='ocrx_word' id='word_1_337' title='bbox 490 4932 708 4975; x_wconf 88' lang='lat' dir='ltr'>successorem</span> <span class='ocrx_word' id='word_1_338' title='bbox 734 4912 871 4974; x_wconf 87' lang='lat' dir='ltr'>condam</span> <span class='ocrx_word' id='word_1_339' title='bbox 898 4911 1047 4993; x_wconf 90' lang='lat' dir='ltr'>Gregorii</span> <span class='ocrx_word' id='word_1_340' title='bbox 1065 4911 1142 4972; x_wconf 88' lang='lat' dir='ltr'>dicti</span> <span class='ocrx_word' id='word_1_341' title='bbox 1168 4909 1300 4992; x_wconf 91' lang='lat' dir='ltr'>llenkyn</span> <span class='ocrx_word' id='word_1_342' title='bbox 1327 4923 1357 4970; x_wconf 91' lang='lat' dir='ltr'>et</span> <span class='ocrx_word' id='word_1_343' title='bbox 1382 4909 1463 4970; x_wconf 88' lang='lat' dir='ltr'>inter</span> <span class='ocrx_word' id='word_1_344' title='bbox 1480 4909 1537 4968; x_wconf 93' lang='lat' dir='ltr'>do-</span> 
     </span>
    </p>
   </div>
   <div class='ocr_carea' id='block_1_4' title="bbox 270 5015 1537 5143">
    <p class='ocr_par' dir='ltr' id='par_1_8' title="bbox 270 5015 1537 5143">
     <span class='ocr_line' id='line_1_41' title="bbox 270 5015 1537 5100; baseline -0.004 -21"><span class='ocrx_word' id='word_1_345' title='bbox 270 5018 397 5080; x_wconf 91' lang='lat' dir='ltr'>minum</span> <span class='ocrx_word' id='word_1_346' title='bbox 416 5018 587 5080; x_wconf 88' lang='lat' dir='ltr'>Nicolaum</span> <span class='ocrx_word' id='word_1_347' title='bbox 605 5018 816 5100; x_wconf 87' lang='lat' dir='ltr'>presbiterum</span> <span class='ocrx_word' id='word_1_348' title='bbox 843 5018 1017 5098; x_wconf 88' lang='lat' dir='ltr'>plebanum</span> <span class='ocrx_word' id='word_1_349' title='bbox 1039 5017 1173 5078; x_wconf 91' lang='lat' dir='ltr'>ecclesie</span> <span class='ocrx_word' id='word_1_350' title='bbox 1190 5017 1289 5076; x_wconf 90' lang='lat' dir='ltr'>sancti</span> <span class='ocrx_word' id='word_1_351' title='bbox 1316 5015 1413 5076; x_wconf 89' lang='lat' dir='ltr'>Marci</span> <span class='ocrx_word' id='word_1_352' title='bbox 1432 5034 1537 5075; x_wconf 88' lang='lat' dir='ltr'>ewan-</span> 
     </span>
     <span class='ocr_line' id='line_1_42' title="bbox 1431 5109 1444 5143; baseline 0 0"><span class='ocrx_word' id='word_1_353' title='bbox 1431 5109 1444 5143; x_wconf 63' lang='lat' dir='ltr'>h</span> 
     </span>
    </p>
   </div>
   <div class='ocr_carea' id='block_1_5' title="bbox 1038 5491 1271 5614">
    <p class='ocr_par' dir='ltr' id='par_1_9' title="bbox 1038 5491 1271 5614">
     <span class='ocr_line' id='line_1_43' title="bbox 1038 5491 1271 5614; baseline -0.047 0"><span class='ocrx_word' id='word_1_354' title='bbox 1038 5491 1271 5614; x_wconf 64' lang='lat' dir='ltr'>lustru</span> 
     </span>
    </p>
   </div>
   <div class='ocr_carea' id='block_1_6' title="bbox 0 0 1874 5786">
    <p class='ocr_par' dir='ltr' id='par_1_10' title="bbox 0 0 1874 5786">
     <span class='ocr_line' id='line_1_44' title="bbox 0 0 1874 5786; baseline 0 0"><span class='ocrx_word' id='word_1_355' title='bbox 0 0 1874 5786; x_wconf 95' lang='lat' dir='ltr'> </span> 
     </span>
    </p>
   </div>
  </div>
 </body>
</html>
