3694 5782
398 453 460 534 296
808 455 894 510 Anno
917 449 1011 528 1466.
1037 487 1078 494 —
1097 467 1153 528 30.
1177 454 1256 512 maii.

398 666 482 726 cium
509 665 591 726 inter
625 667 711 747 ipsos
743 686 799 747 per
831 665 953 746 priores
978 663 1097 744 juratos
1128 662 1346 744 adjudicatum
1380 662 1610 724 confirmarunt
1632 678 1660 724 et

399 771 558 833 dederunt
582 773 755 833 terminum
780 771 956 832 solucionis
981 791 1038 853 per
1069 771 1207 834 eundem
1234 771 1448 831 baccalarium
1473 771 1578 832 eidem
1605 771 1659 852 Sy-

399 880 490 940 moni
516 880 692 942 solucionis
714 880 848 941 tercium
873 879 970 940 diem.

503 1004 579 1066 Item
613 1004 759 1066 Thomas
793 1003 926 1065 Cheden
959 1017 1068 1064 contra
1102 1002 1244 1063 Blasium
1277 1001 1416 1083 judicem
1450 1001 1658 1083 Ztoymylycb

397 1112 530 1189 dictum,
554 1111 659 1192 primo
691 1111 804 1171 citatus
829 1097 964 1170 racione
990 1109 1223 1190 vituperiorum
1256 1125 1319 1168 non
1354 1108 1534 1189 comparuit
1558 1107 1590 1167 in
1614 1105 1659 1188 ju-

398 1217 483 1279 dicio
507 1236 616 1278 coram
640 1217 743 1278 nobis.

503 1342 580 1403 Item
606 1341 691 1402 idem
717 1340 863 1402 Thomas
887 1339 1022 1401 Cheden
1047 1339 1145 1400 modo
1174 1339 1321 1400 similiter
1345 1353 1455 1400 contra
1481 1338 1659 1400 lohannem

397 1449 539 1531 judicem
557 1447 673 1508 bolsak
698 1447 803 1528 primo
828 1447 941 1507 citatus
958 1465 1022 1507 non
1048 1446 1227 1526 comparuit
1244 1445 1276 1505 in
1293 1444 1413 1525 judicio
1431 1465 1540 1506 coram
1558 1445 1659 1507 nobis.

504 1573 581 1633 Item
606 1591 733 1633 causam
752 1572 833 1632 inter
850 1571 992 1631 Blasium
1014 1570 1175 1631 seniorem
1192 1569 1343 1650 juratum,
1367 1583 1521 1631 sartorem
1540 1583 1570 1630 et
1586 1589 1659 1630 con·

397 1681 499 1742 civem
525 1693 681 1757 nostrum,
706 1692 736 1738 et
761 1678 842 1738 inter
861 1678 989 1738 Petrum
1011 1677 1185 1757 agricolam
1211 1675 1249 1736 de
1268 1677 1349 1736 ultra
1367 1677 1509 1754 Zawam,
1535 1677 1657 1737 racione

397 1787 564 1848 cuiusdam
589 1786 688 1846 debiti
707 1784 844 1845 duorum
863 1783 931 1844 flor.
950 1785 1030 1862 auri,
1055 1803 1120 1865 quo
1139 1784 1196 1865 ipsi
1216 1783 1344 1844 racione
1374 1783 1541 1844 cuiusdam
1559 1782 1657 1859 vinee,

398 1893 516 1974 quibus
540 1893 605 1973 ipse
632 1891 768 1952 condam
795 1890 930 1952 Nicolao
955 1891 1081 1951 literato
1099 1891 1313 1971 obligabatur,
1338 1889 1563 1971 adjudicarunt
1585 1890 1656 1970 quia

399 2000 479 2060 sicut
504 1998 660 2059 Martinus
685 1996 779 2076 judex
804 2011 948 2078 tempore
977 1997 1025 2056 sui
1058 1995 1216 2076 judicatus
1247 2017 1374 2058 causam
1401 1997 1504 2078 ipsam
1537 1995 1649 2076 adjudi-

398 2106 481 2166 cavit
506 2105 565 2185 ipsi
591 2103 697 2164 Blasio
715 2101 906 2180 satisfacere,
932 2103 1005 2163 ideo
1031 2103 1123 2183 jurati
1141 2103 1365 2184 adjudicarunt
1382 2103 1469 2184 ipsos
1494 2103 1574 2163 duos
1592 2104 1656 2164 flor.

400 2233 457 2295 per
475 2213 578 2294 ipsum
597 2212 725 2272 Petrum
755 2230 856 2292 usque
883 2210 1194 2291 quintumdecimum
1224 2211 1309 2270 diem
1335 2211 1459 2270 solvere
1477 2223 1508 2270 et
1536 2209 1656 2270 vineam

370 2321 378 2335 “
401 2321 501 2402 ipsam
527 2307 585 2400 pro
609 2338 641 2378 se
666 2317 782 2378 habere
808 2317 867 2398 ipsi
894 2317 997 2378 Petr0.

504 2443 581 2504 Item
607 2462 734 2504 causam
768 2441 886 2502 nobilis
918 2441 1049 2502 domine
1082 2441 1206 2522 Agatha
1236 2454 1357 2518 vocate,
1390 2441 1499 2503 relicte
1524 2439 1654 2501 condam

399 2550 519 2612 Mathie
544 2548 769 2630 Kwnoberych
788 2562 818 2609 et
835 2549 917 2609 inter
934 2549 1099 2609 dominam
1118 2549 1260 2614 relictam
1278 2549 1416 2610 condam
1436 2549 1561 2609 Nicolai
1579 2547 1655 2608 auri-

399 2655 478 2717 fabri
505 2669 536 2716 et
559 2654 643 2716 filios
667 2654 810 2714 eiusdem
836 2655 964 2715 racione
991 2655 1119 2715 illorum
1138 2654 1278 2715 duorum
1302 2674 1472 2735 equorum,
1498 2654 1588 2734 jurati
1604 2653 1656 2714 ad-

398 2761 620 2844 judicaverunt
644 2780 739 2842 super
762 2760 876 2820 maiori
902 2761 945 2821 rei
972 2761 1139 2822 evidencia
1163 2780 1263 2842 penes
1286 2781 1359 2821 suas
1376 2761 1655 2842 comprobaciones

399 2881 429 2930 et
454 2867 620 2928 evidencia
645 2867 838 2927 documenta
863 2866 966 2947 jurare
1000 2867 1160 2928 tenebitur
1184 2865 1262 2927 feria
1294 2869 1392 2928 tercia
1417 2868 1562 2949 proxime
1585 2886 1658 2926 ven-¹

398 2957 466 3036 tura
493 2989 564 3055 post
589 2973 702 3034 festum
730 2973 908 3048 Trinitatis,
934 2974 964 3032 in
992 2993 1041 3050 eo,
1066 2973 1154 3053 quod
1181 2973 1248 3054 ipsa
1277 2973 1321 3033 nil
1347 2993 1405 3034 nec
1430 2973 1592 3034 modicum
1616 2976 1652 3032 ab

400 3081 514 3142 eodem
534 3080 671 3140 condam
696 3079 833 3140 Nicolao
850 3077 1023 3157 aurifabro,
1041 3079 1095 3138 sed
1121 3099 1179 3138 nec
1204 3078 1345 3160 prefatus
1362 3080 1494 3140 maritus
1519 3079 1653 3140 eiusdem

399 3189 430 3248 in
456 3201 572 3247 sortem
599 3186 774 3246 solucionis
793 3186 934 3266 ipsorum
960 3185 1099 3246 duorum
1118 3205 1276 3265 equorum
1294 3187 1436 3267 percepit
1461 3186 1519 3246 nisi
1539 3199 1652 3247 tantum

399 3294 504 3373 ipsum
531 3311 630 3351 unum
656 3291 724 3353 flor.
750 3293 829 3368 auri,
855 3312 951 3372 quem
977 3292 1043 3372 ipse
1069 3293 1220 3352 Nicolaus
1237 3291 1397 3354 aurifaber
1422 3293 1526 3352 eidem
1552 3291 1652 3374 propi-

399 3412 514 3476 nasset,
539 3399 571 3458 in
597 3417 649 3457 ara
674 3411 781 3458 sancte
807 3399 919 3458 Crucis
942 3399 1078 3460 solamet
1102 3413 1241 3481 prestare
1265 3399 1435 3461 tenebitur.

504 3522 581 3581 ltcm
607 3520 720 3581 cadem
746 3521 876 3582 domina
909 3523 994 3603 juxta
1026 3525 1212 3585 mandatum
1245 3526 1331 3605 regie
1357 3526 1533 3586 Maiestatis
1557 3527 1652 3587 litera·

398 3629 528 3705 torium,
553 3627 768 3706 juramentum
794 3629 928 3689 solamet
952 3631 1098 3690 similiter
1124 3631 1154 3690 iu
1177 3651 1229 3691 ara
1254 3644 1360 3691 sancte
1386 3631 1500 3692 Crucis
1522 3647 1651 3714 prestare

397 3734 558 3794 tenebitur
582 3754 677 3814 super
702 3733 850 3815 dampnis
875 3749 906 3796 et
931 3734 1036 3816 fatigis
1061 3737 1092 3795 in
1125 3737 1354 3816 prosecutione
1380 3739 1524 3818 ipsorum
1550 3737 1650 3819 viginti

397 3853 471 3900 octo
496 3839 564 3900 flor.
597 3841 676 3916 auri,
703 3854 733 3900 et
765 3840 842 3900 dum
868 3840 984 3914 jurabit
1015 3842 1081 3922 ipsa
1114 3841 1246 3902 domina
1279 3843 1414 3922 Agatha,
1447 3858 1562 3905 extunc
1593 3844 1651 3924 ipsa

398 3946 528 4006 domina
547 3947 655 4006 relicta
674 3947 773 4027 ipsius
797 3947 933 4007 condam
953 3949 1077 4008 Nicolai
1095 3947 1246 4009 aurifabri
1266 3963 1296 4009 et
1317 3948 1374 4009 filii
1394 3950 1537 4010 eiusdem
1555 3951 1651 4011 eidem

398 4053 528 4112 dominc
555 4073 655 4133 usquc
681 4054 813 4114 tercium
840 4054 925 4114 diem
953 4069 1024 4134 post
1046 4056 1148 4136 ipsum
1167 4056 1382 4136 juramentum
1407 4055 1650 4118 satisfaccionem

399 4158 501 4218 facere
529 4172 558 4219 et
584 4159 770 4239 impendere
796 4159 854 4240 ipsi
879 4159 972 4239 jurati
1006 4161 1247 4240 adjudicarunt;
1280 4163 1408 4242 dequo
1434 4163 1550 4242 judicio
1572 4163 1650 4242 ipso·

398 4285 467 4324 rum
493 4265 670 4344 iuratorum
697 4266 842 4326 Thomas
866 4265 951 4326 filius
975 4267 1074 4348 ipsius
1104 4269 1240 4329 condam
1267 4269 1392 4330 Nicolai
1418 4269 1565 4330 aurifabri
1589 4287 1649 4328 non

397 4383 565 4431 contentus
590 4372 628 4431 ad
652 4372 794 4431 seniores
818 4372 992 4452 appellavit
1015 4373 1147 4452 judices.

502 4497 579 4557 ltem
605 4516 732 4556 causam
758 4498 839 4560 inter
857 4498 1026 4558 Nicolaum
1044 4513 1198 4559 sartorem
1224 4515 1254 4560 et
1272 4501 1352 4560 inter
1374 4503 1523 4562 comitem
1548 4513 1646 4559 nostre

397 4603 637 4663 communitatis
662 4604 789 4664 racione
807 4604 973 4664 cuiusdam
999 4619 1090 4682 terre,
1115 4605 1207 4684 jurati
1226 4607 1460 4686 adjudicarunt,
1485 4606 1567 4689 quod
1585 4607 1647 4686 ipse

397 4708 549 4768 Nicolaus
574 4725 674 4769 sartor
700 4711 840 4789 predicta
866 4709 942 4770 feria
967 4712 1062 4771 tercia
1096 4712 1199 4789 jurare
1225 4729 1255 4773 et
1279 4729 1418 4795 prestare
1442 4715 1594 4776 tenebitur
1616 4712 1645 4770 in

396 4834 448 4874 ara
471 4831 577 4874 sancte
604 4816 727 4893 Crucis,
754 4817 841 4896 quod
867 4817 933 4897 ipse
961 4818 1004 4878 nil
1031 4819 1080 4878 vel
1110 4819 1276 4880 modicum
1309 4821 1349 4881 de
1377 4823 1443 4902 ipsa
1468 4835 1546 4882 terra
1568 4831 1645 4899 post-

396 4939 494 5002 quam
519 4921 619 5004 ipsam
654 4923 740 5000 cmit‚
773 4923 812 4984 de
844 4937 924 4984 terra
950 4925 1190 4987 communitatis
1222 4927 1281 4988 sibi
1316 4929 1497 5011 usurpavit;
1525 4927 1560 4987 tlc
1583 4940 1643 5004 quo
