3738 5786
510 1325 659 1424 (Anno
687 1323 871 1418 Domini
899 1321 1149 1426 mcccciv).

197 1663 289 1740 Item
318 1663 516 1740 notandum
546 1671 614 1756 est,
652 1663 748 1766 quod
784 1665 819 1740 in
858 1687 952 1741 anno
981 1663 1126 1740 Domini
1155 1663 1344 1740 millesimo
1382 1687 1466 1764 qua-

201 1788 487 1888 dringentesimo
525 1789 822 1888 quinquagesimo
861 1789 1005 1889 quinto,
1043 1786 1134 1863 feria
1175 1795 1281 1864 sexta
1307 1789 1469 1888 proxima

202 1922 290 2014 post
318 1913 452 1990 festum
480 1915 579 1990 beati
606 1913 753 2016 Matbye
790 1915 950 2016 apostoli
978 1916 1013 1990 in
1042 1913 1221 1990 dominica
1248 1915 1387 1990 scilicet
1415 1913 1467 1990 in·

199 2039 356 2130 vocavit,
399 2047 566 2136 ternpore
598 2038 779 2138 judicatus
807 2040 953 2116 secundi
982 2037 1121 2115 Nicolai
1146 2037 1275 2138 judicis
1303 2036 1364 2114 filii
1392 2037 1465 2114 De-

198 2163 326 2253 metrii,
357 2186 507 2262 presens
535 2163 723 2240 katernurn
758 2172 815 2240 est
853 2163 1095 2263 conscriptum
1132 2169 1170 2238 et
1198 2162 1304 2238 scribi
1332 2161 1467 2238 factum

198 2309 306 2386 super
342 2285 481 2384 judiciis
519 2295 558 2363 et
594 2288 686 2364 actis
725 2295 890 2387 ternpore
928 2287 1108 2386 presentis
1142 2285 1323 2384 judicatus
1356 2287 1466 2387 ipsius

196 2409 338 2488 Nicolai
371 2410 501 2510 judicis
539 2412 647 2490 modo
686 2419 724 2488 et
762 2411 887 2488 ordine
915 2410 1151 2512 infrascriptis
1181 2410 1462 2487 occurrentibus.

698 2620 767 2704 (28.
791 2621 969 2704 febman'z).

771 2763 882 2827 Jurati.

514 2888 593 2951 item
615 2887 800 2951 Anthonius
825 2887 979 2952 literatus.
1033 2917 1038 2928 ·

516 2995 595 3058 item
620 2995 802 3078 Stephanus
826 2995 963 3058 institor.

516 3101 594 3164 item
618 3101 773 3164 Nicolaus
796 3109 908 3164 sartor.

513 3207 592 3270 item
615 3207 754 3270 Michael
782 3207 936 3270 literatus.

514 3313 592 3376 item
618 3312 848 3376 Christoiorus.

514 3421 592 3483 Item
617 3420 814 3484 Laurencius
838 3439 959 3503 sporar.

513 3527 592 3591 Item
618 3527 785 3600 Ladislaus
810 3526 1098 3611 Czaronthowych.

512 3633 589 3695 item
613 3633 797 3697 Anthonius
821 3653 920 3714 gener
943 3634 1099 3696 Anthonii
1124 3633 1288 3696 institoris.

731 3773 927 3840 Consiliarii.

512 3901 592 3964 ltern
618 3900 794 3983 Gregorius
818 3899 1012 3984 Jagychycb.

514 4007 591 4069 item
615 4005 800 4070 Anthonius
825 4005 1025 4091 Oprasnych.

515 4113 592 4175 item
617 4115 729 4176 Petrus
753 4112 931 4197 Zydarych.

511 4220 589 4282 item
614 4221 737 4303 Symon
761 4239 867 4284 cocus.

514 4326 593 4389 item
618 4327 781 4390 Barnabas
803 4327 944 4390 sororius
968 4326 1092 4389 domini
1117 4325 1290 4388 Ambrosii.

514 4435 592 4498 Item
617 4437 755 4498 Jacobus
783 4434 934 4498 carnifex.

514 4543 592 4605 Item
619 4543 795 4625 Gregorius
819 4541 969 4624 frenipor.

514 4651 592 4712 item
617 4649 777 4731 Georgius
801 4663 911 4713 sartor.
937 4629 940 4636 ¹

517 4757 595 4818 Item
620 4757 738 4818 Paulus
762 4755 1143 4840 sartorFilcbebewycb.

517 4863 594 4925 item
620 4863 767 4946 Muthyas
790 4882 933 4945 arcupar.

517 4969 595 5032 item
621 4969 738 5032 Paulus
762 4989 904 5052 arcupar.
