3694 5782
392 604 455 668 294
794 580 999 663 Ann01466.
1024 618 1066 628 -
1090 581 1140 647 16.
1164 587 1244 648 maii.

496 798 574 860 ltem
591 797 680 878 quod
695 797 770 878 qnia
786 799 941 880 providus
954 811 984 860 et
997 797 1247 880 circumspectus
1264 798 1312 860 vir
1326 798 1497 861 Conradus
1514 799 1654 878 Rawsar,

390 905 497 966 senior
520 904 617 986 judex
641 917 671 965 et
696 904 838 965 concivis
869 917 989 984 noster,
1020 903 1117 966 hodie
1143 903 1321 986 injudicio
1354 904 1527 988 providum
1550 905 1654 966 virum

392 1012 528 1074 Paulum
552 1009 760 1090 aurifabrum,
786 1029 883 1092 quem
908 1012 975 1094 ipse
1004 1009 1175 1073 Conradus
1199 1011 1331 1073 Rawaar
1355 1010 1573 1074 infidelem'et
1596 1010 1653 1073 fal·

390 1119 509 1180 sarium
534 1117 699 1180 communi
732 1117 815 1178 dicte
848 1117 984 1180 civitatis
1013 1119 1184 1196 asserebat,
1210 1119 1422 1200 comprobare
1453 1118 1601 1198 debebat,
1625 1131 1657 1180 et

391 1225 466 1308 quia
491 1225 558 1307 ipse
582 1225 714 1285 Rawsar
739 1223 800 1286 hoc
824 1243 889 1286 non
915 1224 1148 1306 comprobavit,
1177 1243 1253 1304 ergo
1284 1224 1450 1286 convictus
1474 1239 1505 1286 et
1528 1223 1654 1306 adjudi-

391 1345 479 1394 catus
503 1345 550 1394 est
572 1351 629 1413 per
652 1331 772 1412 juratos
796 1331 829 1392 in
855 1331 929 1392 vivo
954 1330 1107 1412 homagio
1132 1331 1200 1413 ipse
1225 1331 1367 1394 Rawsar.

496 1438 574 1500 Item
599 1457 728 1499 causam
753 1437 835 1498 inter
856 1437 1071 1498 Laurencium
1089 1455 1210 1518 sporar,
1236 1451 1270 1499 ut
1294 1451 1446 1518 actorem,
1464 1453 1495 1500 et
1518 1438 1653 1500 Paulum

391 1543 583 1622 carnificem,
607 1555 642 1604 ut
665 1543 697 1604 in
722 1561 849 1604 causam
875 1555 1043 1604 attractum
1070 1543 1198 1604 racione
1229 1563 1294 1605 non
1318 1544 1549 1626 apreciacionia
1573 1563 1656 1606 mac·

391 1651 465 1713 celli
490 1665 521 1712 et
544 1668 660 1731 pascua
685 1663 866 1710 servantem
892 1668 965 1710 cum
990 1648 1186 1710 animalibus
1202 1649 1243 1711 ad
1268 1650 1441 1712 emendum
1467 1650 1586 1728 habita,
1609 1649 1656 1732 ju·

393 1757 453 1820 rati
485 1756 760 1838 adjudicaverunt,
792 1754 880 1836 quod
912 1754 1005 1816 sicuti
1036 1754 1090 1816 alii
1124 1755 1276 1818 animalia
1309 1757 1435 1818 venalia
1466 1757 1498 1818 in
1531 1756 1655 1838 pascuis

395 1865 577 1927 nutrierunt
600 1875 631 1924 et
655 1881 772 1944 pascua
796 1881 860 1924 non
886 1861 1051 1924 solverunt
1075 1861 1133 1943 ipsi
1160 1862 1281 1943 comiti,
1305 1864 1350 1925 sic
1374 1883 1433 1925 nec
1457 1863 1524 1945 ipse
1541 1863 1657 1924 Paulus

392 1969 533 2032 carnifex
555 1969 680 2031 solvere
698 1969 866 2030 tenebatur
882 1967 950 2050 ipsa
975 1987 1110 2050 pascua;
1135 1968 1174 2030 de
1192 1988 1258 2050 quo
1275 1968 1396 2050 judicio
1414 1969 1556 2052 ipsorum
1574 1967 1655 2048 jura·

390 2091 498 2138 torum
522 2075 590 2158 ipse
616 2074 811 2136 Laurencius
828 2093 894 2136 non
918 2086 1088 2136 contentus
1109 2074 1245 2136 eandem
1270 2095 1400 2137 causam
1424 2075 1601 2158 appellavit
1616 2075 1656 2136 ad

391 2182 533 2244 seniores
556 2181 689 2262 judices.

498 2288 576 2349 ltem
609 2307 736 2349 causam
768 2287 849 2348 inter
882 2285 1085 2351 Clementem
1118 2289 1279 2351 literatum
1311 2302 1343 2352 et
1367 2289 1513 2351 Blasium
1538 2289 1655 2351 Nelter-

391 2395 543 2478 schenylr,
568 2395 684 2476 (deest).

499 2502 578 2563 ltem
602 2520 730 2562 causam
755 2501 838 2564 inter
869 2501 1012 2564 relictam
1046 2502 1205 2586 Fwdrych
1230 2501 1420 2582 Clementis,
1453 2517 1486 2564 ut
1509 2503 1655 2564 actricem

392 2623 423 2671 et
447 2609 530 2670 inter
554 2607 718 2669 Thomam
744 2606 878 2669 Cheden
901 2608 1028 2670 racione
1046 2609 1277 2690 apreciacionis
1294 2609 1461 2670 cuiusdam
1487 2609 1574 2690 equi,
1592 2609 1655 2690 ipsa

392 2716 501 2778 relicta
526 2713 676 2796 quitquid
708 2712 786 2775 feria
819 2727 905 2776 sexta
934 2715 1079 2796 proxime
1111 2729 1246 2776 ventura
1270 2713 1302 2778 in
1335 2735 1387 2776 ara
1411 2729 1521 2776 sancte
1546 2713 1655 2776 Crucis

392 2821 496 2904 jurare
520 2821 692 2899 tenebitur,
725 2819 806 2881 illud
838 2820 905 2903 ipse
930 2819 1065 2882 Cheden
1098 2820 1204 2882 eidem
1236 2820 1361 2882 solvere
1392 2820 1555 2882 tenebitur
1579 2820 1654 2881 dum

393 2927 511 3009 jurabit
535 2941 691 3009 quantum
715 2926 893 3009 dampnum
918 2948 1067 3010 perpessa
1091 2926 1161 2990 luit.

503 3034 582 3096 Item
607 3034 710 3094 Lucas
734 3046 822 3095 sutor
845 3034 953 3095 senior
980 3033 1101 3114 juratus
1124 3046 1234 3096 contra
1264 3032 1463 3116 Stephanum
1488 3048 1520 3096 et
1537 3035 1653 3096 Lucam

393 3155 517 3202 sutores
542 3141 574 3201 itt
598 3139 719 3221 judicio
743 3159 809 3201 non
833 3139 1013 3222 comparuit
1037 3159 1146 3201 coram
1174 3140 1268 3201 nobis
1294 3153 1328 3202 ut
1351 3140 1499 3204 debebat.

500 3246 577 3308 ltem
602 3264 730 3307 causam
756 3245 837 3306 inter
862 3245 977 3328 Elyam
1002 3244 1134 3328 Gayslry
1157 3257 1189 3306 ct
1209 3246 1291 3308 inter
1315 3246 1515 3308 Anthonium
1542 3245 1653 3328 Optas-

396 3351 478 3434 nych
504 3350 633 3412 racione
656 3370 710 3412 sex
727 3350 808 3430 flor,
833 3349 900 3432 ipse
918 3351 1102 3412 Anthonius
1118 3351 1223 3433 jurare
1239 3352 1400 3414 tenebitur
1424 3353 1455 3413 in
1480 3373 1535 3415 ara
1550 3365 1652 3414 sancte

395 3458 519 3537 Crucis,
543 3457 632 3539 quod
657 3457 724 3538 ipse
750 3476 813 3519 non
838 3457 911 3539 plus
936 3458 996 3519 nisi
1020 3479 1073 3519 sex
1105 3457 1174 3521 flor.
1200 3459 1269 3520 auri
1293 3458 1425 3520 dederat
1449 3459 1578 3522 racione
1601 3459 1652 3520 de·

394 3565 552 3627 tencionis
577 3563 720 3626 eiusdem
746 3583 802 3646 per
826 3563 1025 3646 Capitulum.

501 3672 578 3732 Item
603 3671 670 3752 ipse
694 3671 791 3752 Elyas
815 3670 929 3732 eodem
956 3671 1008 3733 die
1032 3671 1136 3754 jurare
1155 3673 1328 3750 tenebitur,
1353 3672 1442 3754 quod
1467 3673 1535 3754 ipse
1560 3673 1650 3755 Elyas

394 3778 522 3859 caligas,
555 3796 634 3858 quas
667 3776 793 3839 dicebat
817 3777 884 3858 ipse
916 3777 1100 3839 Anthonius
1132 3779 1193 3847 sibi
1226 3779 1421 3861 promisisse,
1446 3779 1491 3840 nil
1516 3779 1566 3840 vel
1590 3798 1652 3840 mo·

395 3885 502 3945 dicum
528 3883 611 3965 ipsas
635 3884 753 3964 caligas
777 3884 828 3945 vel
853 3884 987 3966 aliquod
1011 3885 1099 3946 aliud
1124 3886 1269 3967 precium
1293 3885 1369 3947 dare
1393 3888 1573 3968 assumpsit.

501 3991 579 4052 ltem
613 3989 706 4070 jurati
738 3989 962 4070 adjudicarunt
1001 4011 1129 4052 causam
1162 3991 1311 4073 Gregorii
1344 3992 1477 4074 Stelbyn
1512 4006 1542 4054 et
1572 3993 1647 4053 inter

304 4131 306 4138 ι
394 4098 518 4158 Jellram
542 4096 687 4158 filarkam
711 4097 840 4158 racione
864 4096 1030 4158 cuiusdam
1063 4097 1190 4177 domus,
1221 4118 1318 4180 quam
1344 4099 1411 4181 ipsa
1435 4099 1524 4160 Jellra
1547 4098 1645 4159 eidem

394 4204 622 4286 propinaverat
653 4217 683 4264 et
714 4202 815 4264 lilium
848 4203 1037 4285 adoptivum
1069 4220 1291 4287 assumpserat,
1324 4225 1361 4267 ex
1393 4225 1458 4287 quo
1483 4207 1550 4288 ipsa
1576 4223 1645 4266 eun·

394 4311 467 4370 dem
494 4310 525 4370 in
550 4310 703 4391 premissa
728 4310 826 4371 domo
844 4329 968 4371 servare
993 4311 1110 4390 noluit,
1137 4311 1204 4392 ipsa
1221 4311 1328 4373 literas
1352 4331 1447 4393 super
1472 4312 1539 4394 ipsa
1555 4311 1644 4372 domo

392 4417 519 4478 racione
544 4415 626 4478 dacii
652 4417 871 4498 inpignoratas
903 4416 1060 4478 redimere
1085 4416 1215 4479 debebit
1238 4431 1269 4479 et
1286 4417 1354 4500 ipsa
1379 4417 1513 4479 domum
1538 4436 1593 4499 pro
1614 4435 1642 4476 se

390 4522 518 4584 habere.

498 4627 576 4690 ltem
602 4627 739 4690 Michael
772 4629 968 4690 baccalarius
1001 4643 1110 4691 contra
1142 4629 1314 4691 Nicolaum
1346 4629 1518 4712 pellificem
1550 4627 1643 4690 filium

391 4734 545 4796 Jankonis
577 4735 738 4816 arcuparis
769 4735 898 4797 racione
929 4736 1144 4817 percussionis
1175 4756 1232 4798 sue
1266 4736 1413 4799 tertiario
1444 4737 1554 4799 citatus
1583 4753 1641 4796 nou

390 4841 570 4922 comparuit
594 4860 703 4901 coram
728 4843 831 4904 nobis.

497 4946 574 5007 ltem
599 4945 693 5027 jurati
719 4947 985 5029 adjudicaverunt
1005 4968 1134 5010 causam
1160 4949 1241 5011 inter
1259 4949 1433 5010 Martinum
1458 4949 1592 5030 judicem
1614 4957 1640 5006 et

399 5052 590 5115 Michaelem
615 5053 718 5114 filium
743 5054 905 5117 Valentini
929 5053 1045 5136 judicis
1069 5055 1199 5117 racione
1215 5055 1431 5136 quorumdam
1455 5053 1637 5119 fossatorum

1820 1466 1824 1589 l
