3738 5786
591 481 678 536 Anno
701 491 790 554 1455·
815 513 856 520 -
880 493 931 554 24.
949 476 1103 552 januarii.
1437 477 1476 557 85

210 586 546 593 ——-—---———.—

210 691 281 754 tatis
305 691 444 774 turpiter
476 689 663 767 diffamavit,
698 709 794 771 quam
828 689 920 751 nullo
952 689 1051 750 modo
1084 689 1342 752 diffamacionem
1376 691 1480 772 potuit

210 801 434 880 comprobare,
451 798 526 858 ideo
543 796 637 878 jurati
655 795 921 876 adjudicaverunt
939 795 1044 876 ipsum
1065 795 1265 858 Anthonium
1293 817 1478 879 arcuparem

209 919 318 966 contra
344 904 509 986 predictos
532 902 654 983 judices
679 917 710 965 et
727 902 889 964 notarium
914 902 946 963 in
970 903 1045 964 vivo
1065 901 1241 984 (h)omagio
1267 903 1480 984 birsagialiter

210 1010 276 1072 fore
291 1011 488 1087 convictum,
502 1023 533 1072 et
545 1009 570 1070 si
585 1029 649 1070 non
667 1009 815 1071 habuerit
831 1027 904 1070 cum
918 1027 984 1090 quo
997 1008 1132 1087 solvere,
1146 1011 1328 1070 membrum
1346 1009 1479 1088 amittat,

210 1117 286 1198 juris
310 1117 454 1198 equitate
478 1129 509 1177 et
532 1115 733 1198 privilegiata
757 1115 882 1196 justicia
911 1115 1049 1176 civitatis
1073 1115 1213 1198 predicte
1238 1115 1431 1198 requirente.

396 1281 495 1357 laria
522 1293 621 1356 sexta
649 1291 727 1356 ante
755 1283 1010 1357 conversionem
1039 1287 1149 1356 sancti
1179 1283 1286 1356 Pauli.

711 1417 779 1499 (24.
796 1419 968 1497 januarii).

318 1543 396 1604 item
421 1543 498 1624 quia
522 1543 664 1624 religiosi
682 1555 713 1604 et
737 1542 865 1604 discreti
882 1542 941 1604 viri
966 1561 1002 1604 ac
1019 1541 1127 1625 plures
1144 1541 1271 1624 providi
1297 1557 1327 1605 et
1353 1545 1478 1608 honesti

208 1651 267 1711 viri
294 1657 354 1732 pro
379 1649 495 1710 eodem
520 1648 687 1711 Anthonio
711 1649 821 1730 judici,
845 1649 956 1730 juratis
980 1662 1011 1710 et
1029 1649 1184 1710 universis
1209 1650 1331 1712 civibus
1356 1671 1391 1712 ac
1416 1651 1473 1714 toti

209 1756 436 1818 communitati
462 1775 498 1817 ac
522 1755 616 1817 dictis
640 1755 785 1837 partibus
809 1755 874 1816 suis
892 1755 1033 1818 adversis
1058 1755 1160 1818 estin
1186 1775 1224 1818 eo
1249 1757 1478 1839 supplicatum,

209 1877 243 1925 ut
268 1862 327 1944 ipsi
353 1861 521 1924 Anthonio
545 1863 691 1944 arcupari
716 1863 856 1943 graciam
881 1861 984 1924 lacere
1012 1861 1221 1944 dignarentur
1245 1883 1303 1944 pro
1327 1864 1477 1946 predictis

209 1969 303 2030 malis
327 1968 394 2029 suis
418 1967 518 2046 factis,
544 1967 618 2030 ideo
643 1968 749 2048 judex,
782 1969 876 2049 jurati
901 1981 932 2030 et
962 1969 1101 2030 universi
1127 1969 1211 2030 cives
1235 1989 1271 2030 ac
1295 1983 1361 2032 tota
1386 1989 1474 2030 com-

208 2075 350 2137 munitas
371 2089 402 2136 et
419 2075 485 2157 ipse
511 2087 614 2156 partes
639 2075 771 2136 adverse
796 2075 854 2156 ipsi
880 2074 1046 2136 Anthonio
1063 2075 1208 2156 arcupari
1233 2095 1291 2157 pro
1316 2076 1478 2158 premissis

208 2181 298 2244 factis
322 2181 389 2242 suis
413 2181 506 2242 malis
528 2181 670 2262 graciam
694 2180 838 2242 fecerunt
862 2181 917 2244 tali
943 2181 1053 2259 modo,
1078 2193 1113 2243 ut
1130 2181 1196 2262 ipse
1221 2179 1259 2242 de
1285 2195 1390 2242 cetero
1408 2183 1475 2264 ipsa

208 2287 290 2350 lacta
314 2307 372 2349 sua
398 2286 482 2348 mala
507 2307 571 2348 non
590 2301 723 2348 renovet
747 2307 805 2349 nec
823 2307 977 2349 renovare
995 2287 1120 2365 debeat,
1145 2306 1209 2368 que
1225 2289 1250 2348 si
1275 2288 1475 2350 renovaverit

206 2410 239 2458 et
270 2394 389 2456 similia
422 2395 651 2476 perpetraverit
681 2409 796 2456 extunc
821 2396 916 2456 rebus
944 2393 976 2455 in
1009 2394 1273 2456 communitatem
1307 2395 1475 2477 applicatis

206 2517 375 2585 tamquam
400 2500 528 2563 infamis
552 2501 592 2562 de
625 2501 752 2562 civitate
777 2515 807 2562 et
839 2501 907 2562 eius
931 2501 1090 2562 territorio
1122 2501 1256 2583 turpiter
1280 2501 1476 2584 expelletur;

208 2611 285 2672 item
310 2608 349 2670 de
376 2621 482 2670 cetero
514 2609 581 2690 ipse
607 2607 792 2669 Anthonius
823 2627 958 2689 arcupar
981 2625 1069 2668 arma
1103 2627 1167 2668 non
1192 2607 1307 2670 debeat
1339 2621 1475 2690 portare,

205 2731 237 2778 et
262 2717 461 2798 quicumque
486 2715 605 2776 civium
630 2715 662 2776 in
695 2713 779 2777 lacto
811 2714 967 2796 premisso
1000 2714 1196 2775 excusaverit
1228 2727 1259 2776 et
1282 2733 1379 2796 penes
1402 2733 1475 2776 eum

205 2837 316 2884 contra
351 2821 617 2884 communitatem
654 2822 706 2882 vel
739 2821 824 2903 ipsos
856 2839 931 2882 suos
955 2819 1155 2882 adversarios
1187 2819 1270 2882 facto
1294 2821 1345 2882 vel
1377 2823 1475 2883 verbo

205 2928 407 3012 processerit,
432 2927 523 3010 penis
547 2927 707 2988 similibus
731 2928 878 3010 superius
903 2927 1091 3008 expressatis
1115 2926 1277 3008 subjaceat
1301 2927 1475 3010 condemp-

205 3049 298 3097 natus
323 3034 411 3116 juxta
435 3045 583 3096 contenta
608 3034 767 3116 privilegii
793 3033 983 3096 communis.

312 3139 392 3202 ltem
417 3140 493 3221 quia
518 3138 695 3222 Gregorius
719 3139 823 3200 dictus
847 3138 1067 3221 Wrecharych
1091 3137 1176 3200 lilius
1201 3138 1353 3222 Philippi,
1377 3161 1475 3222 gener

206 3248 345 3310 condam
373 3247 456 3308 Petri
481 3247 557 3308 dicti
581 3246 811 3330 Wrecharych,
844 3259 1013 3329 propterea
1038 3247 1127 3328 quod
1152 3248 1254 3309 Lucas
1278 3261 1366 3310 sutor
1390 3248 1475 3311 lilius

207 3353 349 3437 Mathye‚
375 3352 507 3434 juratas,
531 3353 674 3414 concivis
706 3365 823 3432 noster,
856 3367 966 3414 contra
993 3353 1097 3435 ipsum
1131 3353 1325 3434 litigionarie
1357 3375 1473 3437 propo-

207 3463 314 3540 nebat,
339 3472 375 3521 ut
397 3459 465 3542 ipse
488 3459 548 3520 sibi
575 3460 607 3520 in
633 3460 732 3520 domo
757 3473 788 3520 et
816 3457 917 3521 fundo
942 3479 978 3521 ac
1002 3460 1120 3521 celario
1152 3480 1211 3521 suo
1236 3480 1292 3543 per
1315 3461 1474 3522 subintra-

209 3568 334 3630 cionem
360 3585 443 3647 aque
468 3566 508 3627 de
525 3565 643 3627 celario
666 3565 765 3646 ipsius
783 3564 930 3646 Gregorii
948 3566 988 3626 ad
1006 3566 1159 3628 celarium
1179 3567 1358 3648 predictum
1376 3567 1475 3649 ipsius

208 3675 293 3736 Luce
318 3673 446 3750 sutoris,
479 3672 584 3754 jurati,
617 3671 794 3754 dampnum
826 3670 951 3733 lecisset
981 3671 1021 3733 ad
1046 3672 1188 3734 valorem
1222 3691 1275 3733 sex
1300 3671 1369 3734 flor.
1395 3674 1474 3752 auri,

208 3795 238 3843 et
260 3793 392 3863 propter
417 3799 482 3840 non
506 3778 707 3840 solucionem
732 3777 899 3840 daciorum
933 3779 1141 3840 dominorum
1166 3793 1349 3841 nostrorum
1375 3793 1405 3841 et
1429 3793 1473 3842 ta·

208 3907 319 3950 xarum
352 3898 533 3948 nostrarum
566 3886 788 3947 communium
821 3886 920 3947 nostri
950 3886 982 3946 in
1016 3886 1214 3968 presenciam
1240 3886 1413 3947 advocatus
1444 3901 1475 3948 et

211 3995 371 4060 amonitus
396 4011 453 4054 nec
486 3992 663 4074 dampnum
695 3992 874 4074 predictum
907 3991 1007 4073 ipsius
1031 3992 1116 4052 Luce
1149 3989 1242 4072 jurati
1267 4005 1297 4053 et
1321 4013 1474 4074 expensas

210 4101 241 4162 in
266 4099 413 4183 pluribus
437 4111 468 4160 et
498 4096 732 4159 sufficientibus
756 4098 900 4159 terminis
923 4096 1067 4178 juridicis
1090 4098 1149 4158 sibi
1175 4118 1231 4179 per
1256 4119 1313 4159 nos
1338 4100 1418 4160 datis
1442 4113 1473 4162 et

207 4205 385 4288 assignatis,
410 4224 516 4286 neque
540 4204 641 4266 eciam
667 4205 733 4286 ipsa
759 4204 848 4266 dacia
872 4203 1032 4266 dictorum
1057 4204 1264 4266 dominorum
1289 4219 1471 4267 nostrorum

207 4333 264 4375 nec
287 4312 448 4394 predictas
472 4324 558 4372 taxas
590 4325 713 4372 nostras
745 4329 934 4373 communes
966 4311 1066 4372 eciam
1100 4311 1139 4372 ad
1171 4312 1285 4373 trinam
1313 4311 1471 4374 sorensem

207 4418 500 4501 proclamacionem
525 4429 666 4478 nostram
698 4436 904 4478 communem
937 4417 1108 4500 superinde
1134 4417 1250 4480 iactam
1275 4431 1415 4480 nostram
1441 4420 1472 4480 in

208 4525 404 4608 presenciam
427 4525 547 4603 venire,
578 4543 683 4605 neque
716 4525 858 4605 aliquem
889 4543 946 4606 pro
971 4545 1004 4586 se
1037 4525 1163 4587 mittere
1187 4526 1310 4587 curavit
1335 4539 1368 4587 ut
1404 4527 1472 4608 ipse

212 4631 386 4713 predictam
412 4630 547 4691 domum
572 4644 602 4692 et
626 4629 763 4691 fundum
781 4651 817 4692 ac
841 4631 993 4692 celarium
1011 4651 1104 4692 suum
1130 4631 1333 4694 reformasset
1357 4646 1387 4694 et
1413 4633 1471 4715 ipsi

214 4738 297 4800 Luce
309 4737 416 4819 jurato
429 4737 469 4798 de
486 4736 579 4798 dictis
592 4737 740 4819 dampnis
754 4751 784 4798 et
801 4737 946 4819 expensis
963 4738 1028 4798 suis
1041 4757 1076 4798 ac
1090 4737 1182 4799 dictis
1196 4737 1336 4798 dominis
1354 4739 1470 4800 nostris

212 4859 242 4906 et
265 4845 357 4906 nobis
382 4843 423 4906 de
448 4843 541 4905 dictis
563 4843 662 4905 daciis
693 4844 932 4906 exsolucionem
966 4865 1139 4926 congruam
1166 4843 1308 4920 lecisset3
1333 4845 1386 4906 sed
1413 4866 1470 4908 nec

211 4951 360 5013 Nicolaus
384 4963 473 5013 sutor
496 4970 594 5031 gener
618 4971 693 5012 suus
717 4971 772 5032 per
804 4971 863 5011 nos
888 4951 919 5012 in
945 4951 1088 5013 medium
1114 4952 1212 5013 nostri
1238 4951 1412 5014 advocatus
1438 4965 1470 5015 et
