3838 5786
728 594 814 651 Anno
838 605 926 670 1473.
955 627 993 636 -
1019 609 1065 670 13.
1090 597 1217 668 augusti.
1546 614 1611 676 429

346 810 447 868 cobus
472 807 634 866 indecem
654 804 774 866 marcis·
794 805 1010 879 denariorum,
1033 806 1111 866 duas
1130 820 1234 887 partes
1251 807 1410 887 judicibus
1435 823 1465 868 et
1481 809 1610 870 terciam

346 925 468 993 partem
494 910 616 994 prelato
642 911 896 993 Naspoliehyczc
920 911 1154 972 insolvendam.

453 1035 529 1097 Item
556 1049 665 1098 contra
684 1035 849 1097 Matheum
875 1033 1021 1096 santhaui
1039 1035 1160 1096 dictum
1175 1033 1235 1098 fuit
1252 1037 1365 1098 citatus
1389 1038 1429 1101 N.
1446 1037 1611 1100 familiaris

348 1142 476 1205 Thome
502 1142 657 1204 Horwath
682 1143 817 1204 senioris
841 1141 967 1222 judicis,
992 1157 1023 1203 et
1047 1161 1111 1202 non
1130 1144 1309 1225 comparuit
1333 1165 1440 1226 neque
1464 1146 1536 1207 loco
1561 1147 1609 1208 sui

345 1249 532 1332 quempiam
557 1250 654 1312 misit.

451 1375 528 1436 Item
554 1394 646 1435 causa
672 1394 735 1455 que
759 1374 987 1436 ventillabatur
1012 1375 1093 1436 inter
1126 1373 1289 1454 egregium
1316 1373 1530 1437 Cristoforum
1556 1396 1609 1438 ex·

344 1494 484 1542 actorem
511 1481 729 1561 vectigalium,
754 1482 793 1542 ab
822 1501 896 1558 una,
930 1495 960 1542 et
984 1482 1127 1543 Marcum
1161 1479 1342 1542 carnificem
1367 1481 1445 1541 alias
1470 1481 1606 1561 juratum

344 1603 500 1666 nostrum,
532 1601 567 1648 ut
599 1588 630 1648 ln
664 1607 792 1648 causam
824 1601 1003 1665 attractum,
1035 1588 1163 1648 racione
1197 1600 1227 1647 et
1260 1600 1405 1669 pretextu
1441 1588 1607 1649 cuiusdam

342 1694 430 1774 pilei,
455 1695 501 1754 uti
527 1694 612 1755 idem
640 1693 836 1756 Cristoforus
869 1709 977 1755 contra
1009 1693 1147 1755 eundern
1182 1694 1326 1754 Marcum
1359 1696 1544 1775 opponebat
1576 1697 1606 1756 in

343 1799 429 1860 dicto
453 1801 600 1880 vectigali
635 1800 865 1883 deperdidisse,
890 1814 936 1861 est
967 1799 1148 1879 adjudicata
1173 1799 1320 1882 perprius
1352 1799 1551 1881 periuratos
1576 1814 1607 1863 et

343 1905 474 1967 demum
507 1927 564 1989 per
587 1907 729 1968 seniores
761 1905 890 1988 juratos,
916 1907 957 1968 ita
981 1919 1099 1984 tamen,
1129 1919 1163 1967 ut
1195 1907 1280 1966 idem
1315 1906 1440 1967 Marcus
1464 1906 1604 1968 carnifex

342 2011 558 2093 juramentum
584 2013 615 2073 in
641 2013 775 2074 ecclesia
809 2013 891 2073 beati
916 2013 1013 2074 Marci
1048 2013 1080 2073 ln
1113 2033 1164 2073 ara
1197 2026 1303 2073 sancte
1329 2011 1442 2074 Crucis
1478 2015 1606 2095 quinto·

342 2119 468 2180 decimo
493 2119 544 2179 die
570 2118 785 2199 juramentum
811 2119 973 2200 deponere
999 2119 1146 2195 deberet;
1172 2119 1363 2201 quiquidem
1389 2121 1516 2181 Marcus
1540 2142 1605 2182 car·

341 2223 426 2286 nifex
458 2225 528 2306 ipso
560 2225 612 2286 die
644 2226 836 2286 adveniente
868 2225 1083 2306 juramentum
1116 2225 1293 2286 secundum
1327 2225 1605 2306 adjudicaeionem

342 2343 483 2391 nostram
509 2347 567 2392 suo
591 2332 689 2392 modo
713 2331 861 2414 deposuit
886 2345 916 2394 et
940 2346 986 2393 est
1010 2333 1049 2392 ab
1079 2331 1285 2413 impericione
1311 2331 1410 2413 ipsius
1436 2331 1605 2393 Cristolori

342 2438 520 2500 absolutus.

342 2673 437 2747 Feria
466 2685 563 2748 sexta
584 2677 739 2764 proxima
758 2686 837 2748 ante
869 2677 991 2747 lestum
1012 2675 1265 2765 AssumpcionIs
1285 2675 1429 2766 virginis
1449 2680 1604 2766 gloriose.

860 2831 919 2907 (13.
944 2831 1085 2904 augusti).

446 2970 522 3031 Item
549 2990 644 3031 causa
677 2989 739 3051 que
772 2970 986 3031 ventilabatur
1018 2971 1100 3031 inter
1138 2971 1301 3031 Andream
1334 2969 1471 3046 juratum
1497 2983 1527 3031 et
1559 2969 1572 3031 f
1594 3007 1603 3016 ·

341 3077 466 3138 mulum
493 3077 659 3138 Michaelis
684 3077 831 3157 pellifieis
852 3077 980 3138 racione
1004 3077 1220 3158 percussionis
1244 3096 1300 3158 per
1318 3077 1420 3158 ipsum
1446 3075 1602 3138 famulum

343 3183 418 3244 dicti
457 3181 568 3243 famuli
603 3183 770 3244 Michaelis
801 3181 948 3264 pellificis
981 3197 1027 3244 est
1058 3183 1249 3264 adjudicata,
1280 3197 1315 3243 ut
1346 3183 1430 3243 idern
1464 3182 1604 3244 famulus

339 3289 451 3350 decem
477 3309 598 3350 marcas
623 3290 775 3368 exsolvat,
804 3303 858 3350 aut
888 3291 912 3350 si
939 3291 1066 3352 easdem
1100 3309 1172 3351 curn
1206 3289 1323 3370 quibus
1348 3289 1510 3351 exsolvere
1536 3311 1600 3351 non

337 3395 441 3474 habet,
466 3409 541 3456 tunc
567 3397 747 3456 membrum
773 3416 845 3457 cum
870 3415 936 3477 quo
960 3395 1154 3478 perpetravit
1177 3395 1310 3456 amittat.

444 3521 520 3581 Item
547 3541 639 3582 causa
673 3541 735 3602 que
769 3523 958 3582 movebatur
990 3522 1118 3582 racione
1145 3519 1309 3582 Michaelis
1341 3518 1452 3582 lamuli
1479 3523 1601 3600 Koncz,

336 3626 463 3687 racione
496 3628 570 3708 quia
604 3627 688 3688 idem
722 3626 862 3688 famulus
896 3647 967 3688 cum
998 3627 1093 3688 corda
1128 3647 1159 3688 se
1193 3642 1277 3687 extra
1310 3645 1437 3687 murum
1464 3629 1601 3690 civitatis

335 3733 438 3792 noctis
463 3733 494 3793 in
520 3733 653 3794 silencio
678 3733 862 3812 transmisit,
887 3747 933 3794 est
951 3733 1143 3813 adjudicata,
1169 3747 1202 3793 ut
1227 3734 1369 3814 corporis
1393 3735 1600 3797 truncaeione

336 3839 375 3898 ad
401 3854 540 3920 quatuor
564 3853 668 3921 partes
693 3840 793 3900 dividi
819 3840 944 3902 debeat.

443 3963 519 4024 Item
546 3984 638 4024 causa
665 3985 727 4045 que
753 3967 935 4025 vertebatur
961 3965 1042 4025 inter
1067 3963 1188 4025 Doram
1221 3964 1319 4026 filiam
1345 3965 1506 4026 Valentini
1533 3967 1598 4027 Ma·

336 4070 426 4131 risicz
451 4084 483 4131 et
509 4071 641 4131 Luciam
679 4085 726 4132 est
751 4070 942 4150 adjudicata,
968 4085 1001 4132 ut
1036 4071 1102 4152 ipsa
1128 4071 1212 4132 Dora
1239 4071 1303 4132 filia
1328 4073 1489 4134 Valentini
1516 4074 1598 4135 dicte

337 4177 433 4237 Lucie
458 4177 538 4237 duas
562 4197 684 4238 marcas
709 4177 852 4238 exsolvat
877 4191 906 4238 et
930 4176 1089 4257 judicibus
1114 4193 1241 4239 centum
1268 4179 1426 4241 denarios.

441 4300 519 4362 Item
545 4321 638 4362 causa
663 4321 724 4382 que
750 4303 932 4362 vertebatur
957 4301 1037 4362 inter
1066 4302 1238 4364 Martinum
1265 4323 1451 4386 arcuparem
1477 4317 1506 4365 et
1532 4308 1596 4364 An-

336 4408 446 4468 dream
479 4403 640 4469 famulum
672 4408 816 4469 eiusdem
860 4409 987 4468 racione
1020 4409 1227 4470 serviciorum
1264 4424 1311 4471 est
1342 4409 1532 4491 adjudicata,
1565 4426 1599 4471 ut

333 4514 479 4594 quelibet
503 4533 576 4594 pars
600 4515 696 4594 eligat
729 4514 810 4574 duos
841 4514 976 4575 idoneos
1007 4515 1092 4575 viros
1116 4529 1146 4576 et
1178 4517 1294 4576 auditis
1325 4517 1467 4598 partibus
1492 4518 1596 4578 diseu-

334 4620 418 4681 ciant
442 4620 621 4680 secundum
649 4619 762 4702 (quod)
788 4621 833 4680 eis
857 4621 959 4701 magis
983 4621 1155 4683 videbitur.

440 4745 516 4807 Item
543 4763 637 4806 causa
655 4764 717 4825 que
734 4746 924 4807 movebatur
942 4745 1024 4806 iuter
1055 4765 1188 4806 uxorem
1207 4747 1286 4828 Elye
1314 4747 1431 4808 sutoris
1455 4747 1494 4807 de
1524 4747 1595 4807 vico

333 4865 488 4929 sutorum,
521 4866 552 4913 et
584 4850 743 4932 Agatham
780 4865 826 4911 est
857 4851 1048 4932 adjudicata,
1078 4865 1112 4913 ut
1144 4853 1227 4913 dicta
1251 4873 1331 4914 uxor
1364 4854 1442 4935 Elye
1467 4853 1595 4914 racione

332 4959 547 5039 percussionis
579 4959 662 5020 dicte
687 4959 811 5040 Agathe
845 4958 955 5020 decem
981 4978 1094 5041 pensas
1126 4960 1269 5023 exsolvat
1285 4976 1315 5022 et
1339 4960 1498 5040 judicibus
1522 4980 1595 5023 cen·

332 5076 399 5126 tunt
426 5063 586 5130 denarios.
906 5069 911 5080 '
