3852 5814
297 684 393 745 tritici
417 683 598 764 persolvere
624 683 764 744 deberet.
791 683 866 745 ltem
892 683 1005 744 eadem
1029 683 1125 744 Lucia
1151 682 1231 744 lassa
1257 699 1302 744 est
1327 703 1365 745 eo
1391 685 1501 762 mod0,
1531 701 1564 745 ut

299 789 488 852 Valentinus
513 787 597 850 filius
620 809 696 849 suus
729 791 874 850 intrasset
907 791 966 850 sub
998 803 1123 870 portam
1156 790 1242 850 curie
1272 790 1427 851 lobannis
1453 791 1563 851 Passar

298 911 329 958 et
350 895 408 957 sibi
434 895 607 957 Valentino
632 895 745 957 eadem
771 896 860 958 Jelka
886 895 1001 956 ancilla
1026 914 1098 956 cum
1121 915 1187 956 uno
1211 896 1290 977 pilio
1315 896 1354 956 de
1380 897 1444 958 sale
1464 897 1563 978 ipsius

300 1001 456 1063 lohannis
481 1001 575 1062 Pasar
600 1001 751 1081 dedisset,
777 1015 807 1063 et
831 1003 875 1062 sic
900 1004 959 1062 sub
989 1001 1101 1062 eadem
1135 1016 1226 1083 porta
1252 1003 1336 1063 curie
1362 1003 1509 1064 exivisset
1534 1017 1564 1065 et

298 1110 403 1190 ipsum
428 1107 474 1168 sal
499 1107 560 1168 sibi
586 1108 684 1168 Lucie
711 1109 803 1169 matri
836 1129 892 1169 sue
921 1108 960 1169 ad
994 1108 1127 1169 domum
1153 1121 1319 1188 portasset,
1351 1123 1455 1170 cetera
1487 1110 1564 1173 dicit

297 1215 434 1296 ignorat.

403 1319 480 1382 ltem
506 1319 619 1381 eadem
645 1320 743 1380 Lucia
769 1320 886 1380 mulier
919 1321 950 1380 in
976 1333 1140 1382 tormento
1174 1322 1250 1383 dum
1275 1336 1373 1384 tracta
1399 1322 1459 1384 fuit
1483 1322 1563 1384 fassa

297 1441 343 1488 est
367 1448 406 1488 eo
431 1426 540 1505 modo,
565 1441 600 1487 ut
632 1426 745 1487 eadem
777 1427 893 1487 aneilla
919 1426 957 1486 de
991 1427 1090 1488 domo
1123 1428 1267 1489 eiusdem
1301 1430 1442 1491 mediam
1475 1449 1561 1490 men·

296 1527 467 1595 suram'de
491 1534 597 1594 tritico
622 1533 777 1594 Johannis
802 1533 912 1593 Passar
948 1534 987 1593 ad
1023 1533 1156 1594 domum
1182 1533 1319 1596 Dionisii
1352 1537 1481 1597 sartoris
1505 1555 1563 1618 pro

296 1641 433 1722 panibus
456 1639 595 1720 portavit
619 1659 677 1720 pro
702 1658 801 1700 uxore
823 1638 966 1700 eiusdem
993 1638 1133 1700 Dionisii
1151 1641 1290 1718 sartoris,
1316 1655 1346 1702 et
1371 1642 1450 1702 dixit
1474 1642 1562 1722 quod

296 1746 363 1828 ipsa
389 1765 468 1806 uxor
497 1743 610 1827 prefati
644 1744 782 1806 Dionisii
814 1745 944 1806 sartoris
975 1760 1092 1807 eotunc
1123 1759 1267 1829 tempore
1300 1767 1365 1808 non
1391 1747 1450 1809 luit
1474 1748 1562 1808 domi

297 1852 357 1913 nisi
381 1850 442 1912 luit
466 1851 498 1911 in
524 1850 595 1912 foro
621 1871 720 1932 penes
744 1851 854 1912 oleum
878 1870 972 1912 suum
999 1853 1052 1913 ubi
1079 1853 1247 1914 vendebat.

404 1959 480 2021 ltem
506 1978 600 2020 causa
626 1978 683 2038 pro
709 1971 796 2040 parte
815 1958 958 2018 eiusdem
984 1958 1084 2019 Lucie
1102 1960 1210 2020 uxoris
1235 1960 1335 2041 ipsius
1360 1960 1483 2021 Nicolai
1504 1981 1561 2042 pro

297 2065 461 2127 furticinio
486 2065 701 2146 suprascripto
727 2064 818 2142 jurati
842 2063 1119 2143 adjudicaverunt,
1138 2066 1226 2146 quod
1251 2066 1318 2147 ipsa
1345 2067 1442 2127 Lucia
1467 2067 1563 2127 debet

297 2172 413 2253 privari
440 2172 535 2231 unius
559 2170 700 2230 auricule
728 2185 758 2230 et
783 2170 822 2230 de
855 2170 981 2232 civitate
1007 2185 1038 2233 et
1061 2171 1128 2232 eius
1159 2173 1319 2234 territorio
1345 2186 1430 2234 extra
1456 2173 1561 2254 expel-

296 2277 379 2338 latur
404 2291 434 2338 et
458 2275 520 2356 jam
539 2276 688 2336 introitus
719 2275 779 2336 sibi
798 2275 896 2336 Lucie
914 2276 1050 2336 civitatis
1067 2290 1098 2337 et
1114 2278 1182 2338 eius
1198 2278 1347 2338 territorii
1365 2277 1561 2359 prohibetur.

402 2382 480 2444 ltem
507 2401 600 2442 causa
624 2401 682 2463 pro
715 2395 803 2462 parte
830 2381 982 2463 Stephani
1017 2381 1243 2466 Horuoyeuicz
1278 2383 1406 2444 racione
1437 2397 1466 2444 et
1491 2403 1561 2464 pre-

296 2503 383 2552 textu
407 2489 575 2550 cuiusdam
600 2507 718 2567 rerum,
736 2488 885 2550 videlicet
909 2502 997 2570 parte
1023 2508 1096 2550 cum
1114 2487 1174 2550 filis
1191 2490 1295 2550 aureis
1318 2502 1412 2567 texte,
1430 2489 1561 2551 ecclesie

297 2598 380 2658 beati
407 2597 505 2658 Marci
530 2595 736 2676 ewangeliste
767 2615 823 2677 per
849 2594 1027 2656 lohannem
1062 2594 1303 2657 Keleminchicz
1342 2595 1489 2674 furatam,
1514 2595 1560 2676 ju·

297 2704 354 2765 rati
380 2702 655 2783 adjudicaverunt,
674 2701 762 2782 quod
781 2700 866 2761 idem
894 2701 1074 2782 Stephanus
1093 2701 1321 2784 Horuoyeuicz
1339 2702 1434 2762 debet
1458 2702 1560 2783 jurare

297 2812 328 2870 in
354 2829 407 2870 ara
432 2821 540 2869 sancte
565 2807 678 2869 Crucis
704 2808 735 2867 in
760 2808 893 2867 ecclesia
917 2806 1042 2887 (sancti)
1071 2807 1168 2868 Marci
1196 2809 1378 2869 terciusmet
1402 2808 1561 2868 similibus

296 2935 391 2998 super
416 2934 466 2993 e0,
488 2914 576 2995 quod
602 2915 669 2996 ipse
694 2913 828 2974 nescivit
851 2913 938 2993 quod
964 2933 1013 2975 res
1036 2913 1177 2995 predicte
1203 2915 1335 2976 ecclesie
1360 2914 1442 2974 beati
1462 2915 1558 2975 Marci

297 3021 439 3083 fuissent.

400 3127 476 3189 ltem
495 3146 580 3187 anno
606 3127 738 3187 Domini
760 3126 933 3187 millesimo
947 3140 1006 3187 etc.
1024 3125 1261 3207 septuagesimo
1286 3145 1373 3186 nono
1399 3125 1560 3186 lohannes

296 3235 440 3296 literatus
467 3233 706 3294 Keleminchicz
739 3233 842 3293 dictus
867 3233 897 3294 in
931 3233 1003 3293 loco
1027 3232 1122 3292 solito
1154 3245 1184 3291 et
1218 3246 1369 3292 consveto
1393 3232 1452 3292 sub
1478 3251 1558 3291 mar·

295 3342 369 3402 tirio
394 3340 494 3401 lassus
519 3353 564 3400 est
588 3358 627 3401 eo
645 3339 754 3416 modo,
779 3339 929 3399 videlicet
954 3336 1031 3399 feria
1049 3351 1160 3418 quarta
1185 3337 1328 3418 proxima
1355 3351 1425 3418 post
1442 3334 1557 3398 festum

297 3446 557 3508 Resurreccionis
582 3445 731 3506 Domini:
756 3445 829 3505 itenr
856 3445 961 3525 primo
986 3443 1086 3504 lassus
1111 3459 1156 3503 est
1181 3462 1219 3503 eo
1244 3443 1353 3520 modo,
1378 3445 1464 3523 quod
1484 3444 1558 3523 quia

298 3553 496 3615 honorabilis
521 3553 567 3612 vir
585 3551 737 3612 dominus
756 3551 901 3611 Matheus
926 3551 1082 3630 plebanus
1101 3550 1130 3608 in
1150 3549 1276 3610 civitate
1294 3549 1559 3628 Montigrecensis

297 3659 460 3742 petivisset
485 3659 588 3740 ipsum
614 3659 644 3717 in
671 3656 732 3717 hiis
756 3655 1089 3737 quadragesimalibus
1112 3654 1223 3715 diebus
1249 3668 1282 3714 ut
1307 3654 1494 3715 indumenta
1511 3675 1557 3714 sa-

296 3766 469 3828 cerdotalia
494 3766 526 3826 in
552 3765 692 3825 sacristia
719 3764 802 3824 beati
822 3764 920 3823 Marci
945 3761 1161 3840 ewangeliste,
1187 3761 1328 3821 eiusdem
1355 3761 1500 3839 civitatis,
1518 3761 1557 3821 ad

294 3871 373 3934 festa
397 3871 535 3953 pascalia
559 3871 717 3931 vimbrare
743 3885 773 3930 et
794 3868 950 3930 mundare
985 3867 1125 3942 deberet,
1158 3866 1246 3946 qnod
1271 3881 1301 3926 et
1333 3867 1503 3926 vimbravit
1528 3879 1558 3926 et

295 3979 472 4057 mundavit,
498 3978 552 4038 ubi
577 3991 683 4038 autem
710 3997 746 4037 ex
773 3977 963 4037 indumento
988 3990 1018 4036 et
1047 3975 1196 4036 ordinato
1221 3973 1409 4034 sacerdotali
1436 3972 1557 4055 prefate

294 4087 425 4148 ecclesie
450 4085 613 4166 quandam
638 4099 760 4165 partam
786 4084 825 4143 de
851 4081 911 4144 filis
939 4083 1043 4144 aureis
1074 4095 1192 4142 textam
1219 4079 1334 4141 furtive
1360 4079 1391 4140 in
1418 4079 1557 4140 sacristia

295 4194 463 4275 recepisset
487 4213 523 4253 ac
546 4211 691 4273 gemmas
716 4190 755 4251 de
774 4189 929 4250 humerali
956 4190 1098 4270 predicte
1117 4187 1247 4250 ecclesie
1272 4187 1418 4247 similiter
1442 4185 1556 4247 furtive

295 4300 472 4361 excidisset.

402 4407 489 4467 ldem
514 4405 615 4466 fassus
639 4418 686 4466 est
710 4423 748 4464 eo
774 4403 883 4480 modo,
917 4402 1004 4483 quod
1031 4400 1211 4482 Stephanus
1236 4400 1454 4462 Horuoieuicz
1480 4401 1556 4460 dum

295 4514 436 4594 predicte
462 4533 510 4574 res
532 4511 664 4572 ecclesie
688 4507 792 4572 furate
817 4507 959 4586 fuissent,
984 4508 1090 4569 eidem
1109 4507 1271 4588 Stephano
1295 4526 1351 4588 pet
1376 4508 1478 4587 ipsum
1505 4507 1556 4566 lo·

296 4619 433 4680 hannem
472 4631 650 4700 presentate
687 4619 726 4677 ad
763 4617 968 4676 vendendum
1001 4611 1117 4692 forent,
1149 4614 1204 4695 qui
1235 4627 1342 4674 tamen
1378 4612 1558 4694 Stephanus

294 4726 386 4787 scivit
411 4725 499 4806 quod
525 4745 574 4786 res
598 4723 719 4805 prefate
751 4723 885 4784 ecclesie
917 4736 1017 4800 erant,
1049 4721 1104 4802 qui
1130 4719 1259 4781 insimul
1293 4719 1558 4779 determinassem

296 4832 445 4910 vendere,
470 4832 642 4893 voluerunt
667 4845 701 4892 ut
726 4829 900 4910 unicuique
925 4829 1031 4889 media
1054 4847 1125 4909 pars
1149 4826 1297 4902 cedetur;
1323 4841 1353 4885 et
1378 4825 1462 4885 idem
1490 4825 1557 4886 Ste-

296 4937 420 5020 phanus
446 4937 667 4999 Horuoieuicz
693 4938 793 5018 ipsam
822 4949 943 5018 partam
977 4934 1015 4996 ad
1041 4931 1246 4995 vendendum
1272 4945 1452 5014 portaverat
1476 4931 1557 4992 circa
