3852 5814
423 589 487 666 466
789 588 986 662 Ann01477.
1011 617 1054 626 -
1078 597 1127 658 19.
1151 582 1309 640 decembris.

425 799 571 860 rumdam
598 797 829 860 Surmanovicz
864 797 990 856 racione
1024 793 1188 856 cuiusdam
1222 793 1417 855 linteaminis
1451 791 1540 874 quod
1574 805 1686 853 contra

425 905 560 966 eandem
587 919 654 966 erat
677 903 906 986 adjudicatum,
932 899 1072 984 prefatus
1098 900 1211 962 Gallus
1227 900 1305 960 alias
1329 899 1450 980 juratus
1472 899 1611 961 termino
1628 898 1687 960 ad-

425 1012 573 1073 veniente
599 1031 662 1072 non
687 1010 812 1092 juravit.

532 1118 609 1180 ltem
634 1138 725 1178 causa
752 1117 834 1178 inter
861 1115 1001 1176 Blasium
1030 1129 1184 1176 sartorem
1217 1129 1248 1174 et
1274 1113 1457 1196 Philippum
1492 1113 1615 1197 Dwdey
1639 1112 1686 1193 ju-

426 1225 483 1286 rati
509 1225 783 1306 adjudicaverunt,
809 1237 842 1283 ut
868 1223 933 1304 ipse
959 1221 1078 1303 recepit
1102 1235 1242 1281 mustum
1268 1239 1373 1298 suum,
1399 1221 1517 1300 recepit
1541 1239 1614 1280 cum
1639 1219 1686 1301 ju-

425 1331 517 1406 ratis3
543 1331 628 1392 idern
653 1329 827 1412 appellavit
851 1343 924 1389 anre
949 1328 1091 1389 seniores
1115 1327 1246 1406 judices.

532 1438 608 1499 lrem
642 1437 728 1497 venir
760 1435 857 1496 nostri
892 1435 948 1516 (in)
981 1434 1176 1516 presenciam
1219 1431 1401 1494 Anthonius
1433 1429 1517 1492 filius
1549 1430 1686 1491 condam

427 1545 573 1628 Dyonisii
600 1545 694 1622 ribar,
719 1542 814 1604 irater
839 1562 913 1603 vero
946 1541 1080 1602 carnalis
1110 1541 1195 1601 Luce
1228 1537 1393 1616 carnificis,
1426 1539 1558 1620 ipseque
1582 1537 1686 1619 ipsum

424 1650 551 1713 fratrem
566 1671 659 1711 suum
673 1649 828 1726 amonuit,
842 1667 914 1709 cum
928 1647 1054 1724 domus,
1067 1647 1157 1708 terris
1174 1646 1346 1706 arabilibus
1359 1646 1490 1726 ipseque
1504 1642 1688 1704 Anthonius

425 1773 459 1820 ut
483 1759 549 1840 ipse
577 1759 677 1818 Lucas
702 1755 796 1816 frater
820 1773 896 1815 suus
919 1753 1034 1814 habeat
1065 1765 1255 1834 potestatem
1289 1751 1384 1812 vendi
1410 1763 1440 1812 et
1464 1750 1579 1832 exponi
1604 1769 1686 1830 quo-

424 1883 562 1945 cumque
589 1863 725 1924 voluerit
750 1861 888 1944 disponi.
912 1862 987 1938 (sic).

531 1971 608 2032 ltem
634 1991 727 2031 causa
760 1971 841 2030 inter
874 1969 992 2029 Lucam
1027 1967 1175 2028 Ribaricz
1199 1981 1230 2028 et
1263 1985 1394 2027 uxorem
1430 1965 1524 2026 Blasii
1558 1965 1688 2026 sartoris

427 2079 554 2140 racione
579 2077 740 2159 vituperii,
765 2075 831 2157 ipse
849 2075 944 2136 debet
960 2074 1000 2134 ad
1022 2074 1198 2134 secundum
1216 2072 1371 2154 judicium
1388 2085 1482 2132 testes
1499 2071 1686 2152 producere.

531 2184 608 2245 ltem
633 2203 727 2244 causa
753 2182 834 2242 inter
860 2179 1052 2260 Gregorium
1089 2180 1224 2260 juratum
1258 2193 1289 2237 er
1313 2191 1446 2238 matrem
1471 2197 1561 2238 suam
1585 2177 1685 2259 adop-

424 2291 534 2368 tivam,
571 2290 661 2368 jurati
697 2288 972 2368 adjudicaverunt,
1004 2287 1135 2347 terciam
1168 2299 1290 2366 partem
1323 2285 1404 2346 milii
1434 2301 1464 2345 et
1495 2304 1685 2366 porcorum;

425 2397 509 2458 idem
536 2395 711 2476 Gregorius
734 2393 907 2476 appellavit
931 2407 1002 2454 ante
1028 2393 1149 2472 judices
1173 2391 1323 2454 seniores.

530 2503 606 2564 lrem
632 2522 726 2564 eausa
751 2503 833 2562 inter
858 2502 1000 2561 Marcum
1020 2499 1200 2561 carnificem
1227 2514 1257 2560 et
1275 2499 1437 2559 Andream
1464 2497 1591 2559 fratrem
1609 2517 1685 2560 con-

425 2613 497 2671 dam
524 2611 572 2671 Ta
592 2659 597 2672 .
617 2606 705 2691 do(?)
730 2610 857 2670 racione
883 2608 1049 2668 cuiusdam
1074 2606 1209 2688 pecunie
1231 2625 1286 2687 per
1312 2606 1416 2686 ipsum
1442 2606 1584 2666 Marcum
1602 2605 1685 2665 obli-

424 2731 533 2799 gatum
559 2732 589 2779 et
613 2737 671 2799 pro
704 2715 897 2798 quibusdam
921 2715 1025 2775 bobus
1049 2713 1166 2791 eidem,
1191 2713 1257 2794 ipse
1279 2713 1404 2772 Marcus
1435 2712 1530 2772 debet
1560 2711 1687 2772 solvere

426 2825 631 2886 medietatem
660 2823 745 2884 illius
769 2822 903 2903 pecunie
929 2821 987 2904 ipsi
1013 2819 1149 2881 Andree.

425 3035 624 3097 Anthonium
651 3034 858 3115 lutifigulum.

532 3143 608 3204 ltem
641 3162 733 3203 causa
767 3143 848 3202 inter
881 3140 1014 3200 Paulum
1049 3119 1233 3220 arcuparem
1267 3151 1297 3198 et
1329 3137 1485 3198 iacobum
1517 3135 1686 3216 Contigar,

425 3269 489 3310 non
515 3249 704 3330 comparuit.

531 3356 607 3417 ltem
633 3376 725 3417 causa
751 3355 831 3415 inter
856 3354 1027 3413 Martinum
1047 3353 1255 3436 Dwymovicz
1280 3367 1310 3414 et
1336 3351 1503 3412 Nicolaum
1530 3351 1686 3432 Poyeecz,

427 3464 493 3544 ipse
518 3483 582 3523 non
609 3462 797 3543 comparuit.

498 3699 592 3771 Feria
620 3708 715 3771 sexta
745 3703 899 3790 proxima
928 3707 1006 3771 anie
1035 3700 1155 3772 lesturn
1189 3697 1278 3770 beati
1307 3697 1431 3768 Thone
1459 3697 1614 3784 apostoli.

920 3855 982 3928 (19.
1006 3853 1177 3926 decembris).

533 3994 609 4056 ltem
635 4013 761 4056 causam
789 3993 881 4073 jurati
913 3992 1188 4073 adjudicaverunt,
1213 4011 1338 4052 causam
1358 3990 1455 4052 Marci
1482 3988 1688 4050 Gurakouicz

427 4103 518 4182 jurari
544 4101 618 4160 anni
644 4101 808 4182 presentis,
834 4114 964 4181 propter
988 4098 1184 4159 lurticinium
1208 4099 1295 4178 quod
1320 4095 1514 4180 perpetravit
1537 4095 1688 4154 manibus

427 4209 563 4290 propriis
587 4227 658 4268 cum
686 4206 843 4266 Michaele
876 4205 1067 4286 Naspichicz
1099 4205 1186 4280 dicti,
1210 4204 1356 4264 similiter
1387 4201 1527 4263 concivis
1551 4201 1688 4261 civitatis

428 4315 567 4396 predicte
602 4314 632 4374 in
666 4313 764 4373 domo
797 4327 828 4373 et
860 4313 890 4372 in
926 4311 1109 4373 cizthisticis
1133 4312 1164 4370 in
1198 4310 1313 4371 cisticis
1344 4308 1509 4370 cuiusdam
1543 4307 1687 4368 mulieris

427 4422 563 4481 condam
597 4420 718 4502 Glazya
751 4421 844 4494 dicte,
877 4438 939 4499 que
972 4438 1021 4478 res
1056 4431 1087 4478 et
1118 4419 1203 4477 bona
1235 4415 1321 4496 juxta
1352 4415 1519 4497 privilegia
1551 4413 1688 4474 civitatis

428 4542 533 4588 nostre
558 4527 596 4586 ad
622 4541 684 4587 tres
709 4540 811 4607 partes
837 4511 996 4585 debebant
1028 4524 1097 4584 cedi
1122 4537 1153 4584 et
1177 4523 1289 4598 dividi,
1314 4523 1416 4604 prima
1440 4521 1590 4582 videlicet
1615 4540 1687 4602 pars

427 4634 465 4694 ad
492 4633 658 4693 ecelesiam
684 4631 829 4708 civitatis,
864 4631 924 4690 alia
957 4630 995 4690 ad
1022 4649 1188 4711 pauperes,
1220 4629 1316 4690 tercia
1348 4647 1424 4690 vero
1450 4628 1489 4688 ad
1514 4627 1685 4688 utilitatem

428 4739 683 4814 communitatis;
709 4737 781 4798 ideo
803 4757 838 4797 ea
864 4737 903 4796 de
928 4756 1021 4797 causa
1047 4749 1175 4818 propter
1199 4757 1254 4796 sua
1277 4736 1388 4797 merita
1413 4735 1509 4796 debet
1532 4733 1686 4816 suspendi

428 4845 504 4907 feria
529 4846 624 4906 tercia
650 4845 792 4925 proxima
819 4857 890 4904 ante
924 4842 1037 4903 festum
1064 4843 1244 4904 Nativitatis
1271 4843 1399 4904 Domini
1426 4855 1457 4902 et
1482 4843 1512 4901 in
1538 4841 1686 4921 patibulo

428 4955 569 5012 eiusdem
595 4952 739 5012 civitatis.
768 4952 807 5011 Et
824 4952 898 5030 quia
918 4951 948 5010 in
974 4949 1087 5010 eadem
1104 4969 1197 5009 rausa
1214 4949 1382 5009 videbatur
1400 4949 1561 5009 lohannes
1579 4947 1686 5007 Soldi·

428 5061 532 5119 naricz
557 5059 650 5140 judex
676 5058 811 5118 civitatis
834 5057 908 5117 anni
933 5057 1088 5137 presentis
1116 5075 1183 5117 esse
1207 5055 1376 5137 culpabilis
1400 5067 1529 5136 propter
1546 5067 1686 5134 quatuor
