3838 5786
654 526 853 603 Ann01472.
884 559 922 570 -
948 540 999 603 24.
1016 525 1170 602 januan'r'.
1481 544 1540 606 395

384 737 462 800 Item
487 737 563 820 quia
589 736 718 822 Mysech
744 734 883 798 famulus
907 737 998 799 Pauli
1025 737 1188 816 institoris,
1213 737 1268 819 qui
1294 737 1445 799 citaverat
1463 757 1540 799 uxo·

278 861 344 904 rem
371 843 496 924 judicis,
520 842 583 924 jam
607 843 797 905 secundario
822 826 887 905 noir
920 844 1101 926 comparuit
1134 857 1164 906 et
1185 843 1281 926 judex
1305 863 1363 926 pro
1387 863 1443 906 sua
1468 863 1542 905 con-

278 963 363 1011 sorte
387 950 577 1032 comparuit.

489 1134 635 1206 Sabbato
664 1137 816 1223 proximo
846 1137 879 1206 in
908 1135 994 1208 lesto
1023 1135 1112 1208 beati
1142 1133 1329 1208 Clementis.

774 1287 838 1367 (23.
864 1290 1045 1365 noverrrbrr's).

386 1427 525 1490 Causam
560 1429 641 1490 inter
666 1427 796 1490 Gallum
830 1444 983 1492 sartorem
1017 1428 1186 1513 Kudelych
1220 1428 1352 1506 dictum,
1384 1427 1542 1488 seniorem

277 1533 428 1614 juratum,
453 1549 484 1597 et
509 1536 590 1596 inter
614 1535 794 1597 lohannem
828 1535 1048 1621 Soldynarych
1082 1537 1210 1598 racione
1242 1535 1439 1616 recepcionis
1463 1552 1542 1614 quo·

278 1640 426 1702 rumdam
452 1642 611 1723 palorum,
636 1660 718 1722 quos
744 1643 810 1724 ipse
829 1641 943 1704 Gallus
967 1657 1040 1706 ante
1058 1643 1192 1704 domum
1216 1661 1306 1704 suam
1324 1641 1472 1703 arestavit
1488 1660 1544 1723 per

279 1748 468 1810 mandatum
493 1747 619 1830 iudicis,
645 1767 708 1829 que
725 1747 818 1830 jurati
836 1748 1112 1830 adjudicaverunt,
1137 1748 1226 1830 quod
1252 1749 1317 1830 ipse
1344 1747 1457 1810 Gallus
1473 1766 1543 1830 pre·

278 1867 359 1915 stare
384 1855 545 1917 tenebitur
569 1853 783 1938 juramentum
809 1855 897 1937 quod
931 1856 998 1938 ipae
1024 1875 1087 1917 non
1113 1855 1230 1917 lecerat
1261 1854 1425 1916 succidere
1448 1853 1540 1936 palos

280 1962 311 2022 in
336 1961 416 2022 silva
450 1961 548 2044 ipsius
580 1961 846 2044 Soldynar(ych)‚
878 1981 941 2043 que
973 1983 1066 2024 causa
1099 1983 1155 2045 per
1187 1961 1291 2044 ipsum
1325 1959 1457 2023 Gallum
1482 1958 1543 2021 luit

277 2068 437 2150 appellata
461 2089 478 2130 a
502 2067 623 2148 judicio
649 2069 794 2150 ipsorum
812 2068 990 2150 juratorum
1015 2069 1047 2130 in
1070 2069 1266 2151 presenciam
1284 2081 1424 2130 nostram
1455 2067 1543 2126 vide·

278 2173 353 2236 licet
377 2175 541 2235 seniorum
558 2173 714 2255 judicum,
732 2194 829 2257 quam
851 2195 980 2236 causam
999 2195 1056 2236 nos
1080 2175 1223 2237 seniores
1240 2175 1322 2236 inter
1340 2174 1422 2257 ipsas
1439 2187 1543 2255 partes

278 2279 418 2342 habitam
443 2281 549 2342 taliter
573 2281 767 2360 invenimus,
799 2281 886 2362 quod
916 2280 1056 2343 famulus
1088 2281 1186 2364 ipsius
1211 2280 1297 2343 Galli
1323 2295 1353 2342 et
1378 2299 1442 2342 non
1476 2280 1543 2362 ipse

279 2387 403 2466 Gallus,
428 2387 669 2470 (juramentum)
694 2388 855 2470 deponere
877 2390 1036 2451 tenebitur
1061 2389 1093 2450 in
1118 2409 1168 2468 eo,
1193 2389 1280 2470 quod
1299 2389 1365 2470 ipse
1390 2407 1454 2448 non
1472 2407 1542 2448 suc·

278 2494 355 2556 cidit
385 2495 473 2576 ipsos
496 2495 588 2578 palos
611 2495 642 2556 in
667 2494 747 2555 silva
779 2494 879 2577 ipsius
912 2495 1145 2578 Soldynarych,
1171 2495 1237 2576 ipse
1271 2513 1347 2556 vero
1380 2493 1542 2555 lohannes

277 2599 501 2686 Soldynarych
525 2600 673 2662 similiter
696 2599 800 2680 jurare
817 2601 977 2662 tenebitur
1003 2601 1034 2663 in
1053 2621 1102 2680 eo,
1118 2601 1207 2682 quod
1232 2599 1371 2662 famulus
1396 2598 1540 2660 eiusdem

279 2707 364 2770 Galli
390 2709 476 2790 ipsos
499 2707 591 2790 palos
615 2728 671 2790 per
697 2709 801 2789 ipsum
827 2707 1007 2770 Jobannem
1034 2708 1181 2770 inventos
1198 2721 1229 2768 et
1253 2720 1398 2790 receptos
1414 2707 1446 2768 in
1464 2705 1542 2766 silva

278 2834 334 2876 sua
358 2814 510 2891 succidit;
528 2827 560 2876 et
576 2813 696 2876 dicrum
715 2813 930 2894 juramentum
949 2813 1112 2897 deponere
1129 2816 1325 2876 tenebuntur
1349 2813 1416 2896 ipse
1438 2827 1542 2895 partes

279 2918 356 2982 feria
387 2933 473 2981 sexta
498 2919 643 3003 proxime
668 2934 818 2997 ventura3
851 2920 889 2980 de
922 2941 988 3003 quo
1022 2919 1143 3002 judicio
1171 2934 1354 2982 nostrorum
1379 2920 1542 2980 seniorum

277 3025 419 3108 judicum
437 3027 504 3110 ipse
526 3025 688 3089 lohannes
706 3046 771 3088 non
788 3040 968 3106 contentus,
982 3028 1118 3090 eandem
1136 3027 1268 3088 totalem
1286 3045 1414 3088 causam
1432 3026 1542 3114 appel·

276 3133 355 3194 lavit
379 3133 412 3194 in
444 3133 641 3215 presenciam
666 3133 809 3214 magistri
832 3133 1115 3214 thawamicorum,
1139 3135 1256 3215 quibus
1280 3133 1424 3215 partibus
1449 3133 1541 3194 datus

277 3254 323 3302 est
343 3239 498 3301 terminus
515 3239 722 3323 comparendi
741 3241 1006 3322 quadragesimus
1023 3241 1092 3303 dies
1108 3241 1147 3302 ab
1161 3240 1370 3302 emanacione
1395 3253 1426 3301 et
1443 3253 1543 3300 extra·

279 3343 414 3407 dacione
439 3345 538 3429 ipsius
565 3346 806 3430 appellacionia.

305 3528 401 3603 laria
429 3538 526 3609 sexta
555 3530 708 3621 proxima
737 3540 814 3621 post
834 3532 957 3604 festum
985 3533 1161 3605 beatorum
1189 3529 1328 3604 Fabiani
1359 3541 1392 3604 et
1420 3534 1517 3604 Seba-

753 3656 856 3729 stiaui
885 3660 1076 3729 martirum.

672 3808 739 3889 (24.
756 3813 908 3888 januarii,
930 3830 1000 3872 ann.
1027 3809 1135 3890 1472).

384 3930 462 3992 ltem
495 3951 554 3993 nos
585 3944 652 3994 tota
682 3933 896 3994 communitas
927 3933 1063 3995 civitatis
1096 3931 1236 4015 predicte
1265 3933 1478 3994 stabilivimus
1511 3947 1541 3994 et

278 4035 371 4100 firmo
404 4036 509 4099 edicto
541 4051 651 4101 nostro
682 4041 845 4102 communi
878 4040 1096 4108 conclusimus
1127 4055 1158 4103 et
1190 4039 1421 4117 ordinavimus,
1455 4039 1542 4120 quod

277 4143 399 4206 nullius
423 4157 454 4206 et
478 4145 617 4208 cuiusvis
648 4159 747 4207 status
775 4159 807 4208 et
838 4146 1039 4208 condicionis
1071 4148 1169 4209 bomo
1195 4167 1251 4208 seu
1277 4145 1430 4208 mulieres
1455 4147 1543 4206 nulla

277 4250 466 4312 vestimenta
491 4250 597 4313 lavare
623 4252 654 4312 in
679 4253 795 4334 puteis,
824 4252 928 4334 primo
961 4253 993 4314 in
1019 4253 1254 4316 Mandwsewcz
1279 4266 1363 4314 extra
1390 4253 1542 4315 reclusio·

277 4375 349 4418 uem
367 4357 513 4419 eiusdem
531 4356 628 4420 fontis
646 4358 880 4420 Maudvvsewcz
898 4379 999 4440 usque
1017 4379 1199 4422 mensuram
1222 4362 1318 4422 trium
1337 4359 1541 4421 brachiorum

276 4461 453 4526 ferreorum
485 4483 559 4526 curn
590 4484 655 4546 quo
688 4466 785 4546 panni
818 4482 1059 4545 mensurantur,
1091 4485 1188 4548 quam
1222 4486 1279 4527 nec
1305 4467 1337 4528 in
1362 4467 1438 4548 ipsis
1471 4467 1543 4528 aliis

277 4567 403 4631 duobus
427 4567 570 4632 lontibus
594 4571 626 4632 iu
652 4571 719 4652 ipsa
751 4572 879 4634 civitate
911 4572 1043 4634 muratis
1068 4585 1098 4634 et
1130 4573 1306 4654 preparatis
1341 4573 1447 4634 lavare
1474 4592 1537 4632 non

278 4674 415 4738 debeant
446 4676 544 4738 modo
576 4677 718 4758 aliquali,
751 4679 792 4739 ita
825 4693 930 4738 tamen
964 4691 994 4739 et
1025 4679 1080 4739 tali
1108 4679 1166 4740 sub
1199 4678 1390 4741 condicione
1415 4700 1432 4740 a
1458 4699 1541 4761 pena

277 4781 427 4855 stabilita,
452 4782 539 4864 quod
573 4803 813 4865 quemcumque
845 4784 888 4844 sic
914 4784 980 4864 ipsa
1013 4785 1200 4845 vestimenta
1233 4785 1392 4846 lavantem
1419 4804 1542 4866 repere·

276 4888 350 4966 rint,
374 4908 431 4971 pro
464 4889 608 4971 qualibet
640 4889 783 4951 lavatura
814 4909 929 4972 penam
964 4911 1060 4952 unam
1086 4911 1225 4952 marcam
1259 4891 1365 4952 subire
1398 4905 1543 4953 teneatur

278 5007 309 5056 et
332 4993 364 5056 in
388 5015 526 5077 persona
549 4995 700 5078 captivari
735 5011 765 5058 et
798 4997 828 5057 in
865 5016 990 5059 carcere
1024 4997 1265 5061 communitatis
1298 4998 1403 5080 puniri
1415 5019 1422 5079 ;
1448 5013 1478 5060 et
1510 4999 1542 5060 in
