3738 5786
425 583 481 644 ¹3²

800 566 886 622 Anno
909 575 997 640 1457.
1023 597 1064 606 -
1088 559 1120 624 8.
1145 564 1314 623 novembrii.

549 673 581 678 --
1474 667 1682 675 -...-——.

418 778 606 840 cancellarie
638 777 727 858 regni
754 777 918 856 Hungarie
949 776 1036 857 regie
1070 775 1260 854 Maiestatis,
1292 773 1388 835 hodie
1421 775 1608 855 proclamati
1644 773 1684 834 ad

418 884 588 948 astandum
614 898 644 945 et
668 883 847 965 parendum
872 882 997 963 justicie
1022 901 1087 943 non
1110 895 1267 943 venerunt
1290 900 1395 962 neque
1419 881 1546 962 aliquos
1570 899 1685 963 procu-

418 1004 538 1054 ratores
562 1009 674 1051 eorum
699 989 800 1051 nostri
825 989 863 1050 in.
881 989 1082 1072 presenciam
1107 1009 1165 1070 pro
1189 1009 1222 1049 se
1246 989 1413 1050 miserunt.

525 1096 602 1158 ltem
626 1095 769 1178 predicta
786 1095 964 1178 Elyzaheth
989 1115 1069 1156 uxor
1087 1096 1183 1157 Blasii
1205 1093 1359 1156 aurifabri
1384 1107 1494 1156 contra
1519 1093 1686 1178 Mathyam

418 1222 615 1285 arcuparem,
641 1202 791 1283 juratum,
816 1202 921 1284 primo
947 1202 1040 1262 citata
1065 1221 1129 1262 nnn
1156 1201 1344 1284 comparuit.

525 1309 602 1370 ltem
627 1309 778 1390 magister
802 1309 914 1370 Petrus
938 1309 977 1368 de
1003 1307 1173 1370 Gudowcz
1190 1327 1352 1370 successor
1378 1308 1516 1369 condam
1541 1307 1685 1388 magistri

418 1415 574 1477 Anthonii
600 1415 716 1477 literati
741 1415 781 1477 de
807 1414 985 1493 Gudowcz,
1010 1415 1086 1495 quia
1115 1413 1212 1476 hodie
1246 1415 1286 1475 ad
1311 1413 1501 1476 instanciam
1533 1414 1684 1476 claustra-

420 1523 499 1584 lium
528 1522 656 1584 claustri
674 1523 773 1583 sancti
799 1522 926 1584 Nicolai
945 1521 1090 1604 episcopi
1115 1535 1146 1582 et
1162 1518 1355 1582 confessoris
1378 1541 1443 1582 non
1468 1521 1556 1582 venit
1580 1539 1685 1602 neque

418 1630 561 1711 aliquem
594 1643 835 1711 procuratorem
866 1647 960 1690 suum
995 1647 1052 1709 pro
1085 1647 1117 1688 se
1150 1628 1249 1688 nostri
1285 1628 1316 1688 in
1358 1627 1555 1708 presenciam
1589 1627 1685 1704 misit,

419 1735 558 1817 ideoque
583 1755 669 1796 nunc
686 1735 795 1796 denuo
821 1735 906 1796 idem
924 1735 1036 1794 Petrus
1052 1733 1198 1794 literatus
1222 1733 1261 1794 ad
1280 1733 1468 1795 instanciam
1493 1733 1682 1795 eorumdem

419 1842 639 1904 claustralium
671 1842 712 1902 ad
744 1841 999 1923 comparendum
1032 1859 1139 1900 coram
1172 1840 1266 1900 nobis
1290 1840 1330 1900 ad
1362 1840 1503 1922 primum
1527 1839 1684 1920 judicium

418 1949 564 2030 proxime
588 1968 759 2010 occurrens
783 1961 830 2008 est
853 1947 982 2029 publice
1006 1960 1138 2008 vocatus
1163 1959 1194 2007 et
1217 1946 1443 2028 proclamatus.

456 2053 460 2062 “
524 2056 601 2117 ltem
626 2055 720 2135 jurati
745 2053 1013 2135 adjudicaverunt
1037 2073 1166 2114 causam
1191 2053 1273 2114 inter
1298 2052 1442 2114 relictam
1467 2051 1606 2112 condam
1622 2052 1685 2112 Bn-

420 2161 499 2244 drey
524 2161 640 2223 sutoris
663 2175 694 2222 et
717 2161 798 2222 inter
824 2160 994 2222 Steflinum
1019 2158 1200 2220 carnificem
1236 2177 1274 2220 eo
1299 2157 1410 2236 modo,
1435 2171 1470 2220 ut
1494 2159 1563 2240 ipse
1588 2177 1686 2240 penes

420 2267 610 2330 effusionem
634 2267 800 2348 sanguinis
816 2286 912 2348 super
936 2267 1041 2348 ipsum
1065 2265 1180 2326 factam
1198 2266 1375 2326 secundose
1400 2264 1546 2346 personis
1569 2277 1685 2325 octavo

419 2373 498 2456 (die)
523 2373 640 2455 jurabit
664 2393 758 2456 super
782 2393 832 2452 eo,
850 2387 884 2434 ut
900 2374 968 2455 ipsa
986 2373 1095 2433 relicta
1112 2372 1288 2454 predictam
1306 2370 1495 2432 effusionem
1520 2371 1687 2452 sanguinis

420 2481 627 2562 percussione
651 2479 813 2542 mediante
837 2481 1039 2562 perpetravit.

525 2587 603 2649 ltem
628 2586 722 2668 jurati
746 2587 1013 2668 adjudicaverunt
1030 2605 1158 2647 causam
1183 2585 1265 2646 inter
1282 2585 1427 2647 relictam
1452 2585 1621 2647 Benedicti
1639 2583 1687 2662 ju-

418 2693 499 2754 dicis
524 2706 555 2754 et
580 2693 661 2754 inter
686 2693 850 2754 Thomam
875 2707 1015 2754 sutorem
1051 2707 1230 2772 emptorem
1255 2692 1372 2752 domus
1404 2691 1548 2754 eiusdem
1574 2693 1685 2754 relicte

419 2800 518 2881 ipsius
544 2799 709 2862 Benedicti
735 2799 859 2882 judicis,
884 2799 1014 2860 racione
1037 2799 1181 2860 eiusdem
1206 2798 1322 2859 domus
1344 2798 1400 2860 tali
1425 2798 1535 2877 modo,
1559 2813 1595 2860 ut
1619 2799 1686 2880 ipse

420 2908 565 2969 Thomas
588 2921 677 2968 sutor
702 2921 828 2988 emptor
853 2907 953 2988 ipsius
978 2905 1094 2968 domus
1119 2925 1183 2967 non
1206 2919 1311 2987 potest
1337 2925 1487 2967 revocare
1511 2903 1686 2968 laesionem

419 3015 518 3097 ipsius
542 3016 649 3076 relicte
674 3013 788 3096 prefati
814 3013 981 3075 Benedicti
1006 3013 1132 3094 judicis,
1149 3012 1204 3074 sed
1230 3012 1317 3094 juxta
1342 3011 1512 3074 sessionem
1540 3012 1686 3074 eiusdem

419 3122 528 3184 relicte
560 3141 616 3202 per
648 3121 785 3182 eandem
818 3140 926 3182 coram
959 3119 1064 3200 judice
1098 3118 1224 3196 factam,
1254 3119 1389 3180 eandem
1422 3119 1556 3180 domum
1590 3120 1687 3180 debet

421 3228 585 3309 possidere
610 3227 676 3309 ipse
701 3227 847 3288 Thomas
871 3240 960 3288 sutor
984 3227 1066 3288 sicut
1089 3226 1296 3306 comparavit.

527 3333 604 3395 ltem
642 3332 737 3395 irater
770 3333 893 3394 domini
930 3332 1085 3394 lobannis
1125 3332 1254 3414 plebani
1290 3333 1390 3393 sancti
1427 3331 1583 3394 lobannis
1619 3352 1686 3394 non

419 3441 608 3522 comparuit.

526 3547 603 3608 ltem
636 3545 711 3627 quia
737 3547 934 3608 Laurencius
967 3547 1094 3608 institor
1125 3545 1209 3606 filius
1234 3545 1329 3622 Petri,
1360 3545 1468 3608 senior
1499 3545 1622 3626 juratus
1655 3562 1688 3608 et

419 3653 560 3716 concivis
577 3665 695 3730 noster,
720 3667 861 3713 nostram
879 3653 1012 3714 veniens
1030 3654 1061 3715 irr
1080 3654 1279 3734 presenciam
1297 3655 1391 3716 nobis
1415 3673 1454 3716 eo
1472 3655 1570 3716 modo
1586 3655 1686 3736 signi·

419 3759 512 3820 ficare
537 3759 658 3820 curavit
683 3761 854 3840 querulose
880 3773 910 3820 et
934 3759 1134 3821 lamentabili
1159 3779 1249 3838 voce,
1278 3773 1313 3821 ut
1336 3780 1399 3821 una
1424 3760 1515 3824 litera
1539 3781 1596 3823 sua
1621 3763 1687 3844 pri·

419 3865 578 3946 vilegialis
602 3884 660 3947 pro
685 3880 773 3947 parte
797 3866 846 3926 sui
871 3885 965 3947 super
990 3866 1130 3946 quadam
1162 3866 1256 3927 vinea
1281 3885 1337 3928 sua
1363 3867 1395 3928 in
1420 3867 1582 3928 territorio
1607 3867 1687 3929 civi·

419 3972 492 4032 tatis
523 3972 604 4032 inter
636 3971 763 4032 vineam
796 3972 952 4032 desertam
986 3972 1162 4033 liberorum
1202 3992 1258 4033 seu
1290 3992 1510 4035 successorum
1544 3975 1686 4036 condam

421 4077 604 4138 Hernlronis
629 4097 645 4138 a
669 4079 933 4158 semptemtrione
954 4093 985 4139 et
1009 4079 1090 4140 inter
1107 4080 1282 4160 quamdam
1303 4081 1449 4142 semitam
1477 4099 1688 4144 communem

420 4202 436 4242 a
462 4183 641 4244 meridione
670 4183 768 4264 vulgo
786 4185 891 4244 roseni
916 4186 967 4246 vel
984 4187 1146 4268 kamenny
1163 4187 1317 4268 klanyecz
1345 4201 1502 4265 vocatam,
1528 4186 1686 4266 habitam,

420 4289 478 4350 sita
504 4302 534 4350 et
552 4291 715 4367 existente,
734 4291 870 4372 desuper
887 4311 904 4351 a
928 4293 979 4352 via
1000 4293 1166 4354 communi
1184 4294 1223 4354 ab
1241 4293 1407 4355 occidente
1425 4307 1456 4355 et
1480 4291 1562 4354 infra
1581 4313 1686 4374 usque

421 4395 559 4456 rivulum
585 4399 624 4457 ab
650 4397 773 4458 oriente
806 4398 1006 4476 existentem,
1038 4419 1071 4460 se
1106 4398 1307 4478 extendente,
1329 4399 1453 4460 dudum
1478 4397 1623 4462 confecta
1656 4415 1690 4462 et

421 4517 567 4562 emanata
599 4503 769 4564 casualiter
801 4505 840 4564 ab
874 4523 912 4565 eo
944 4504 1110 4586 deperdita
1140 4519 1171 4566 et
1201 4507 1316 4568 amissa
1348 4506 1521 4582 extitisset;
1546 4521 1578 4569 et
1609 4508 1689 4589 quia

421 4608 533 4668 eadem
558 4608 648 4669 litera
681 4609 780 4690 ipsius
812 4610 980 4671 Laurencii
1013 4611 1166 4673 institoris
1202 4613 1411 4693 privilegialis
1441 4632 1537 4694 super
1571 4614 1687 4675 eadem

421 4714 515 4774 vinea
539 4734 594 4774 sua
619 4715 742 4776 dudum
775 4714 919 4777 conlecta
945 4733 975 4778 et
999 4732 1146 4780 emanata
1175 4738 1233 4800 pro
1258 4733 1347 4800 parte
1371 4719 1419 4780 sui
1448 4733 1483 4781 ut
1514 4719 1688 4802 prefertur,

420 4819 459 4880 ad
485 4821 601 4880 trinam
632 4819 792 4882 forensem
825 4835 856 4883 et
888 4823 1051 4903 publicam
1085 4825 1378 4904 proclamacionem
1411 4847 1467 4908 per
1492 4847 1550 4888 nos
1574 4848 1611 4892 ex
1637 4829 1688 4890 in-

419 4926 513 4987 stanti
539 4927 636 5007 ipsius
662 4928 829 4988 Laurencii
855 4928 1007 4989 institoris
1024 4931 1195 5010 peticione,
1216 4951 1272 5012 per
1296 4951 1370 4993 eum
1388 4933 1481 4995 nobis
1505 4935 1684 5014 superinde

420 5051 475 5112 per
511 5052 663 5112 precones
699 5047 824 5094 nostros
856 5054 1045 5097 communes
1079 5036 1145 5098 lieri
1178 5040 1383 5100 commissam
1418 5055 1448 5100 et
1483 5041 1686 5122 completam
