3694 5782
444 583 507 644 340
861 565 947 622 Anno
970 561 1065 641 1468.
1091 598 1132 606 -
1156 577 1183 624 ι.
1201 564 1286 640 julii.

442 777 588 858 plathnar
605 776 644 837 ad
662 775 930 837 reformationem
948 774 1130 836 molendini
1148 774 1223 834 dare
1248 775 1334 856 ipsos
1350 775 1503 836 tredecim
1522 775 1603 854 flor,
1619 775 1695 856 quod

443 883 538 944 hodie
564 882 727 964 deponere
752 881 899 960 debebat,
924 880 1012 962 quod
1038 882 1105 962 ipse
1126 880 1307 963 Stephanus
1331 881 1478 962 plathnar
1503 895 1660 963 receperat
1680 901 1695 941 a

442 988 546 1070 judice
560 989 591 1050 in
605 989 699 1066 sede;
713 987 801 1070 quod
815 987 969 1066 judicium
993 987 1107 1066 judicis
1126 987 1185 1068 ipsi
1199 986 1291 1068 jurati
1305 987 1545 1066 confirmarunt,
1568 1003 1599 1048 et
1617 987 1695 1068 quod

443 1095 530 1156 illam
563 1095 700 1172 literam,
725 1114 822 1175 quam
849 1094 914 1176 ipse
948 1094 1095 1173 redemit,
1124 1093 1190 1176 ipse
1225 1093 1387 1156 lohannes
1411 1115 1468 1176 pro
1494 1095 1563 1176 ipso
1594 1095 1696 1156 tercio-

442 1203 579 1264 dimidio
603 1203 672 1264 flor.
690 1215 799 1263 tenere
816 1201 933 1284 poterit
961 1219 1131 1282 quousque
1153 1201 1219 1282 ipse
1243 1179 1487 1278 solvet'eidem3
1512 1201 1551 1262 de
1569 1221 1634 1282 quo
1656 1200 1696 1281 ju·

442 1309 527 1370 dicio
542 1307 717 1388 juratorum
732 1327 796 1368 non
814 1321 993 1385 contentus,
1016 1307 1151 1368 eandem
1169 1327 1296 1368 causam
1312 1307 1485 1389 appellavit
1501 1307 1541 1368 ad
1555 1308 1697 1369 seniores.

547 1415 624 1476 ltem
649 1433 776 1476 causam
803 1415 884 1474 inter
906 1413 1095 1474 Michaelem
1114 1412 1296 1494 pellificem,
1320 1413 1480 1474 seniorem
1505 1413 1653 1494 juratum,
1669 1427 1697 1472 et

441 1521 522 1583 inter
547 1521 666 1582 Lucam
683 1533 835 1597 sutorem,
861 1519 1008 1580 concives
1028 1533 1164 1598 nostros,
1181 1521 1310 1581 racione
1335 1521 1501 1581 cuiusdam
1526 1519 1693 1598 juramenti

441 1628 528 1709 quod
562 1627 627 1709 ipse
654 1625 790 1688 Michael
824 1639 932 1687 contra
966 1625 1069 1707 ipsum
1104 1626 1225 1687 Lucam
1261 1627 1410 1708 deposuit
1442 1641 1472 1688 et
1505 1627 1571 1708 ipse
1606 1628 1698 1687 Lucas

440 1734 615 1816 appellavit
639 1733 743 1815 ipsum
768 1731 959 1794 Michaelem
985 1730 1062 1792 false
1086 1731 1206 1812 jurasse
1231 1731 1311 1794 dixit
1335 1753 1443 1794 coram
1469 1735 1578 1794 Marco
1604 1733 1696 1814 jurato

442 1855 472 1902 et
496 1841 578 1918 aliis,
595 1841 688 1917 jurati
714 1839 949 1920 adjudicarunt,
966 1840 1055 1920 quod
1073 1840 1140 1922 ipse
1167 1841 1268 1901 Lucas
1286 1841 1316 1900 in
1335 1841 1441 1922 primo
1457 1840 1579 1920 judicio
1597 1853 1697 1902 contra

442 1947 544 2029 ipsum
571 1947 782 2027 comprobare
804 1945 975 2024 tenebitur,
993 1946 1018 2005 si
1038 1964 1101 2006 non
1121 1947 1355 2028 comprobabit,
1372 1961 1486 2008 extunc
1500 1947 1559 2007 erit
1583 1947 1615 2006 in
1632 1946 1697 2006 xixo

442 2053 605 2135 homagio.
631 2053 708 2114 ltem
727 2052 814 2134 quod
832 2050 974 2134 prelatus
997 2052 1098 2114 lucas
1114 2066 1203 2114 sutor
1220 2051 1323 2132 jurare
1347 2053 1518 2130 tenebitur,
1536 2053 1624 2133 quod
1639 2071 1695 2112 non

441 2161 603 2242 obligatur
627 2161 731 2222 eidem
759 2159 909 2220 Michaeli
935 2173 998 2220 tres
1031 2179 1146 2241 pensas
1170 2159 1226 2220 sed
1261 2173 1385 2222 tantum
1410 2160 1523 2222 decem
1548 2161 1696 2236 denarios,

441 2267 596 2329 hodierna
621 2267 684 2345 die,
710 2267 788 2328 etsi
814 2286 879 2328 non
912 2265 1039 2347 jurabit,
1068 2279 1185 2328 extunc
1216 2266 1376 2327 tenebitur
1400 2266 1549 2328 Michaeli
1582 2267 1695 2328 solvere

441 2375 524 2458 ipsas
547 2388 610 2436 tres
634 2393 748 2456 pensas
771 2386 801 2434 et
825 2372 960 2433 totidem
987 2373 1095 2434 Marco
1114 2373 1237 2454 jurato;
1263 2374 1398 2434 eandem
1424 2393 1552 2434 causam
1578 2373 1696 2434 racione

440 2481 719 2563 comprobacionis
744 2480 810 2560 ipse
836 2479 938 2540 Lucas
962 2480 1136 2560 appellavit
1160 2479 1199 2540 ad
1224 2480 1366 2540 seniores
1389 2479 1521 2560 judices.

543 2585 622 2648 ltem
647 2586 722 2667 quia
746 2583 930 2646 Anthonius
955 2585 1177 2668 Scrobothych
1206 2586 1354 2647 terciario
1379 2601 1489 2647 contra
1514 2585 1694 2646 Michaelem

440 2693 654 2755 baccalarium
678 2693 802 2768 citatus,
828 2693 859 2752 in
885 2691 1005 2774 judicio
1030 2713 1095 2754 non
1121 2693 1311 2774 comparuit.

545 2799 622 2861 ltem
655 2819 783 2860 causam
808 2800 890 2860 inter
922 2799 1113 2860 Michaelem
1147 2798 1306 2880 juniorem
1348 2798 1518 2880 pellificem
1554 2813 1584 2860 et
1620 2799 1694 2860 inter

439 2905 603 2968 Thomam
621 2905 796 2988 Selesnyak
814 2906 942 2967 racione
959 2904 1109 2968 fossionis
1126 2907 1292 2967 cuiusdam
1314 2907 1434 2968 canalis
1451 2927 1549 2988 penes
1566 2907 1690 2968 domum

439 3011 539 3094 ipsius
572 3011 738 3074 Michaelis
772 3011 844 3073 facti
874 3033 930 3094 per
962 3014 1068 3094 ipsum
1101 3012 1276 3090 Thomam,
1301 3027 1333 3074 et
1366 3014 1442 3095 quia
1466 3014 1588 3096 priores
1610 3011 1693 3094 jurati

439 3118 593 3180 dederant
628 3119 850 3181 auctoritatem
887 3119 993 3180 eidem
1030 3119 1179 3181 Michaeli
1213 3119 1353 3182 effodere
1389 3120 1494 3202 ipaurn
1529 3121 1636 3182 canale
1666 3133 1692 3180 et

440 3223 574 3286 domum
600 3244 690 3285 suam
715 3239 883 3306 protegere
908 3227 948 3286 ab
981 3245 1064 3306 aqua
1089 3240 1120 3287 et
1143 3226 1296 3287 celarium
1319 3245 1424 3304 suum,
1448 3227 1558 3308 sicque
1581 3241 1611 3288 et
1633 3244 1693 3285 mo-

439 3329 530 3392 derni
554 3329 648 3410 jurati
674 3331 877 3410 invenerunt,
905 3331 993 3412 quod
1026 3353 1062 3393 ex
1088 3351 1154 3413 quo
1188 3332 1255 3414 ipse
1281 3332 1419 3394 Michael
1443 3334 1531 3414 prius
1555 3353 1616 3395 non
1640 3331 1695 3392 luit

438 3450 625 3518 prosecutus
650 3437 755 3519 ipsum
781 3437 943 3499 Thomam
970 3439 1098 3500 racione
1132 3439 1231 3521 ipsius
1255 3439 1384 3518 canalis,
1409 3440 1465 3500 sed
1490 3441 1557 3523 ipse
1581 3438 1693 3514 effodit,

438 3541 526 3623 quod
553 3543 619 3624 ipse
638 3542 776 3605 Michael
801 3563 865 3606 non
885 3544 985 3626 possit
1002 3546 1152 3626 prosequi
1172 3545 1349 3626 dampnum
1367 3565 1461 3606 suum
1486 3565 1579 3628 super
1595 3546 1692 3627 ipsum

437 3648 621 3726 Thomam;
653 3650 782 3732 dequo
814 3650 935 3732 iudicio
966 3652 1108 3732 ipsorum
1142 3652 1318 3732 juratorum
1352 3671 1416 3713 non
1451 3666 1627 3730 contentus,
1656 3648 1692 3710 ad

441 3755 584 3816 seniores
607 3756 782 3838 appellavit
806 3756 937 3838 judices.
1404 3759 1408 3766 '

544 3862 621 3923 Item
635 3883 763 3924 causam
777 3863 858 3924 iuter
868 3863 1077 3926 Benedictum
1090 3865 1240 3948 Krupych
1255 3879 1286 3926 et
1300 3865 1380 3927 inter
1390 3865 1595 3927 Benedictum
1612 3861 1692 3925 insti·

437 3983 550 4048 torem,
583 3970 731 4030 concives
755 3984 890 4048 nostros,
922 3971 1050 4033 racione
1082 3973 1274 4054 suspicionis
1305 3972 1498 4054 aperitionis
1530 3971 1632 4034 celarii
1665 3981 1692 4029 et

439 4075 631 4137 ebibicionis
655 4075 721 4135 vini
747 4095 801 4158 per
826 4077 931 4158 ipsum
956 4076 1168 4138 Benedictum
1187 4078 1364 4139 institorem
1391 4093 1421 4139 et
1438 4078 1601 4140 hominum
1625 4095 1692 4136 suo·

439 4201 521 4259 rum,
545 4181 638 4262 jurati
665 4181 901 4262 adjudicarunt,
926 4183 1014 4263 quod
1040 4185 1106 4265 ipse
1128 4185 1321 4246 Benedictus
1339 4185 1465 4245 institor
1489 4185 1587 4266 jurare
1610 4197 1693 4243 tene·

440 4288 524 4348 bitur
548 4288 733 4350 terciusmet
749 4289 895 4369 proxima
920 4287 998 4350 feria
1015 4303 1101 4351 sexta
1126 4305 1199 4371 post
1215 4291 1340 4372 lapsum
1365 4305 1439 4352 octo
1464 4291 1583 4353 dierum
1607 4289 1692 4348 beate

439 4393 639 4474 Margarethe
665 4408 695 4453 et
719 4415 751 4454 se
777 4414 963 4475 expurgare.

545 4499 621 4561 ltem
648 4500 706 4581 ipsi
733 4500 909 4561 Benedicto
935 4502 1087 4584 Krupych
1116 4503 1244 4563 solimet
1268 4502 1484 4581 juramentum
1511 4517 1555 4564 est
1575 4499 1692 4582 adjudi-

439 4619 545 4667 catum
570 4606 684 4666 eodem
711 4607 773 4684 die,
800 4607 888 4688 quod
907 4609 973 4689 ipse
997 4622 1121 4670 tantum
1141 4611 1317 4692 dampnum
1344 4609 1418 4672 lecit
1434 4611 1494 4672 sibi
1520 4612 1548 4672 in
1565 4608 1692 4683 scrinea,

438 4725 468 4774 et
493 4711 570 4772 dum
594 4711 721 4791 jurabit,
747 4727 862 4774 extunc
887 4715 953 4795 ipse
978 4715 1081 4776 solvet
1113 4717 1172 4777 sibi
1198 4737 1293 4798 super
1325 4735 1390 4798 quo
1415 4717 1540 4799 jurabit.
1563 4715 1634 4776 ltem
1660 4713 1688 4772 in

438 4818 495 4880 illo
521 4817 608 4899 quod
634 4819 701 4900 ipse
726 4820 919 4881 Benedictus
936 4821 1061 4882 institor
1085 4825 1223 4884 removit
1238 4824 1318 4884 ollas
1343 4824 1382 4884 de
1407 4825 1481 4905 igne
1498 4843 1553 4885 suo
1575 4835 1603 4881 et
1627 4821 1689 4901 ipse

439 4924 630 4986 Benedictus
662 4927 814 5008 Krupych
848 4926 975 4989 dicebat
1007 4930 1189 5008 potenciam
1219 4945 1328 4991 contra
1361 4931 1466 5013 ipsum
1493 4927 1687 4993 Benedictum

439 5031 628 5108 institorem,
653 5031 787 5112 ipsemet
820 5033 1013 5094 Benedictus
1039 5035 1190 5117 Krupych
1223 5037 1374 5098 remansit
1408 5039 1440 5099 in
1466 5039 1518 5099 illa
1541 5032 1688 5118 potencia.
