3694 5782
170 745 235 828 ipse
259 745 408 828 proauis
432 745 597 828 peccuniis
622 744 760 807 eundem
786 763 907 826 equum
936 759 1176 828 comparaverat
1199 759 1230 808 et
1254 746 1342 827 quod
1368 766 1433 808 non

168 852 301 915 nescivit
326 852 416 934 quod
440 853 508 936 ipse
541 871 644 935 equus
674 851 785 914 fuisset
817 872 874 935 per
896 853 1087 935 spoliatores
1117 865 1275 936 receptus,
1302 866 1333 914 et
1357 853 1433 915 dum

168 959 297 1040 jurabit,
321 973 398 1021 tunc
431 960 498 1042 ipse
530 959 623 1021 illum
655 959 808 1042 prosequi
840 959 936 1021 debet
968 973 999 1021 et
1030 960 1200 1042 peccunias
1231 979 1344 1021 suasa
1369 979 1435 1041 quo

169 1066 273 1147 ipsum
299 1085 421 1147 equum
446 1066 653 1149 comparavit.

277 1171 354 1233 ltem
379 1192 507 1234 causam
531 1171 678 1253 Gregorii
704 1171 831 1251 sutoris,
859 1170 1006 1233 moderni
1039 1171 1143 1252 jurati,
1168 1172 1297 1234 racione
1321 1171 1432 1234 verbe·

173 1279 313 1340 racionis
337 1297 393 1360 per
418 1277 582 1340 Thomam
607 1276 764 1340 famulum
788 1297 882 1340 suurn
900 1279 1056 1339 consortis
1076 1278 1174 1360 ipsius
1192 1277 1339 1360 Gregorii
1357 1293 1436 1340 tem·

170 1404 247 1468 pore
271 1382 335 1446 fori
362 1385 510 1446 annualis
534 1385 565 1446 in
591 1382 672 1446 festo
696 1385 789 1446 beate
807 1382 1007 1465 Margarethe
1023 1381 1115 1463 facte,
1139 1383 1231 1466 jurati
1257 1385 1362 1446 taliter
1378 1384 1433 1445 ad-

173 1492 365 1574 judicarunt,
391 1490 479 1574 quod
504 1491 600 1553 debet
624 1510 737 1552 manus
762 1491 860 1573 ipsius
884 1489 1013 1551 Thome
1038 1491 1118 1552 circa
1144 1491 1290 1552 eculeum
1315 1491 1433 1552 seccari

173 1598 257 1660 etde
275 1599 436 1660 territorio
455 1598 554 1680 ipsius
572 1597 708 1660 civitatis
724 1598 839 1680 expelli
854 1597 1027 1659 etulterius
1044 1597 1083 1658 ad
1095 1598 1195 1678 ipsam
1206 1617 1271 1660 non
1284 1598 1432 1660 intrandi.

277 1705 356 1766 ltem
373 1704 482 1766 relicta
501 1704 639 1765 condam
664 1703 765 1787 Frycz
782 1703 874 1785 jurati
893 1716 1003 1766 contra
1021 1703 1150 1765 Petrum
1176 1705 1431 1766 barbitonsorem

172 1813 277 1896 primo
302 1812 396 1873 citata
421 1831 486 1873 non
511 1811 692 1893 comparuit
715 1830 822 1872 coram
849 1811 952 1874 nobis.

277 1918 354 1980 ltem
379 1916 519 1999 prelatus
542 1917 691 1980 Vrbanus
716 1916 812 1978 hodie
837 1935 945 1978 coram
975 1917 1068 1978 nobis
1091 1917 1123 1978 in
1148 1916 1268 1996 judicio
1293 1916 1355 1979 fide
1379 1937 1435 1978 sua

174 2025 335 2087 mediante
353 2025 510 2106 promisit,
527 2024 616 2106 quod
640 2025 709 2086 vult
727 2023 767 2086 ad
786 2023 960 2106 predictam
978 2022 1089 2086 feriam
1107 2025 1238 2086 terciam
1256 2025 1434 2107 proximam

173 2152 244 2195 curn
270 2132 336 2194 suis
360 2131 618 2212 conjuratoribus
634 2132 744 2194 venire
766 2145 797 2191 et
820 2149 852 2190 se
870 2149 1045 2212 expurgare
1069 2143 1164 2214 prout
1181 2131 1286 2192 eidem
1310 2130 1434 2212 adjudi-

174 2253 278 2302 catum
304 2252 361 2318 est,
386 2238 531 2320 alioquin
556 2238 580 2299 si
604 2256 696 2300 secus
727 2235 849 2316 fecerit,
882 2250 997 2298 extunc
1020 2250 1185 2318 tamquam
1218 2257 1290 2300 reus
1314 2250 1345 2299 et
1369 2237 1433 2298 cul·

172 2345 288 2427 pabilis
311 2345 522 2426 reputabitur.

277 2451 355 2514 ltem
382 2451 538 2513 Martinus
562 2463 650 2512 sutor
666 2449 798 2532 Banych
820 2449 923 2511 dictus
940 2462 1051 2510 contra
1075 2449 1266 2512 Michaelem
1291 2463 1433 2510 sutorem

173 2559 273 2640 primo
298 2558 414 2620 citatus
438 2576 545 2619 coram
571 2557 664 2619 nobis
689 2576 753 2618 non
779 2556 968 2639 comparuit.

233 2793 329 2868 leria
359 2804 486 2885 quarta
514 2797 667 2884 proxima
696 2803 773 2868 ante
801 2796 924 2867 festum
953 2797 1043 2868 beati
1071 2795 1190 2886 Jacobi
1219 2795 1373 2886 apostoli.

710 2951 775 3028 (24.
791 2951 891 3026 julii).

279 3089 358 3149 ltem
382 3088 525 3150 seniores
547 3086 670 3169 judices
693 3107 821 3150 causam
854 3089 936 3150 inter
960 3088 1149 3150 Thomasko
1180 3102 1345 3168 sartorem,
1370 3109 1438 3152 mo·

176 3195 309 3259 demum
324 3194 463 3278 juratum
477 3207 508 3256 et
524 3194 688 3258 Thomam
712 3194 849 3278 Glazyn,
866 3195 1015 3257 concives
1032 3210 1166 3274 nostros,
1185 3197 1313 3258 racione
1331 3197 1436 3258 cuius-

175 3303 245 3363 dam
270 3302 356 3386 sepis
379 3302 462 3364 inter
491 3301 575 3383 ipsas
599 3315 702 3384 partes
734 3321 834 3384 prope
859 3303 1014 3384 privatam
1051 3300 1149 3363 habiti
1183 3317 1213 3364 et
1237 3323 1293 3384 per
1316 3303 1437 3382 juratos

175 3406 389 3486 adjudicatam
415 3421 445 3468 et
469 3427 525 3489 per
550 3406 708 3489 prelatum
734 3407 896 3469 Thomam
923 3407 1048 3491 Glazyn
1084 3408 1123 3469 ad
1149 3429 1208 3470 nos
1232 3410 1437 3491 appellatam,

175 3531 233 3573 nos
257 3513 364 3574 taliter
386 3513 579 3592 invenimus,
604 3514 692 3594 quod
711 3514 765 3575 ubi
790 3515 871 3576 inter
889 3515 972 3596 ipsas
997 3530 1100 3596 partes
1125 3515 1156 3575 in
1182 3516 1277 3576 curiis
1295 3516 1437 3598 ipsorum

175 3637 265 3700 sepes
287 3617 356 3680 fieri
381 3618 542 3680 debebant
573 3633 604 3680 et
628 3619 716 3701 prius
746 3620 962 3702 sepiebantur,
987 3623 1028 3682 ita
1061 3634 1091 3682 et
1116 3622 1215 3682 modo
1240 3623 1307 3704 ipse
1333 3637 1437 3704 partes

178 3725 278 3806 sepire
303 3738 472 3788 teneantur
504 3738 535 3787 et
567 3726 598 3786 in
624 3745 701 3808 pace
727 3727 855 3788 racione
880 3729 987 3810 previa
1021 3728 1103 3790 inter
1127 3749 1160 3788 se
1185 3747 1383 3810 permanere,
1408 3744 1440 3792 et

176 3831 225 3891 cui
252 3831 332 3914 parti
358 3851 414 3913 pes
431 3832 579 3914 pertinet,
604 3831 657 3893 ille
683 3833 714 3893 in
732 3834 871 3894 siccitate
897 3835 988 3896 illum
1007 3835 1122 3916 pedem
1140 3855 1265 3897 servare
1282 3849 1440 3901 teneatur.

226 4069 373 4140 Sabbata
406 4073 557 4158 proximo
596 4079 672 4159 post
709 4073 831 4144 festum
869 4075 965 4145 beate
1002 4071 1093 4144 Anne
1122 4077 1244 4145 matris
1274 4074 1387 4160 liaris,

651 4215 736 4267 anno
765 4195 817 4270 LX
846 4195 972 4287 quinto.

717 4345 897 4428 (aava

280 4489 420 4552 Causam
446 4490 528 4551 inter
560 4490 751 4572 Dyonisium
784 4489 992 4565 aurifabrum,
1024 4511 1108 4552 nunc
1141 4491 1243 4553 civem
1269 4494 1440 4576 Quinque·

180 4595 413 4674 ecclesiensem,
438 4609 472 4658 ut
498 4609 637 4658 actorem
663 4599 702 4657 ab
729 4617 802 4675 una,
830 4610 860 4657 et
885 4597 1021 4658 Paulum
1052 4597 1200 4659 similiter
1225 4599 1435 4679 aurifabrum,

180 4713 212 4763 ut
234 4703 264 4763 in
290 4722 418 4764 causam
451 4717 631 4780 attractum,
663 4703 810 4764 concives
842 4719 978 4782 nostros,
1010 4703 1153 4785 partibus
1185 4704 1224 4765 ab
1248 4704 1356 4784 altera,
1381 4727 1437 4788 per

181 4807 315 4869 eundem
340 4807 534 4891 Dyonisium
559 4805 755 4870 aurifabrum
780 4809 820 4870 ad
846 4828 904 4870 nos
927 4809 1049 4871 scilicet
1072 4810 1214 4870 seniores
1238 4807 1359 4888 judices
1383 4832 1437 4893 ap-

182 4911 339 4994 pellatam,
365 4915 493 4977 racione
519 4915 731 4996 quarumdam
751 4935 856 4976 rerum
882 4929 912 4976 et
936 4917 1096 4978 bonorum
1122 4937 1178 4999 per
1195 4917 1336 4978 eundem
1355 4919 1439 5000 Dyo-

183 5019 294 5082 nisium
318 5041 427 5082 coram
452 5023 546 5083 nobis
570 5022 744 5105 inscriptis
769 5021 998 5104 producturum
1024 5035 1055 5084 et
1077 5043 1133 5106 per
1150 5023 1291 5085 eundem
1317 5024 1440 5105 Dyoni-

1317 5109 1336 5150 a
