3644 5788
559 603 647 663 Anno
671 601 762 681 1462.
788 637 829 645 —
850 617 882 680 4.
898 603 990 678 junii.
1342 621 1402 681 225

157 820 181 878 in
210 838 245 878 eo
278 818 460 900 supplicare
493 816 615 878 curavit
647 829 682 876 ut
713 834 772 876 nos
804 814 929 897 corpori
955 828 986 874 et
1018 813 1112 895 capiti
1147 814 1290 876 eiusdem
1316 815 1406 876 Pauli

154 925 280 1006 graciam
306 941 336 984 et
352 923 606 985 misericordiam
632 921 735 982 facere
753 922 959 1002 dignaremur
979 921 1095 998 taliter,
1121 933 1156 981 ut
1180 921 1246 1002 ipsa
1264 922 1404 983 eundem

154 1051 202 1112 pro
222 1051 280 1092 suo
314 1031 474 1112 legittimo
505 1031 575 1090 viro
604 1027 722 1089 habere
754 1028 862 1106 vellet,
895 1046 954 1088 nos
985 1027 1081 1107 igitur
1106 1027 1248 1089 seniores
1272 1028 1406 1108 judices,

153 1136 244 1218 jurati,
270 1137 446 1197 consiliarii
470 1156 506 1196 ac
530 1133 706 1196 modernus
730 1133 824 1214 judex
850 1147 881 1195 et
904 1133 1044 1194 universi
1070 1133 1155 1194 cives
1179 1147 1210 1196 et
1233 1147 1300 1196 tota
1318 1153 1404 1197 com-

154 1243 280 1304 munitas
305 1243 424 1304 civium
457 1242 539 1302 dicte
572 1241 708 1302 civitatis
740 1240 887 1302 similiter
918 1241 949 1300 in
976 1259 1075 1300 unum
1109 1239 1198 1302 dives
1230 1254 1261 1302 et
1284 1261 1406 1324 pauper

156 1351 270 1431 corpori
296 1363 328 1411 et
352 1348 446 1431 capiti
471 1347 615 1408 eiusdem
639 1347 729 1408 Pauli
757 1347 991 1428 campanatoris
1006 1346 1145 1427 graciam
1171 1361 1202 1408 et
1227 1349 1404 1410 misericor·

155 1457 229 1518 diam
255 1455 399 1534 fecimus,
425 1469 459 1516 ut
484 1455 550 1537 ipse
583 1453 719 1514 eandem
745 1454 868 1514 Jelkam
893 1455 924 1514 in
949 1473 1040 1514 suam
1074 1467 1254 1514 consortem
1286 1455 1404 1516 habere

155 1563 286 1642 deberet,
310 1563 397 1644 quod
422 1575 452 1623 et
477 1561 550 1622 fecit
574 1559 716 1642 prefatus
741 1561 868 1638 Paulus,
894 1574 923 1621 et
942 1560 1074 1622 ulterius
1097 1581 1129 1620 se
1154 1561 1193 1622 ab
1218 1561 1404 1623 huiusmodi

154 1671 209 1730 suis
232 1669 325 1731 malis
349 1667 441 1730 factis
472 1687 643 1750 precavere
676 1667 907 1748 assumpsisset,
941 1667 994 1728 ubi
1019 1686 1095 1728 vero
1120 1681 1150 1728 et
1183 1669 1214 1729 in
1240 1689 1314 1730 casu
1338 1689 1404 1751 quo

151 1777 172 1837 si
194 1777 258 1858 ipse
285 1776 403 1836 Paulus
427 1775 467 1836 de
498 1788 604 1834 cetero
629 1773 662 1834 in
694 1772 879 1834 huiusmodi
905 1772 1064 1834 maleficio
1097 1774 1147 1834 vel
1173 1775 1238 1836 alio
1271 1776 1404 1838 crimine

152 1897 285 1964 repertus
309 1880 415 1960 fuerit,
440 1894 554 1941 extunc
579 1897 696 1961 penam
722 1899 817 1960 quam
850 1878 935 1960 juxta
960 1893 1110 1941 contenta
1135 1881 1295 1963 privilegii
1321 1882 1404 1945 dicte

151 1989 277 2050 civitatis
300 2000 484 2049 contentam
509 1987 679 2064 demeruit,
704 1986 873 2046 sustinebit
898 2000 928 2046 et
951 1987 1017 2068 pati
1043 1985 1183 2050 debebit.

247 2095 324 2156 ltem
340 2113 468 2155 causam
487 2095 569 2155 inter
586 2093 793 2154 Valentinum
813 2092 981 2174 Marysych
999 2093 1119 2154 dictum
1145 2108 1176 2155 et
1193 2095 1403 2157 Benedictum

151 2201 339 2264 aurifabrum
359 2201 488 2262 racione
514 2199 729 2280 quorumdam
747 2199 932 2280 quindecim
950 2199 1141 2262 tubulorum
1164 2203 1259 2263 musti
1284 2217 1315 2264 et
1331 2223 1404 2285 pro·

151 2309 300 2370 missionis
331 2307 546 2368 laborationis
578 2307 670 2366 vinee
695 2305 839 2366 eiusdem
875 2305 1049 2386 Valentini,
1082 2327 1154 2368 cum
1186 2309 1303 2390 quibus
1335 2310 1402 2392 ipse

151 2414 333 2475 Benedictus
358 2415 390 2474 in
416 2413 506 2474 nullo
530 2431 563 2473 se
588 2411 767 2473 debitorem
786 2412 929 2491 asseruit,
953 2411 1047 2494 jurati
1071 2413 1177 2476 taliter
1200 2416 1403 2498 adjudicave-

150 2535 224 2600 runt,
249 2520 334 2601 quod
363 2520 430 2602 ipse
463 2519 656 2580 Benedictus
688 2517 848 2579 aurifaber
880 2517 958 2580 feria
982 2533 1067 2581 sexta
1100 2521 1245 2602 proxime
1270 2538 1402 2586 ventura

149 2641 214 2687 ante
237 2626 353 2688 festum
372 2626 474 2687 Elene
499 2626 608 2706 regine
633 2625 664 2686 in
683 2645 735 2686 ara
760 2639 866 2686 sancte
888 2625 1001 2688 Crucis
1025 2627 1057 2688 in
1075 2647 1114 2689 eo
1132 2628 1235 2710 jurare
1260 2633 1401 2712 debebit,

149 2733 229 2813 quod
253 2733 320 2814 ipse
346 2733 378 2793 in
405 2732 495 2793 nullo
521 2732 625 2793 eidem
655 2731 782 2793 debitor
806 2745 898 2810 esset,
930 2751 988 2793 nec
1013 2733 1119 2795 eidem
1144 2729 1271 2798 ¹vineam
1297 2739 1402 2801 colere

148 2839 370 2920 assumpsisset,
395 2853 534 2920 prestare
557 2838 718 2898 tenebitur
742 2851 772 2898 et
795 2857 827 2898 se
852 2857 1039 2920 expurgare.

246 2963 323 3025 ltem
348 2965 389 3024 ad
413 2964 607 3045 peticionem
632 2962 794 3044 magnifici
820 2964 878 3024 viri
904 2964 1028 3025 domini
1046 2967 1104 3026 Jan
1129 2968 1324 3048 zagoriensis
1348 2991 1400 3033 co-

148 3069 226 3130 mitis
238 3089 296 3130 nec
313 3089 378 3130 non
392 3069 523 3130 domine
537 3069 699 3131 Dorothee
711 3069 819 3130 relicte
837 3070 975 3132 condam
990 3071 1174 3155 Hennyngh
1189 3074 1229 3137 de
1242 3076 1400 3138 Zomzed·

147 3196 206 3236 war
228 3193 258 3238 et
281 3177 418 3238 aliorum
436 3195 533 3257 quam
556 3176 769 3258 plurimorum
787 3179 964 3258 proborum
988 3179 1131 3240 virorum
1150 3181 1284 3263 Symoni
1301 3185 1401 3246 sutori

148 3281 233 3344 Sterlr
257 3283 353 3362 dictu,
379 3283 505 3345 concivi
531 3296 651 3362 nostro,
676 3297 707 3344 et
731 3285 870 3346 consorti
900 3285 1044 3347 eiusdem
1081 3287 1136 3367 qui
1161 3303 1291 3372 propter
1316 3293 1401 3352 abci-

147 3387 265 3450 sionem
281 3409 377 3450 nasus
400 3389 509 3450 uxoris
525 3409 581 3450 sue
605 3388 645 3450 de
664 3389 731 3471 ipsa
747 3390 873 3452 civitate
898 3404 929 3452 et
954 3391 1022 3452 eius
1038 3393 1199 3454 territorio
1217 3415 1275 3476 pro
1292 3394 1401 3457 huius-

147 3495 231 3556 modi
255 3516 313 3558 suo
345 3495 486 3558 facinore
519 3497 670 3578 expulsus
702 3497 865 3574 extiterat,
897 3499 1015 3578 quibus
1046 3499 1264 3562 misericordia
1296 3504 1402 3566 taliter

148 3599 223 3663 facta
248 3617 302 3682 est,
335 3603 424 3684 quod
448 3603 515 3684 ipse
547 3603 667 3664 amodo
692 3603 843 3685 deinceps
871 3603 910 3664 ad
936 3603 1122 3666 huiusmodi
1154 3607 1206 3668 vel
1238 3608 1300 3670 alia
1326 3609 1401 3672 faci·

148 3727 221 3769 nora
245 3723 274 3770 et
298 3709 382 3770 mala
414 3728 512 3790 opera
544 3709 776 3771 committenda
806 3730 839 3771 se
871 3711 1083 3774 intromittere
1115 3725 1146 3775 et
1170 3715 1282 3776 eadem
1307 3731 1338 3778 et
1362 3721 1401 3781 ab

148 3813 261 3876 eisdem
285 3836 318 3877 se
342 3835 523 3897 precavere,
547 3815 692 3898 alioquin
718 3817 742 3877 si
768 3837 859 3878 secus
888 3815 998 3879 fecerit
1022 3831 1054 3880 et
1085 3819 1125 3880 ad
1149 3820 1225 3882 talia
1251 3823 1291 3884 de
1316 3845 1401 3887 novo

147 3938 177 3979 se
198 3921 415 4000 intromiserit,
433 3935 547 3984 extunc
565 3923 719 4004 premissa
737 3923 955 3985 misericordia
975 3925 1079 3987 eidem
1105 3927 1137 3988 in
1156 3929 1246 3990 nullo
1265 3945 1295 3992 et
1310 3934 1401 3994 uxori

147 4025 283 4088 eiusdem
308 4027 509 4109 suffragetur,
533 4044 564 4089 et
587 4049 703 4111 penam
730 4049 826 4111 quam
856 4030 1050 4094 demeruerit
1074 4033 1160 4114 juxta
1187 4035 1291 4117 legem
1317 4039 1400 4101 dicte

146 4130 275 4194 civitatis
300 4135 408 4196 subire
432 4135 592 4196 tenebitur
616 4135 685 4217 ipso
707 4135 790 4198 facto
812 4139 933 4219 absque
958 4139 1102 4220 qualibet
1126 4142 1355 4210 misericordia.

368 4370 464 4445 Feria
491 4383 589 4446 sexta
614 4383 692 4446 ante
721 4376 844 4448 festum
873 4377 1020 4466 Spiritus
1049 4382 1170 4452 sancti.

681 4531 724 4609 a.
742 4533 849 4611 fanu

246 4665 322 4728 ltem
347 4687 474 4730 causam
499 4669 581 4731 inter
606 4671 792 4734 Benkonem
824 4672 982 4736 famulum
1015 4677 1156 4758 magistri
1182 4679 1308 4741 Nicolai
1333 4701 1399 4742 me-

145 4769 204 4832 dici
229 4787 258 4834 et
280 4775 363 4835 inter
388 4775 493 4856 ipsum
517 4777 704 4858 magistrum
722 4780 893 4842 Nicolaum
918 4783 1081 4844 medicum
1099 4785 1226 4847 racione
1252 4787 1398 4866 promissi

144 4875 381 4941 informacionis
405 4883 649 4963 medicinarum,
674 4903 769 4967 quem
793 4887 859 4968 ipse
885 4890 1035 4969 magister
1052 4891 1203 4952 Nicolaus
1228 4893 1325 4954 nichil
1353 4895 1398 4954 in-

143 4979 296 5064 formavit,
321 4987 377 5048 sed
402 4989 482 5049 bene
508 4989 587 5052 feret
611 4995 698 5072 quod
727 4994 814 5055 idem
836 4995 947 5057 Benko
964 4999 1094 5058 servivit
1118 4999 1257 5060 eundem
1284 5001 1314 5060 in
1333 5002 1398 5062 suis

143 5091 334 5155 vestimentis
351 5095 499 5178 propriis,
514 5095 609 5180 jurati
627 5099 892 5183 adjudicaverunt
908 5104 1023 5184 taliter,
1041 5105 1129 5187 quod
1149 5120 1280 5190 propter
1297 5109 1398 5186 negli-

1297 5214 1331 5278 Ι5
