3738 5786
562 558 648 616 Anno
672 567 761 634 1457.
787 569 902 634 -14,
919 555 1072 630 januarii.

187 769 332 830 similiter
347 788 452 850 usque
465 783 613 830 octavum
628 769 714 830 diem
732 769 914 851 persolvere
931 767 1092 830 tenebitur
1106 781 1136 830 et
1149 768 1298 845 debebit;
1317 769 1449 851 ipseque

189 873 336 936 dominus
360 875 515 938 Nicolaus
539 876 695 959 plebanus
728 875 854 936 racione
879 875 962 937 dicte
994 875 1091 937 tercie
1116 874 1213 956 partis
1238 875 1355 938 domus
1379 895 1448 937 mu-

188 996 249 1044 rate
273 982 377 1064 ipsius
401 981 556 1044 Demetrii
581 982 675 1063 jurati
700 1001 759 1064 pro
783 1001 846 1064 qua
871 999 979 1043 secum
997 981 1144 1063 litigavit,
1169 981 1265 1044 debet
1289 983 1449 1044 dimittere

189 1087 218 1147 in
240 1101 397 1170 perpetua
421 1107 498 1170 pace
523 1087 609 1168 juxta
633 1087 775 1170 predicta
800 1107 856 1150 sua
878 1087 1046 1170 privilegia
1068 1087 1124 1150 tali
1149 1088 1208 1149 sub
1233 1087 1448 1170 obligatione,

187 1196 269 1274 quod
290 1213 496 1276 quecumque
513 1215 585 1277 pars
598 1195 738 1277 ipsarum
756 1194 900 1276 parcium
918 1195 949 1254 in
973 1193 1116 1276 predicta
1134 1194 1347 1256 arbitratione
1365 1195 1449 1277 ipso-

189 1318 253 1362 rum
267 1301 464 1363 arbitrorum
478 1321 679 1383 perseverare
697 1301 799 1364 nollet
816 1315 847 1363 et
864 1301 965 1384 ipsam
991 1300 1136 1380 violaret,
1153 1300 1226 1362 talis
1249 1321 1323 1382 pars
1339 1315 1449 1362 contra

186 1406 278 1469 aliam
311 1409 493 1490 partemin
526 1408 592 1490 ipsa
622 1409 834 1470 arbitracione
867 1421 1126 1490 perseverantem
1158 1408 1190 1468 in
1215 1409 1449 1490 quinquaginta

186 1516 296 1575 marcis
330 1515 538 1576 denariorum
568 1535 627 1597 pro
658 1527 803 1597 tempore
837 1514 1048 1592 turrensium,
1074 1527 1104 1576 et
1128 1527 1237 1576 contra
1269 1515 1448 1576 commuui-

185 1635 278 1682 tatem
303 1623 389 1684 dicte
407 1623 545 1685 civitatis
561 1623 709 1686 similiter
722 1623 754 1684 in
774 1623 808 1686 L.
831 1623 946 1684 marcis
962 1621 1170 1684 denariorum
1188 1621 1334 1684 convinci
1353 1621 1449 1684 debet

185 1741 215 1788 et
238 1728 382 1808 agravari
408 1748 481 1790 mox
507 1729 577 1811 ipso
603 1727 706 1806 lact03
740 1730 771 1790 in
796 1749 860 1810 qua
884 1728 1096 1790 arbitracione
1129 1727 1289 1790 dictorum
1314 1729 1448 1790 arbitro·

185 1853 253 1895 rum
278 1835 345 1917 ipse
369 1838 464 1898 ambe
488 1849 593 1918 partes
616 1857 649 1897 se
674 1849 840 1899 contentas
865 1835 991 1918 penitus
1015 1833 1225 1897 affirmarunt.

287 1941 368 2005 Item
392 1943 486 2024 jurati
510 1941 777 2024 adjudicaverunt
806 1961 934 2004 causam
968 1943 1050 2004 inter
1074 1940 1233 2024 prelatum
1260 1941 1447 2002 Conradum

185 2047 321 2129 judicem
347 2062 379 2111 et
411 2051 493 2112 inter
524 2050 726 2112 Anthonium
759 2050 898 2130 juratum
929 2067 1085 2130 generum
1122 2047 1259 2138 condam
1293 2045 1448 2108 Anthouii

186 2155 337 2218 institoris
361 2176 469 2218 coram
492 2155 602 2236 juratis
627 2157 659 2218 in
685 2155 768 2218 lacto
790 2155 910 2218 XXXV
935 2155 1004 2217 flor.
1029 2155 1097 2216 auri
1116 2168 1249 2232 motam,
1273 2173 1312 2215 eo
1337 2153 1448 2232 modo,

186 2275 218 2323 ut
241 2262 319 2344 quia
344 2263 495 2324 dominus
519 2262 672 2324 Clemens
689 2263 845 2346 presbiter
869 2261 1020 2343 magister
1043 2261 1211 2340 hospitalis
1235 2260 1334 2322 nostri
1360 2279 1446 2322 com-

185 2369 290 2430 munis
315 2389 354 2432 eo
377 2370 476 2432 modo
501 2370 590 2449 dixit,
615 2369 704 2451 quod
730 2371 796 2452 ipse
821 2369 853 2430 in
879 2369 939 2430 isto
963 2367 1109 2430 conscius
1132 2365 1254 2446 fuisset,
1279 2365 1367 2448 quod
1393 2367 1447 2428 lo-

184 2474 305 2537 hannes
330 2476 470 2557 Baptista
488 2477 649 2558 predictos
665 2475 786 2537 XXXV
810 2475 880 2538 flor.
897 2476 965 2537 auri
983 2473 1107 2557 prelato
1124 2474 1261 2536 condem
1281 2473 1447 2535 Anthonio

184 2581 321 2644 institori
353 2567 463 2644 socero
495 2584 594 2665 ipsius
627 2582 783 2644 Anthonii
816 2582 933 2643 sutoris
964 2581 1059 2663 plene
1090 2581 1254 2664 persolvit,
1278 2581 1332 2642 sed
1358 2579 1447 2661 quod

184 2708 281 2750 unum
309 2688 362 2748 vel
387 2687 467 2750 duos
491 2689 572 2767 flor,
598 2709 680 2771 quos
705 2689 764 2750 sibi
791 2689 874 2750 idem
894 2688 1057 2750 lohannes
1081 2688 1222 2770 Baptista
1248 2689 1376 2750 racione
1394 2707 1446 2748 ex·

182 2795 381 2876 petracionis
405 2795 504 2877 ipsius
528 2795 627 2857 debiti
652 2795 728 2856 dare
745 2795 953 2876 promisisset,
978 2815 1043 2857 non
1068 2795 1288 2876 persolvisset;
1314 2807 1344 2855 et
1368 2793 1446 2854 dum

182 2900 323 2984 prelatus
342 2900 512 2962 Conradus
530 2901 625 2982 judex
648 2902 753 2984 ipsum
770 2901 971 2963 Anthonium
1003 2901 1181 2963 institorem
1207 2899 1349 2982 quodam
1366 2912 1445 2960 tem·

181 3027 255 3090 pore
280 3028 342 3091 pro
369 3007 438 3090 ipso
455 3008 563 3070 debito
589 3028 628 3070 eo
645 3009 745 3070 modo
770 3009 980 3088 interogasset
1004 3008 1076 3070 etsi
1102 3009 1169 3090 ipse
1187 3007 1349 3070 lohannes
1362 3007 1444 3088 Bap-

180 3114 250 3176 tista
275 3114 399 3175 dictum
435 3115 579 3176 debitum
612 3115 671 3196 ipsi
697 3115 864 3176 Anthonio
897 3115 1034 3177 institori
1068 3113 1281 3196 persolvisset,
1312 3113 1444 3196 ipseque

180 3221 365 3282 Anthonius
389 3220 515 3282 institor
539 3221 684 3304 predicto
714 3222 867 3284 Conrado
899 3222 997 3304 judici
1023 3242 1061 3284 eo
1093 3221 1193 3284 modo
1216 3220 1443 3304 respondisset,

180 3329 266 3409 quod
290 3327 436 3410 prelatus
460 3327 621 3390 lohannes
645 3329 787 3411 Baptista
812 3329 871 3411 ipsi
900 3327 1067 3391 Anthonio
1092 3328 1229 3390 institori
1253 3328 1349 3411 plene
1372 3347 1443 3410 prs·

180 3433 281 3496 dictos
311 3434 434 3495 XXXV
459 3433 529 3496 flor.
561 3435 630 3496 auri
662 3435 878 3517 persolvisset,
911 3434 985 3496 ideo
1018 3435 1084 3517 ipse
1117 3435 1279 3497 lohannes
1303 3435 1444 3516 Baptista

179 3555 294 3603 octavo
319 3540 372 3602 die
397 3561 493 3623 super
517 3561 602 3603 aram
628 3555 737 3603 sancte
761 3542 874 3603 Crucis
897 3541 1001 3624 jurare
1032 3541 1192 3603 tenebitur
1216 3561 1311 3623 super
1335 3561 1385 3620 eo,
1410 3554 1444 3603 ut

179 3647 248 3730 ipse
273 3648 456 3730 predictum
480 3631 625 3710 debitum
651 3649 709 3731 ipsi
735 3647 901 3710 Anthonio
926 3649 1029 3730 jurato
1046 3649 1141 3732 plene
1165 3649 1386 3731 persolvisset;
1404 3650 1443 3711 de

178 3771 245 3834 quo
261 3753 387 3836 judicio
404 3755 547 3836 ipsorum
571 3754 750 3836 juratorum
762 3755 829 3838 ipse
846 3753 1031 3816 Anthonius
1047 3755 1168 3838 juratus
1193 3775 1256 3817 non
1275 3769 1444 3818 contentus

177 3861 356 3942 appellavit
388 3859 525 3922 eandem
557 3881 684 3922 causam
718 3862 750 3922 in
783 3863 981 3944 presenciam
1014 3863 1177 3924 seniorum
1209 3861 1352 3944 judicum
1384 3882 1443 3945 pro

178 3967 307 4028 meliori
332 3966 586 4048 adjudicatione.

286 4072 364 4135 ltem
390 4093 484 4134 causa
508 4073 675 4136 Michaelis
698 4074 792 4157 jurati
817 4076 900 4136 iuter
924 4075 1030 4158 ipsum
1047 4089 1078 4137 et
1102 4075 1184 4138 inter
1210 4075 1330 4138 Lucam
1354 4089 1440 4138 suto·

177 4198 259 4258 rem,
283 4178 434 4261 juratum,
464 4179 654 4242 secundario
680 4181 788 4243 estad
817 4181 956 4264 primum
985 4181 1141 4264 juditium
1165 4202 1221 4264 per
1245 4183 1440 4265 petitionem

175 4287 355 4366 proborum
380 4285 523 4348 virorum
549 4285 589 4348 ad
613 4305 725 4369 pacem
749 4301 930 4370 prorogata.

287 4392 365 4454 Item
390 4393 466 4474 quia
498 4393 565 4476 ipse
599 4395 701 4456 Lucas
732 4409 831 4474 sutor,
855 4395 988 4476 juratus,
1020 4396 1052 4456 in
1078 4396 1190 4457 eadem
1214 4415 1305 4458 causa
1332 4411 1441 4459 contra

175 4497 339 4580 prelatum
366 4499 558 4563 Michaelem
582 4501 722 4582 juratum
746 4501 842 4564 hodie
860 4523 925 4564 non
949 4503 1129 4585 comparuit
1154 4524 1211 4566 net
1228 4525 1286 4588 pro
1310 4525 1343 4568 se
1366 4526 1440 4588 pro·

175 4619 360 4668 curatorem
385 4607 482 4687 misit,
508 4608 582 4670 ideo
600 4610 752 4671 remansit
769 4609 801 4670 in
822 4609 962 4690 birsagio
986 4609 1070 4671 sedis
1094 4609 1259 4691 judiciarie
1277 4626 1439 4676 consveto.

286 4713 363 4775 ltem
379 4715 451 4796 glos
475 4715 572 4776 Blasii
590 4713 671 4776 labri
688 4729 799 4778 contra
816 4717 921 4798 ipsunt
938 4717 1043 4797 primo
1057 4717 1150 4778 citata
1167 4737 1232 4779 non
1250 4720 1439 4800 comparuit.

286 4820 364 4882 ltem
388 4821 522 4884 sabbato
546 4822 691 4904 proxime
724 4823 870 4904 sequenti
895 4823 1036 4884 seniores
1060 4822 1181 4904 judices
1206 4843 1334 4886 causam
1359 4827 1440 4887 inter

174 4926 368 4989 Conradum
385 4927 517 4989 Rawsar
541 4929 701 4990 seniorem
718 4927 857 5010 judicem
876 4943 907 4990 et
924 4929 1089 4991 concivem
1112 4943 1268 5010 nostrum,
1294 4945 1327 4992 ut
1349 4931 1437 4994 fidei-

173 5052 321 5096 ussorem
343 5033 501 5096 lobannis
533 5034 685 5117 Baptiste,
717 5049 747 5097 et
771 5035 852 5098 inter
884 5035 1086 5100 Anthonium
1117 5052 1258 5100 sutorem
1283 5059 1437 5120 generum
