3818 5786
592 544 791 620 Ann01452.
817 578 860 588 —
883 540 937 604 28.
954 546 1105 621 januarii.
1443 563 1482 626 29

214 757 245 815 in
270 755 361 816 totali
386 756 519 818 accione
544 755 644 837 ipsius
667 755 707 816 sit
732 756 886 817 innocens
910 769 940 815 et
958 756 1099 834 innoxia,
1125 776 1180 838 per
1205 756 1482 840 adjudicacionem

215 859 392 940 juratorum
418 860 647 943 predictorum.

319 968 399 1030 Item
425 969 502 1049 quia
528 967 645 1029 Paulus
676 967 816 1048 agricola
846 967 930 1029 filius
955 966 1097 1046 Thome,
1120 989 1158 1029 ex
1190 969 1259 1050 ipso
1284 983 1314 1031 et
1348 970 1481 1052 provida

215 1073 351 1136 condam
377 1075 514 1136 muliere
539 1075 714 1137 Katheriua
746 1085 869 1153 vocata,
898 1073 964 1136 filia
996 1076 1134 1136 condam
1167 1075 1301 1156 Agnetis
1325 1076 1481 1156 mulieris,

215 1178 280 1242 filie
304 1181 444 1242 condam
471 1180 611 1242 Ladislai
629 1181 721 1243 aliter
738 1181 806 1242 Lad
830 1181 946 1261 vocati,
970 1183 1089 1244 sororis
1113 1201 1189 1244 vero
1214 1183 1336 1244 uterine
1361 1197 1391 1244 et
1415 1203 1481 1245 car·

215 1287 295 1349 nalis
319 1287 459 1349 condam
477 1287 642 1348 Dominici
661 1288 801 1369 agricole
817 1287 877 1350 filii
894 1288 1040 1350 eiusdem
1058 1287 1210 1368 Ladislai,
1235 1289 1391 1370 legittime
1408 1309 1481 1371 pro·

214 1394 342 1475 genitus
366 1407 399 1455 et
430 1407 625 1476 procreatus,
651 1407 682 1457 et
713 1393 815 1456 Elena
847 1395 964 1456 mulier
996 1394 1061 1456 filia
1091 1394 1234 1478 predicte
1258 1395 1393 1476 Agnetis
1416 1394 1481 1457 filie

215 1502 314 1583 ipsius
347 1501 499 1580 Ladislai,
533 1501 762 1564 inhabitatores
797 1500 880 1564 dicte
912 1502 1060 1580 civitatis,
1085 1502 1116 1563 id
1149 1522 1222 1564 curn
1247 1501 1417 1564 sulficienti
1451 1515 1482 1564 et

215 1606 379 1689 fidedigno
403 1623 589 1669 nostrorum
614 1608 795 1670 concivium
814 1609 1000 1670 testimonio
1026 1609 1058 1670 iu
1082 1609 1158 1670 sede
1182 1623 1289 1670 nostra
1313 1609 1479 1690 judiciaria

214 1713 297 1776 clare
314 1727 347 1775 et
368 1715 488 1776 seriose
506 1716 758 1796 comprobarunt
779 1735 887 1776 coram
905 1715 1010 1793 nobis,
1034 1729 1069 1776 ut
1086 1715 1164 1776 dum
1181 1716 1315 1797 provida
1340 1716 1478 1778 condam

213 1820 330 1882 mulier
354 1825 449 1882 Anna
473 1835 596 1900 vocata,
628 1821 738 1882 relicta
770 1821 907 1882 corrdam
940 1820 1054 1904 prelati
1080 1821 1243 1883 Dominici
1275 1822 1414 1903 agricole
1448 1826 1479 1884 in

214 1928 364 1988 extremis
388 1927 452 1988 vite
477 1947 534 1988 sue
564 1928 752 2009 temporalis
784 1928 969 2006 laborasset,
1001 1941 1076 1989 tunc
1101 1928 1168 2010 ipsa
1193 1929 1399 1990 medietatem
1433 1929 1480 1990 di·

214 2047 331 2095 rectam
356 2048 389 2094 et
411 2034 560 2115 equalem
586 2034 752 2095 cuiusdam
777 2034 870 2095 vinee
895 2047 926 2095 et
954 2032 1045 2094 fundi
1070 2034 1254 2096 sessionalis
1277 2037 1336 2096 sub
1361 2035 1475 2096 eadem

213 2140 305 2202 vinea
331 2140 443 2218 habiti,
468 2141 500 2201 in
525 2141 687 2202 territorio
711 2154 821 2202 nostro
845 2159 901 2202 seu
926 2140 1062 2202 civitatis
1086 2139 1219 2223 prefate,
1244 2142 1326 2203 inter
1352 2143 1480 2204 vineam

214 2245 437 2308 Bartholomei
459 2259 490 2307 et
514 2245 660 2328 Dyonisii
686 2245 825 2308 filiorum
844 2246 982 2308 condam
1004 2247 1094 2308 Pauli
1120 2247 1197 2310 dicti
1224 2248 1419 2332 Paulowych
1437 2251 1477 2312 ab

212 2371 276 2414 una
299 2352 451 2413 videlicet
475 2373 492 2412 a
517 2352 722 2414 meridionali
740 2367 840 2435 parte,
864 2356 904 2414 ab
921 2353 1019 2415 altera
1045 2373 1121 2415 vero
1139 2354 1290 2416 videlicet
1314 2357 1354 2416 ab
1372 2357 1477 2418 orien-

211 2459 265 2520 tali
290 2473 379 2541 parte
413 2458 496 2520 inter
527 2458 702 2540 virgultum
728 2459 825 2520 Blasii
858 2459 997 2541 agricole
1032 2459 1088 2521 filii
1116 2460 1242 2522 Nicolai
1267 2461 1342 2522 dicti
1369 2463 1479 2541 Petale,

212 2586 249 2628 ac
271 2565 428 2627 directam
461 2565 608 2627 similiter
632 2581 663 2627 et
691 2566 840 2648 equalem
872 2567 1080 2630 medietatem
1113 2567 1243 2648 virgulti
1268 2581 1299 2630 et
1323 2583 1478 2630 terrarum

211 2674 382 2735 arabilium
412 2672 518 2734 eidem
547 2672 641 2734 vinee
672 2675 732 2734 sub
763 2687 794 2734 et
824 2673 1044 2754 adjacencium
1077 2687 1108 2735 et
1138 2673 1373 2756 pertinencium
1411 2695 1477 2738 me-

211 2781 319 2842 diante
342 2794 451 2842 tamen
477 2779 616 2860 quadam
641 2779 692 2841 via
717 2780 893 2858 communi,
926 2780 1033 2842 habite
1058 2795 1089 2841 et
1113 2781 1276 2844 existentis
1298 2781 1436 2864 desuper
1460 2805 1482 2844 a·

212 2887 352 2969 predicta
378 2885 430 2946 via
454 2886 620 2947 communi
646 2885 778 2947 inferius
802 2897 833 2948 et
849 2905 906 2968 per
929 2887 1081 2948 verticem
1107 2888 1225 2948 montis
1249 2887 1399 2951 similiter
1423 2889 1479 2951 ba-

211 2994 275 3054 bita
300 3006 332 3054 et
356 2990 439 3054 inira
463 3011 565 3073 usque
590 2992 742 3070 rivulum,
763 2992 859 3053 simul
877 3011 950 3054 cum
975 2993 1114 3074 virgulto
1140 3007 1170 3054 et
1186 2994 1277 3054 terris
1301 2995 1477 3057 arabilibus

210 3099 401 3183 supradictis
412 3118 446 3160 se
470 3098 717 3160 extendentibus
729 3098 822 3160 sitam
836 3111 867 3160 et
880 3099 1079 3178 existentem,
1096 3100 1197 3181 ipsam
1211 3101 1331 3162 scilicet
1348 3105 1476 3164 Annam

210 3206 381 3268 mulierem
399 3223 459 3287 pro
472 3205 626 3287 porcione
643 3225 700 3266 sua
716 3203 850 3284 juridice
872 3218 902 3266 et
921 3205 1094 3268 literatorie
1112 3219 1361 3269 concernentem
1381 3207 1478 3270 simul

210 3332 283 3374 cum
307 3312 462 3374 omnibus
485 3312 550 3373 suis
566 3311 759 3374 utilitatibus
772 3325 802 3374 et
818 3312 1025 3394 pertinenciis
1041 3313 1209 3392 universis,
1234 3312 1358 3396 prefato
1377 3315 1478 3376 Paulo

211 3418 351 3498 agricole
376 3431 408 3479 et
431 3418 573 3499 predicte
597 3419 715 3499 Agneti
738 3419 866 3480 mulieri
891 3433 1056 3500 tamquam
1075 3421 1323 3502 consanguineis
1347 3435 1378 3483 et
1403 3441 1478 3484 con·

210 3526 347 3587 sobrinis
372 3525 473 3606 ipsius
496 3528 590 3586 Anne
620 3525 765 3587 mulieris
789 3527 872 3588 veris
896 3540 927 3588 et
943 3526 1032 3608 justis
1055 3527 1226 3610 legavisset
1250 3543 1281 3590 et
1305 3529 1478 3593 dimisisset

209 3631 277 3712 jure
311 3630 504 3714 perhennali
539 3631 789 3712 possidendam;
822 3633 961 3715 ideoque
994 3653 1053 3695 nos
1089 3635 1224 3696 eandem
1262 3636 1414 3698 directam
1449 3651 1479 3698 et

210 3737 358 3819 equalem
385 3737 592 3799 medietatem
617 3737 717 3820 ipsius
741 3739 834 3800 vinee
859 3753 890 3802 et
910 3755 991 3802 terre
1015 3761 1072 3803 seu
1096 3739 1188 3802 fundi
1213 3742 1395 3804 sessionalis
1419 3744 1479 3804 sub

209 3843 323 3905 eadem
347 3844 443 3905 vinea
465 3843 569 3912 ,habiti
594 3862 651 3904 seu
675 3843 782 3906 habite
808 3865 843 3907 ac
876 3859 1031 3908 terrarum
1056 3847 1227 3910 arabilium
1252 3848 1358 3910 eidem
1385 3851 1477 3911 vinee

209 3952 267 4012 sub
292 3965 324 4012 et
348 3949 584 4030 adjacencium,
607 3951 795 4033 porcionem
818 3951 970 4014 videlicet
994 3953 1093 4034 ipsius
1115 3959 1209 4016 Anne
1235 3956 1389 4034 mulieris,
1407 3975 1476 4038 pre·

210 4057 302 4118 dictis
327 4057 432 4119 Paulo
455 4056 596 4138 agricole
630 4071 661 4120 et
693 4057 793 4119 Elene
826 4059 953 4120 mulieri
979 4079 1015 4122 ac
1039 4077 1096 4140 per
1128 4079 1183 4120 eos
1206 4061 1350 4143 ipsorum
1382 4062 1472 4125 here·

210 4163 304 4226 dibus
327 4164 499 4225 statuimus
516 4177 548 4226 et
564 4164 786 4226 commisimus
801 4163 870 4246 jure
888 4179 1042 4248 perpetuo
1060 4180 1091 4228 et
1107 4167 1359 4231 irrevocabiliter
1376 4169 1476 4251 possi·

209 4270 350 4332 dandam
381 4283 413 4332 et
444 4271 755 4353 quomodocumque
786 4271 947 4333 voluerint
980 4273 1217 4356 disponendam
1248 4273 1334 4356 juxta
1366 4276 1477 4337 condi·

209 4377 337 4438 cionem
362 4377 499 4439 civitatis
523 4391 700 4460 prenotate.

209 4595 306 4670 Feria
327 4605 426 4670 sexta
440 4600 597 4687 proxima
616 4607 692 4688 post
706 4599 830 4671 sestam
846 4598 1079 4672 Conversionis
1099 4601 1186 4672 beati
1209 4601 1304 4673 Pauli
1321 4603 1475 4691 apostoli.

722 4750 792 4833 (28.
808 4751 976 4830 januaria).

315 4893 394 4956 ltetn
419 4894 497 4976 quia
521 4894 646 4975 Agatha
680 4914 759 4956 uxor
792 4892 920 4956 Andree
953 4894 1093 4976 agricole
1116 4895 1240 4977 antiqui
1273 4907 1383 4960 contra
1409 4896 1476 4958 Ste-

209 4999 353 5082 phanum
376 5001 519 5082 juratum
552 5001 675 5063 dictum
703 5001 813 5083 Zaylro
845 5001 960 5083 pridie,
992 5015 1106 5064 octavo
1139 5003 1290 5066 videlicet
1314 5004 1366 5066 die
1399 5003 1476 5066 ferie
