3644 5788
540 527 626 582 Anno
649 521 740 602 1461.
765 540 880 603 -14.
905 529 1033 600 augusti.
1362 543 1425 606 ²⁰7

262 737 342 798 Item
377 738 561 799 Antlronius
592 738 796 821 Soldynaryn
837 751 871 798 ut
903 737 935 799 in
968 757 1096 799 causam
1129 751 1279 800 attractus
1312 751 1422 801 contra

165 843 362 906 Clementem
388 845 580 926 lreniparem
605 847 795 908 secundario
820 847 933 908 citatus
958 847 1024 927 ipse
1042 845 1225 907 Anthonius
1241 845 1424 928 comparuit

164 951 278 1032 etipse
305 950 459 1013 Clemens
483 972 560 1013 non.

342 1173 488 1244 Sabbata
517 1177 671 1261 proximo
700 1181 778 1244 ante
806 1171 928 1244 festum
958 1172 1104 1244 Oswaldi
1134 1175 1235 1261 regia.

685 1323 728 1404 (1.
753 1324 895 1405 auguste).

263 1469 413 1530 Seniores
426 1467 548 1549 judices
560 1467 826 1548 adjudicaverunt
839 1485 966 1528 causam
981 1466 1062 1527 inter
1076 1465 1290 1527 Laurencium
1305 1464 1424 1548 Sporar

164 1589 190 1636 et
213 1575 391 1657 Elyzabeth
427 1587 608 1636 consortem
634 1573 783 1657 Dyonisii
812 1573 988 1655 Wodopye
1020 1573 1148 1634 racione
1173 1572 1424 1654 permutacionis

164 1681 331 1743 domorum
365 1683 520 1763 ipsorum,
553 1695 584 1742 et
615 1681 691 1762 quia
727 1681 794 1764 ipse
828 1679 1003 1762 Dyonisius
1035 1678 1210 1762 Wodopya
1243 1679 1312 1740 sine
1343 1679 1424 1740 scitu

165 1788 259 1869 ipsius
293 1785 470 1871 Elyzabetb
502 1786 659 1849 consortis
690 1805 745 1848 sue
783 1785 918 1847 eandem
950 1785 1227 1868 permutationem
1252 1783 1327 1847 lecit
1351 1804 1424 1846 cum

164 1893 273 1955 eodem
307 1893 499 1970 Laurentio,
536 1892 611 1954 ideo
636 1893 701 1974 ipsa
739 1893 840 1954 libera
872 1889 933 1953 luit
967 1890 1113 1954 inhibere
1147 1905 1177 1952 et
1209 1891 1295 1953 licite
1320 1889 1423 1952 iacere

164 1997 345 2060 huiusmodi
363 1998 607 2076 inbibicionem,
632 2012 663 2060 et
679 1997 859 2078 adjudicata
885 2011 932 2059 est
948 1997 1014 2080 ipsa
1040 1996 1238 2079 permutatio
1255 1993 1323 2058 sore
1340 1995 1422 2058 iacta

164 2105 257 2182 nulla,
282 2119 313 2166 et
337 2105 412 2186 quia
437 2105 491 2165 ubi
517 2105 743 2166 concambium
762 2102 830 2165 fieri
854 2123 919 2166 nou
944 2104 1048 2186 potuit
1072 2124 1148 2185 crgo
1173 2115 1204 2164 et
1227 2122 1344 2183 arenga
1368 2121 1424 2184 per

164 2211 262 2292 ipsum
287 2210 480 2293 Dyonisium
505 2211 545 2271 ab
570 2209 684 2272 eodem
710 2210 777 2292 peri
801 2229 866 2270 non
891 2223 996 2292 potest
1019 2223 1050 2271 et
1074 2209 1252 2272 anichilari.

264 2317 414 2380 Seniores
439 2316 560 2398 judices
584 2316 850 2398 adjudicaverunt
870 2335 998 2377 causam
1023 2315 1187 2376 Dominici
1214 2313 1342 2376 racione
1367 2314 1423 2376 de·

163 2425 354 2506 perdicionis
376 2424 524 2506 piscium,
549 2443 631 2506 quos
664 2423 788 2506 ipsein
820 2423 920 2484 domo
945 2424 1076 2484 Rawsar
1108 2421 1254 2484 vendidit
1286 2422 1422 2484 scienter

162 2546 321 2614 tamquam
347 2529 542 2593 inhabitator
566 2529 712 2592 civitatis.

164 2767 254 2841 lerla
282 2780 379 2842 sexta
400 2773 551 2859 proxima
581 2780 659 2842 ante
679 2770 801 2842 festum
826 2773 1082 2860 lasumpclonis
1104 2771 1246 2859 virginis
1266 2771 1422 2858 gloriose,

629 2915 715 2966 anno
744 2894 796 2968 LX
824 2896 945 2982 primo.

672 3046 738 3126 (14.
762 3047 906 3122 augusti).

264 3187 341 3249 ltem
367 3187 398 3248 in
424 3207 518 3249 causa
543 3188 624 3248 inter
642 3187 821 3250 Johannem
840 3185 1108 3270 Wentlrycheycb
1126 3201 1157 3248 et
1182 3187 1356 3249 Martinum
1374 3187 1421 3266 ju·

163 3291 263 3354 dicem
287 3294 416 3355 racione
440 3294 505 3355 litis
529 3293 671 3375 ipsorum
691 3293 721 3355 in
747 3293 837 3370 silva,
859 3293 945 3375 juxta
962 3293 1235 3376 composicionem
1262 3296 1422 3355 bonorum

164 3399 299 3460 virorum
332 3399 581 3462 concordassent
613 3414 643 3462 et
674 3399 923 3478 concordarunt,
955 3412 987 3462 et
1009 3413 1105 3482 prout
1137 3399 1168 3461 in
1194 3400 1294 3461 literis
1325 3399 1424 3481 ipsius

165 3504 313 3566 lobannis
330 3507 536 3568 continentur
561 3521 644 3568 mete
663 3506 762 3586 ipsius
786 3505 864 3567 silve
884 3506 950 3588 ipse
968 3506 1125 3567 Martinus
1141 3505 1236 3582 judex
1253 3517 1422 3567 contentus

165 3611 264 3673 extitit
287 3627 316 3674 et
340 3613 445 3694 ipsum
471 3612 650 3673 Johannem
676 3611 759 3690 juxta
778 3611 897 3693 primas
914 3624 1014 3674 metas
1031 3613 1063 3674 in
1089 3611 1188 3673 literis
1212 3611 1329 3672 nostris
1345 3630 1421 3672 con·

164 3731 262 3778 tentas
297 3739 387 3780 veras
411 3719 544 3780 asseruit
575 3733 606 3780 et
634 3718 711 3779 alias
743 3719 872 3779 arbores
904 3717 990 3800 juxta
1020 3718 1108 3780 illam
1142 3719 1289 3779 arborem
1321 3717 1420 3778 cerasi

164 3825 323 3903 succisam,
346 3845 405 3907 pro
430 3839 512 3886 meta
545 3826 639 3886 ambe
671 3837 776 3906 partes
807 3824 996 3886 locaverunt
1020 3839 1050 3886 et
1081 3823 1337 3906 appellacionem
1364 3842 1420 3904 per

164 3929 264 4010 ipsum
290 3932 463 3994 Martinurn
489 3931 629 4010 judicem
654 3930 769 3992 lactant
794 3929 834 3991 ad
859 3930 1046 4011 magistrum
1078 3929 1325 3990 tawarnicorum
1351 3949 1421 4010 pre·

164 4037 376 4100 termisissent.

267 4143 342 4206 ltem
367 4143 522 4206 Nicolaus
553 4157 642 4206 sutor
673 4159 782 4205 contra
818 4142 972 4204 Mathiam
997 4153 1137 4204 sutorem
1171 4141 1276 4223 primo
1308 4140 1421 4202 citatus

165 4267 227 4308 non
253 4250 429 4331 comparuit
454 4251 484 4310 in
511 4249 643 4324 iudicio,

266 4353 341 4416 ltem
366 4355 463 4417 tercia
487 4355 555 4416 vice
579 4355 770 4437 proclamari
794 4353 929 4416 fecimus
945 4373 1041 4436 super
1065 4366 1180 4414 terram
1198 4351 1327 4413 Thome
1345 4350 1420 4413 Gla·

161 4479 267 4541 wycza
291 4461 377 4540 dicti,
404 4462 443 4523 de
468 4461 669 4544 Podbressya
687 4462 768 4522 ultra
786 4463 975 4543 Zawyczam
1000 4460 1031 4520 in
1048 4459 1208 4521 territorio
1234 4458 1317 4519 dicte
1341 4458 1417 4519 civi·

162 4565 233 4626 tatis
256 4565 407 4647 habitam,
432 4581 467 4630 ut
488 4568 513 4630 si
538 4569 610 4650 quis
627 4569 758 4630 haberet
782 4566 850 4648 jura
868 4585 962 4648 super
986 4565 1112 4644 eadem,
1136 4566 1248 4626 eadem
1266 4563 1416 4626 exhibere

163 4689 269 4734 coram
292 4675 386 4737 nobis
409 4689 556 4738 teneatur
580 4689 610 4737 et
634 4675 742 4736 nullus
767 4673 879 4735 eadem
913 4673 1075 4754 produxit,
1099 4672 1172 4732 ideo
1198 4689 1256 4732 nos
1280 4670 1418 4732 eandem

161 4789 274 4840 terram
297 4782 433 4862 provide
457 4781 583 4844 mulieri
609 4782 736 4864 lelycza
761 4780 855 4858 dicte,
880 4778 944 4840 lille
969 4779 1068 4860 ipsius
1093 4777 1222 4839 Thome
1247 4774 1419 4858 Glawycza

161 4881 246 4962 dicti,
269 4907 351 4949 nunc
375 4908 451 4950 vero
475 4888 616 4950 consorti
642 4887 770 4949 Thorne
796 4885 1064 4947 molendinatoris
1086 4884 1226 4965 agricole
1250 4884 1420 4946 statuimus

161 4988 326 5075 literasque
351 5015 451 5057 novas
475 4995 580 5056 eidem
605 4993 674 5055 dari
699 4993 932 5056 commisimus.
