3644 5788
401 506 461 582 146
789 501 987 584 Ann01458.
1013 520 1127 583 -14.
1151 503 1267 580 aprilis.

501 719 578 781 ltem
605 718 787 781 anthonius
812 717 990 798 lutifigulus
1018 718 1131 780 debuit
1162 732 1300 799 prestare
1333 715 1552 798 juramentum
1579 715 1660 778 duo·

395 825 608 887 decimusmet
632 826 776 908 personis
800 825 861 886 sibi
886 825 1045 886 similibus
1070 824 1157 906 quod
1183 825 1249 906 ipse
1274 843 1339 886 non
1364 822 1474 885 luisset
1498 823 1662 906 particeps

394 932 426 992 in
452 931 594 1013 quodam
619 931 815 1008 homicidio;
840 930 928 1012 quod
953 945 983 992 et
1006 931 1143 1013 prestitit
1167 931 1219 992 die
1243 943 1274 991 et
1296 930 1370 992 loco
1395 929 1590 1012 supradicto.

500 1055 579 1117 Item
615 1054 720 1118 Grexa
756 1054 941 1140 lutifigulus
969 1075 1027 1137 pro
1064 1053 1146 1141 lacto
1187 1053 1302 1118 eodem
1337 1053 1486 1116 similiter
1525 1053 1662 1136 prestitit

394 1163 620 1244 juramentum.

500 1270 577 1331 ltem
602 1269 696 1350 jurati
721 1268 987 1350 adjudicaverunt
1012 1269 1094 1330 inter
1114 1268 1277 1329 Thomam
1303 1267 1447 1349 Malynin
1474 1281 1505 1328 et
1529 1267 1660 1328 Petrum

394 1388 534 1436 sutorem
560 1375 661 1436 filium
686 1394 779 1436 suum
805 1375 1015 1457 spiritualem,
1041 1374 1129 1456 quod
1147 1375 1273 1436 vineam
1293 1393 1389 1456 quam
1416 1373 1483 1455 ipse
1508 1373 1569 1434 sibi
1587 1391 1659 1454 pro·

394 1481 523 1542 miserat
547 1501 654 1542 coram
680 1479 851 1562 fidedignis
883 1481 1039 1562 personis,
1067 1500 1130 1561 que
1164 1493 1210 1540 est
1234 1480 1266 1540 in
1290 1480 1452 1541 territorio
1477 1479 1538 1539 vici
1574 1478 1660 1539 Lati-

394 1606 520 1664 norum,
545 1587 585 1646 de
610 1606 675 1667 quo
701 1587 760 1668 ipsi
785 1587 845 1647 sibi
878 1587 1036 1666 justiciam
1070 1586 1173 1647 lacere
1203 1605 1268 1647 non
1301 1597 1475 1667 potuerunt
1499 1584 1560 1645 nisi
1586 1584 1660 1645 esti·

393 1693 551 1771 macione,
577 1693 783 1754 medietatem
807 1692 894 1754 illius
917 1692 1011 1754 vinee
1036 1693 1160 1754 solvere
1185 1692 1301 1754 debeat
1325 1691 1364 1752 de
1389 1693 1485 1753 rebus
1509 1705 1541 1753 et
1568 1691 1663 1752 bonis

395 1798 426 1859 in
451 1798 612 1860 territorio
646 1799 782 1860 civitatis
813 1798 939 1876 habitis,
965 1813 996 1860 et
1026 1799 1123 1880 judici
1156 1818 1192 1859 ac
1224 1798 1334 1879 juratis
1364 1797 1404 1859 de
1428 1797 1519 1858 XXV
1544 1796 1661 1858 marcis

393 1903 565 1967 satisfaciat
588 1904 765 1966 secundum
791 1906 1096 1986 comprobacionem
1121 1903 1307 1966 testimonii.

499 2029 576 2091 ltem
601 2029 694 2110 jurati
727 2029 992 2110 adjudicaverunt
1020 2031 1103 2092 inter
1136 2031 1312 2111 baptistam
1337 2043 1369 2091 et
1393 2029 1525 2091 Gallum
1564 2028 1660 2090 freni-

392 2154 513 2215 parem,
538 2135 626 2216 quod
651 2136 718 2218 ipse
742 2135 830 2197 solus
855 2135 956 2197 fassus
981 2135 1040 2198 fuit
1072 2156 1179 2197 coram
1210 2135 1451 2212 communitate,
1476 2135 1565 2217 quod
1591 2137 1660 2218 ipse

393 2240 557 2302 mechatus
582 2240 693 2303 fuisset
716 2261 789 2303 curn
814 2263 913 2304 uxore
935 2263 992 2303 sua
1017 2262 1080 2303 non
1099 2243 1199 2303 semel
1224 2241 1278 2303 sed
1297 2242 1418 2324 pluries
1441 2255 1472 2302 et
1496 2241 1586 2323 quod
1603 2261 1660 2324 per

394 2346 494 2427 ipsam
518 2347 620 2408 solam
647 2348 714 2429 ipse
739 2347 849 2409 suisset
881 2363 1023 2428 vocatus,
1052 2349 1126 2410 ideo
1150 2349 1174 2409 si
1209 2348 1348 2409 invicem
1373 2348 1491 2430 reperti
1515 2345 1661 2426 fuissent,

391 2465 467 2513 tuuc
492 2453 568 2534 ipsis
592 2453 717 2533 justicia
741 2455 993 2516 aministraretur
1014 2456 1192 2516 secundum
1211 2454 1477 2517 consvetudinem
1503 2454 1661 2530 civitatis3

392 2559 446 2618 sed
472 2560 547 2640 quia
573 2560 631 2641 ipsi
657 2560 795 2621 invicem
820 2561 934 2642 reperti
966 2580 1030 2622 non
1065 2559 1195 2622 luerunt
1221 2575 1252 2623 et
1284 2561 1352 2642 ipsa
1376 2561 1493 2622 mulier
1517 2561 1557 2620 de
1583 2561 1660 2622 civi·

392 2677 455 2724 tate
480 2665 590 2744 evasit,
615 2666 754 2727 eundem
780 2665 911 2728 Gallum
937 2668 969 2728 in
1003 2667 1182 2728 carceribus
1214 2667 1320 2748 puniri
1346 2664 1491 2746 fecimus,
1516 2681 1548 2728 et
1572 2667 1661 2748 quod

391 2790 448 2852 per
472 2771 611 2853 amplius
636 2771 666 2832 in
692 2773 810 2834 talibus
834 2793 898 2833 non
925 2773 1117 2836 inveniatur.

499 2894 576 2956 ltem
602 2897 779 2978 Elyzabeth
804 2896 869 2958 filia
896 2898 990 2958 Blasii
1015 2898 1055 2958 de
1077 2897 1218 2959 Zethcha
1243 2897 1321 2958 alias
1345 2916 1461 2978 sponsa
1487 2897 1658 2959 cuiusdam

391 3001 548 3062 Anthonii
573 3000 629 3063 filii
654 3001 812 3062 Anthonii
837 3002 876 3064 de
905 3017 1015 3064 sancto
1041 3003 1206 3064 Demetrio
1232 3003 1263 3063 in
1289 3002 1410 3085 prefata
1436 3003 1578 3064 Zethcha
1605 3003 1660 3064 ba·

393 3107 469 3184 bita,
494 3108 578 3168 idem
605 3107 782 3190 Elyzabeth
807 3123 978 3189 negaverat
1002 3107 1161 3191 prelatum
1194 3129 1347 3191 sponsum
1372 3128 1467 3170 suum
1494 3125 1525 3170 et
1550 3109 1658 3170 hicio

393 3214 519 3276 civitate
544 3214 641 3276 alium
675 3215 779 3275 virum
813 3216 955 3292 duxerat,
987 3229 1060 3298 post
1091 3217 1181 3276 cuius
1215 3229 1351 3278 mortens
1382 3216 1480 3278 alium
1508 3217 1659 3279 maritum

392 3319 494 3398 duxit,
519 3340 591 3381 cum
616 3340 682 3401 quo
706 3321 866 3382 morando
890 3335 1013 3404 reperta
1038 3320 1098 3383 fuit
1123 3323 1154 3382 in
1179 3321 1350 3401 adulterio,
1375 3342 1438 3403 que
1463 3323 1654 3404 reprehensa

392 3439 422 3486 et
439 3426 470 3486 in
488 3427 666 3488 carceribus
690 3440 776 3488 tenta
793 3441 922 3509 propter
940 3427 1013 3488 istas
1029 3446 1143 3492 omues
1160 3427 1314 3506 malicias,
1338 3427 1433 3506 jurati
1450 3428 1655 3510 adjudicave-

391 3545 465 3592 runt
489 3532 624 3593 eandem
650 3533 681 3593 in
715 3531 796 3594 facie
820 3553 876 3594 sua
909 3533 1016 3614 sigillo
1048 3533 1197 3595 candenti
1229 3535 1363 3616 sigillari
1390 3547 1420 3596 et
1444 3536 1582 3617 turpiter
1607 3556 1656 3597 ex·

392 3637 487 3718 pelli;
506 3639 556 3699 cui
573 3640 679 3720 gracia
697 3659 753 3720 per
770 3640 1025 3721 supplicaciones
1043 3641 1276 3702 nonnullorum
1293 3643 1470 3723 proborum
1491 3641 1551 3703 luit
1568 3640 1656 3704 facta.

623 3935 625 3940 ,
694 3875 789 3948 Faria
819 3885 918 3948 sexta
947 3885 1022 3967 post
1051 3885 1209 3951 octavam
1238 3880 1352 3952 Pasce.

911 4049 973 4126 (14-
997 4052 1126 4127 apriles).

498 4201 574 4263 ltem
601 4204 703 4264 Lucas
727 4203 857 4284 juratus,
882 4221 981 4284 sutor,
1007 4209 1111 4288 primo
1141 4209 1255 4270 citatus
1282 4224 1392 4270 contra
1419 4211 1581 4273 Andream
1606 4231 1653 4272 su·

392 4319 492 4366 torem
520 4327 584 4368 non
610 4310 798 4389 comparuit.

498 4413 574 4474 ltem
594 4415 748 4476 Martinus
773 4415 856 4477 filius
886 4419 1113 4480 Mrawkowich
1140 4434 1249 4481 contra
1277 4441 1310 4481 se
1336 4421 1466 4483 racione
1492 4423 1652 4484 cuiusdam

392 4516 559 4578 homicidii
584 4521 688 4600 primo
714 4519 788 4582 fecit
812 4524 1003 4603 proclamari
1029 4526 1159 4607 publice
1183 4539 1214 4588 et
1238 4526 1419 4590 manifeste.

498 4640 575 4702 Item
593 4663 685 4704 causa
711 4645 792 4704 inter
809 4646 970 4708 Marinum
987 4647 1127 4728 judicem
1153 4663 1184 4711 et
1202 4651 1345 4713 Blasium
1362 4653 1503 4734 juratum
1530 4653 1651 4716 racione

393 4745 556 4807 cuiusdam
577 4747 691 4809 domus
716 4763 836 4812 rnurate
862 4773 897 4812 ac
923 4755 1113 4834 stacionum,
1131 4755 1225 4835 jurati
1245 4757 1405 4820 dederunt
1431 4761 1604 4822 terminum
1622 4771 1653 4819 ut

392 4848 530 4929 prefatus
555 4852 679 4914 Blasius
711 4869 872 4936 presentet
903 4857 969 4938 jura
1003 4861 1102 4941 ipsius
1126 4862 1166 4921 ad
1199 4861 1355 4944 prefatam
1382 4865 1516 4928 domum
1543 4879 1635 4928 etsta

393 4955 501 5016 ciones
523 4958 562 5017 ad
588 4960 828 5038 quindecimam
854 4963 950 5027 diem.
