3838 5786
649 513 734 568 Anne
758 523 847 588 1472.
875 545 914 552 —
939 523 967 588 7.
991 509 1163 570 novembris.
1481 531 1516 587 4¹
1528 531 1542 589 5

279 617 523 624 ——,
692 618 697 622 .
723 619 782 624 -—
797 619 805 623 .
842 619 934 624 -——.-
969 618 1277 625 ...-—.—-—-—......—...-.
1288 619 1353 624 ..--.-
1372 619 1438 624 ...ο
1448 619 1543 625 .-----...

410 750 557 820 Sabbato
586 749 737 839 proximo
767 757 844 839 pest
873 750 995 821 sestam
1024 749 1112 822 beati
1143 749 1283 822 limericl
1315 751 1419 822 ducis.

777 899 820 980 (7.
853 901 1036 982 novembris).

383 1043 451 1104 Nos
474 1043 617 1105 seniores
634 1063 762 1105 causam
789 1045 870 1106 inter
888 1044 1067 1106 iohannem
1087 1044 1299 1126 presbiterum
1325 1043 1365 1105 de
1391 1043 1543 1125 Capitulo

277 1149 476 1229 zagrabiensi
503 1169 560 1230 pro
586 1150 684 1210 domo
711 1151 795 1212 Rose
822 1150 1076 1234 Herivoyecbne,
1108 1170 1169 1231 quc
1195 1170 1302 1212 coram
1327 1150 1437 1230 juratis
1462 1151 1543 1212 dicte

277 1253 413 1316 civitatis
446 1268 477 1318 et
509 1256 722 1318 Laurencium
757 1257 875 1338 Sporer
907 1277 942 1318 ac
975 1257 1055 1318 alios
1093 1257 1255 1318 debitores
1285 1277 1340 1317 seu
1373 1256 1545 1317 creditores

277 1361 422 1423 eiusdem
447 1362 544 1440 Rose,
569 1381 632 1444 que
656 1362 701 1424 sic
726 1363 957 1442 declarabatur,
987 1383 1023 1424 ex
1041 1383 1080 1424 eo
1105 1362 1193 1444 quod
1220 1363 1415 1424 Laurentius
1434 1382 1544 1446 sporar

277 1467 309 1528 in
333 1467 455 1548 judicio
480 1467 645 1530 confessus
669 1467 729 1531 luit
753 1489 792 1531 eo
817 1469 927 1548 modo,
950 1469 1038 1550 quod
1057 1470 1123 1552 ipse
1140 1469 1276 1531 domino
1302 1469 1439 1530 lohanni
1459 1489 1543 1550 pres·

277 1573 380 1635 bitero
405 1594 463 1656 pro
490 1576 599 1638 debito
625 1577 724 1659 ipsius
748 1576 833 1638 Rose
858 1577 1006 1658 promisit
1030 1574 1210 1637 satisfacere
1236 1589 1266 1638 et
1290 1575 1414 1637 solvere
1440 1575 1543 1657 primo

205 1695 208 1700 ·
276 1693 371 1760 prout
396 1681 462 1764 ipse
488 1681 640 1744 dominus
664 1683 826 1745 lohannes
851 1683 1013 1761 retulerat,
1046 1683 1283 1764 aliquantulum
1310 1683 1377 1764 ipse
1404 1683 1542 1743 Lauren·

277 1785 344 1847 cius
369 1788 566 1869 exsolvisset,
592 1810 651 1872 pro
675 1810 714 1852 eo
739 1789 806 1872 ipse
831 1789 983 1850 dominus
1007 1789 1170 1850 lohannes
1198 1788 1305 1849 literas
1330 1789 1445 1850 domus
1464 1789 1543 1849 eius-

276 1892 349 1954 dem
375 1894 459 1956 Rose
484 1909 549 1957 tam
567 1916 625 1978 pro
649 1915 708 1958 suo
726 1896 837 1957 debito
854 1915 951 1977 quam
978 1914 1035 1976 pro
1065 1895 1164 1976 ipsius
1183 1894 1351 1955 Laurencii
1371 1895 1410 1954 ad
1430 1914 1543 1954 manus

276 2000 420 2062 eiusdem
447 2002 614 2063 Laurencii
649 2003 856 2084 assignassem
891 2002 965 2063 ideo
991 2021 1049 2062 nos
1081 2001 1222 2062 seniores
1255 1999 1377 2081 judices
1401 2000 1432 2060 in
1460 1998 1542 2061 facto

276 2107 504 2188 premissorum
531 2109 712 2170 debitorum
740 2109 840 2190 ipsius
864 2109 949 2168 Rose
975 2121 1006 2169 et
1026 2107 1163 2168 aliorum
1189 2127 1320 2168 suorum
1346 2107 1542 2167 creditorum

276 2213 380 2276 taliter
404 2213 616 2292 decrevimus,
641 2216 716 2296 quia
734 2235 832 2297 quam
857 2214 945 2298 prius
963 2214 1065 2275 Lucas
1085 2228 1175 2274 sutor
1200 2232 1307 2274 comes
1332 2227 1437 2274 nostre
1456 2233 1542 2274 com·

277 2320 441 2381 munitatis
465 2321 562 2382 debet
585 2323 762 2382 contentari
782 2341 840 2403 pro
865 2320 975 2382 debito
994 2319 1206 2403 lylarsehync,
1231 2320 1379 2380 videlicet
1398 2320 1542 2401 quinque

277 2445 460 2506 pensarum,
485 2442 515 2488 et
540 2428 607 2509 ipse
633 2429 829 2488 laurencius
855 2428 973 2508 Sporer
997 2447 1055 2510 pro
1080 2427 1189 2488 debito
1215 2427 1314 2508 ipsius
1340 2427 1463 2486 domini
1490 2425 1542 2488 lo-

276 2532 391 2593 hannis
415 2534 581 2616 presbiteri
608 2547 638 2595 et
662 2554 720 2596 suo
746 2535 784 2594 de
810 2534 973 2616 premissis
993 2535 1145 2595 domibus
1170 2533 1287 2594 debent
1312 2533 1447 2592 domum
1464 2553 1542 2594 ven·

276 2639 351 2700 dere
376 2653 463 2701 etse
490 2653 660 2702 contentos
684 2640 828 2719 reddere,
853 2641 906 2702 alii
932 2661 1008 2701 vcro
1026 2641 1199 2701 creditores
1224 2641 1322 2722 ipsius
1352 2639 1436 2700 Rose
1461 2639 1541 2702 ultra

275 2746 502 2807 vendicionem
529 2747 613 2808 dicte
638 2747 754 2808 domus
779 2748 897 2808 debent
921 2747 1080 2809 sciscitare
1098 2747 1182 2808 bona
1212 2761 1242 2808 et
1266 2765 1314 2806 res
1340 2745 1439 2828 ipsius
1458 2746 1542 2806 Rose

276 2867 307 2913 er
331 2852 439 2914 debita
465 2853 607 2936 ipsorum
633 2855 672 2914 ab
698 2853 810 2914 eadem
837 2854 921 2914 Rosa
947 2855 1119 2935 requirere.

381 2959 520 3022 Causam
547 2959 629 3022 inter
653 2960 783 3043 Endrey
815 2973 968 3024 sartorem
1001 2978 1155 3041 generum
1186 2958 1341 3019 lobannis
1368 2959 1539 3042 Peroivyeli

276 3079 306 3126 et
332 3066 536 3128 Domltonem
563 3068 754 3129 modernum
780 3067 918 3148 juratum
944 3067 1045 3128 lilium
1077 3067 1219 3128 eiusdem
1249 3066 1434 3148 Perosrycli,
1461 3067 1542 3127 inter

277 3173 407 3234 eosdem
433 3193 490 3256 per
513 3173 633 3256 juratos
651 3173 878 3256 adjudicatam,
904 3174 1032 3234 racione
1050 3173 1201 3234 videlicet
1225 3173 1337 3233 mortis
1362 3172 1424 3234 filie
1444 3173 1542 3254 ipsius

277 3280 405 3363 Endrey
428 3281 558 3342 sartoris
582 3301 644 3362 que
669 3281 708 3342 ad
734 3295 838 3362 partes
864 3281 1030 3361 Hungarie
1068 3281 1255 3340 transiverat
1281 3293 1452 3356 moratura,
1471 3279 1542 3359 quis

275 3405 386 3446 eorum
412 3386 563 3448 videlicet
596 3407 635 3448 an
670 3388 799 3470 Endrey
832 3386 882 3448 vel
908 3388 973 3468 ipse
1009 3387 1135 3448 Domko
1168 3387 1262 3446 debet
1295 3386 1407 3446 rescire
1433 3400 1462 3446 ct
1495 3387 1541 3446 in-

275 3492 430 3572 vestigare
456 3493 481 3553 si
506 3493 584 3554 vivit
607 3506 662 3554 aut
686 3506 732 3554 est
757 3507 881 3555 mortua
907 3492 972 3554 filia
1004 3493 1147 3554 eiusdem
1175 3493 1315 3574 Endrey,
1347 3492 1386 3552 ad
1413 3512 1470 3552 nos
1494 3512 1540 3552 se·

275 3599 381 3660 niores
404 3598 527 3681 judices
560 3599 765 3682 appellatam,
800 3619 858 3660 nos
888 3599 1032 3660 seniores
1057 3599 1178 3679 judices
1212 3599 1365 3678 judicium
1398 3599 1539 3679 ipsorum

275 3707 450 3786 juratorum
476 3707 747 3772 confirmavimus.

382 3814 458 3876 ltem
484 3835 611 3876 causam
638 3815 719 3876 inter
743 3813 944 3875 Anthonium
962 3812 1100 3895 judicem
1126 3826 1156 3873 et
1182 3812 1323 3872 Blasium
1343 3811 1540 3893 Ztenycblty‚

276 3921 473 4002 periuratos
497 3922 625 3984 racione
651 3922 749 3982 debiti
775 3920 1018 4002 quatuordecim
1053 3919 1121 3980 flor.
1149 3919 1228 3994 auri,
1253 3938 1335 4000 quos
1360 3919 1417 4000 ipsi
1444 3920 1540 3978 ambo

275 4047 375 4108 usque
400 4041 549 4090 octavum
576 4028 661 4089 diem
687 4028 805 4090 debent
829 4027 953 4088 solvere
979 4026 1158 4087 Laurencio
1184 4025 1313 4106 Sporer,
1337 4039 1367 4084 et
1392 4045 1446 4104 per
1471 4045 1539 4105 pre-

275 4132 375 4196 latum
403 4136 544 4198 blasium
570 4137 610 4197 ad
636 4155 694 4197 nos
718 4136 859 4196 seniores
883 4133 1003 4214 iudices
1020 4131 1225 4214 appellatam,
1255 4133 1335 4193 sicut
1360 4131 1418 4212 ipsi
1444 4134 1540 4191 ambo

275 4240 394 4302 debent
418 4257 604 4305 contentum
640 4242 774 4306 reddere
800 4240 1026 4318 laurencium,
1052 4240 1093 4300 ita
1119 4253 1149 4299 et
1181 4239 1296 4300 eodem
1321 4238 1419 4299 modo
1445 4239 1540 4298 ambo

275 4347 392 4409 debent
409 4363 551 4430 repetere
570 4349 673 4431 ipsum
689 4349 833 4410 debiturn
852 4347 1096 4429 quatuordecim
1115 4346 1183 4408 flor.
1202 4345 1241 4406 ab
1257 4345 1335 4427 Elya
1352 4346 1539 4426 presbtero.

382 4454 458 4516 ltem
484 4455 517 4516 in
542 4475 635 4517 causa
662 4455 743 4516 inter
768 4455 922 4516 Mathiam
944 4473 1099 4534 generum
1117 4452 1254 4514 condam
1274 4452 1401 4512 Andree
1426 4451 1540 4532 judicis
1618 4476 1620 4480 ¹

277 4559 470 4644 Symwnycb
504 4562 591 4641 dicti,
625 4576 655 4623 et
687 4562 795 4623 uxoris
826 4561 981 4639 eiusdem,
1007 4574 1036 4620 et
1068 4560 1150 4620 inter
1181 4559 1384 4620 Clementem
1410 4555 1538 4618 fratrem

276 4666 419 4728 eiusdem
445 4667 583 4729 condam
608 4668 735 4729 Andree
761 4667 885 4749 judicis,
920 4687 976 4750 per
1004 4667 1123 4746 juratos
1148 4664 1231 4724 dicte
1256 4664 1392 4725 civitatis
1416 4663 1539 4744 adjudi-

276 4786 376 4834 catam
403 4774 531 4836 racione
563 4774 728 4836 cuiusdam
763 4773 853 4834 litere
886 4771 1083 4854 expeditorie
1117 4791 1173 4854 per
1205 4771 1308 4854 ipsum
1336 4769 1538 4832 Clementem

278 4879 353 4961 ipsis
378 4881 496 4942 Mathie
522 4895 552 4942 et
576 4901 631 4942 sue
650 4881 789 4942 consorti
808 4894 838 4942 ct
861 4879 1033 4940 heredibus
1050 4879 1193 4961 ipsorum
1219 4877 1309 4952 facte,
1336 4896 1372 4936 ex
1398 4895 1447 4953 e0,
1465 4875 1539 4956 quia

275 4985 360 5049 filius
387 4988 530 5050 eiusdem
557 4988 745 5066 Clementis,
779 4987 926 5047 videlicet
951 4987 1041 5046 Vitus
1073 4985 1215 5046 literatus
1247 4985 1351 5066 ipsum
1386 4982 1539 5044 Mathiam
