3838 5786
433 527 493 588 372
813 509 1012 584 Ann01470.
1042 541 1081 550 -
1100 521 1153 583 31.
1178 509 1303 580 augusti.

536 718 613 780 Item
638 718 786 780 similiter
818 719 956 780 lacobus
987 732 1075 779 sutor
1105 737 1268 780 successor
1299 717 1437 780 condam
1469 717 1550 778 Petri
1577 717 1695 778 sutoris

430 824 559 886 racione
583 825 683 906 ipsius
706 825 793 885 canis
818 823 921 904 jurare
946 825 1106 886 tenebitur
1131 837 1161 885 et
1185 845 1217 886 se
1242 843 1430 907 expurgare.

538 931 615 992 Item
640 951 767 992 causam
787 931 867 992 inter
891 932 1057 993 Vrbanum
1081 951 1235 1012 generum
1254 930 1438 1013 Wenthych
1457 943 1488 992 et
1512 930 1594 990 inter
1611 928 1694 991 Gur-

431 1040 548 1100 konem
582 1037 774 1120 freniparem
816 1057 1031 1100 successorem
1063 1037 1268 1121 Wenthych,
1300 1038 1427 1099 racione
1459 1036 1696 1098 verberacionis

430 1166 487 1228 per
511 1146 614 1228 ipsum
641 1143 829 1207 Gurlronem
854 1165 948 1227 super
973 1145 1077 1228 ipsum
1103 1145 1267 1206 Vrbanam
1297 1143 1389 1223 facte,
1413 1144 1506 1226 jurati
1532 1142 1698 1223 adjudica·

430 1265 514 1330 runt,
539 1251 627 1333 quod
660 1251 727 1332 ipse
759 1249 902 1333 Gywrlro
935 1251 1059 1312 solvere
1091 1253 1253 1313 tenebitur
1281 1251 1385 1312 eidem
1418 1250 1548 1310 Vrbano
1582 1249 1697 1329 viginti

431 1358 574 1438 quinque
599 1377 713 1440 pensas
737 1357 944 1419 denariorum
970 1371 1001 1419 et
1025 1358 1152 1419 medico
1182 1357 1373 1436 satisfacere,
1398 1357 1492 1418 nobis
1516 1375 1593 1416 vero
1610 1375 1698 1416 corn·

430 1464 578 1526 munitati
603 1464 748 1545 quinque
773 1483 897 1546 pensas.

535 1571 612 1633 ltem
638 1590 767 1633 causam
792 1571 874 1633 inter
902 1570 1120 1654 Gywrkonem
1154 1583 1185 1632 et
1209 1569 1373 1631 Thomam
1397 1584 1531 1648 sutores,
1556 1581 1587 1630 et
1611 1569 1696 1630 inter

432 1677 546 1760 Elyam
572 1675 713 1739 fusorem
738 1697 966 1760 campanarum
984 1677 1112 1738 racione
1141 1676 1348 1757 allegacionis
1376 1696 1432 1758 per
1455 1676 1559 1757 ipsum
1579 1675 1693 1756 Elyam

431 1785 519 1866 quod
545 1784 611 1865 ipse
637 1783 783 1845 Thomas
806 1798 869 1846 tres
894 1783 1042 1844 homines
1067 1781 1277 1844 interfecisset
1300 1795 1331 1844 et
1355 1781 1587 1864 appellationis
1611 1781 1699 1862 ipsos

430 1891 590 1974 predones
614 1905 645 1952 et
669 1891 820 1969 latrones,
847 1891 905 1973 ipsi
924 1890 1144 1952 demonstrare
1161 1891 1357 1951 tenebuntur
1373 1889 1404 1950 in
1430 1889 1535 1971 primo
1560 1887 1696 1970 judici0,

429 2017 489 2080 pro
514 2017 553 2058 eo
577 2011 748 2080 prorogata
774 2011 819 2059 est
843 2017 939 2059 causa
962 1996 1003 2058 ad
1029 1997 1170 2078 primum
1196 1995 1363 2076 judicium.

432 2215 529 2290 Ferla
558 2225 656 2290 sexta
695 2220 848 2307 proxima
883 2224 960 2308 post
993 2218 1118 2290 festum
1146 2215 1388 2289 Decollacionis
1416 2213 1504 2287 beati
1533 2215 1700 2304 johannis

975 2342 1139 2432 Baptiste.

940 2500 1005 2572 (31.
1030 2493 1173 2574 augusta).

536 2635 615 2698 ltem
641 2635 767 2698 Blasius
791 2634 978 2718 Ztenychky
1004 2647 1113 2696 contra
1139 2633 1343 2696 Clementem
1369 2632 1563 2716 Symwnych
1590 2633 1701 2714 primo

432 2742 555 2820 citatus,
579 2743 630 2803 cui
655 2742 847 2803 commisum
873 2753 920 2803 est
943 2741 1012 2802 dies
1035 2741 1175 2822 primum
1209 2739 1378 2820 judicium,
1404 2751 1435 2800 et
1459 2738 1546 2799 idem
1573 2738 1702 2798 Blasius

430 2869 496 2911 non
521 2848 703 2929 comparuit
726 2847 766 2908 ad
795 2847 1068 2930 respondendum.

537 2955 616 3016 ltem
632 2974 760 3016 causam
779 2955 860 3014 inter
876 2953 1040 3014 Thomam
1067 2953 1201 3015 Cheden
1220 2966 1251 3014 et
1275 2954 1356 3015 inter
1374 2953 1518 3013 Marcum
1537 2953 1700 3014 Veneram

430 3061 559 3122 racione
583 3059 822 3122 verberacionis
854 3059 972 3142 alapas,
1006 3059 1095 3140 quia·
1116 3059 1183 3141 ipse
1208 3059 1343 3121 Cheden
1374 3059 1600 3140 comprobavit
1624 3079 1699 3120 cum

430 3167 562 3228 domina
580 3166 755 3227 Katherina
781 3165 890 3226 relicta
907 3166 1045 3226 condam
1069 3165 1210 3244 Matheo,
1228 3185 1313 3227 nunc
1329 3185 1406 3226 vero
1431 3179 1580 3226 consorte
1599 3165 1699 3226 Blasii

431 3273 594 3352 institoris,
619 3272 766 3333 moderni
792 3271 897 3352 jurati,
922 3272 1011 3353 quod
1037 3273 1103 3353 ipse
1133 3272 1260 3333 Marcus
1283 3272 1439 3355 percussit
1463 3273 1583 3354 alapas,
1616 3291 1699 3353 quo-

430 3379 515 3438 niam
542 3378 608 3459 ipse
634 3377 780 3438 Thomas
797 3377 931 3440 Cheden
957 3378 1088 3440 debebit
1104 3377 1207 3460 jurare
1226 3378 1454 3439 secundusmet
1471 3397 1542 3439 cum
1562 3398 1701 3458 persona

431 3485 491 3545 sibi
516 3484 613 3544 simili
632 3483 720 3564 quod
738 3484 804 3566 ipse
823 3485 977 3565 percussit
994 3505 1066 3546 eurn
1081 3505 1087 3558 ς
1102 3498 1133 3546 et
1146 3484 1223 3544 dum
1241 3484 1370 3566 jurabit,
1387 3497 1464 3546 tunc
1489 3485 1556 3566 ipse
1572 3485 1702 3545 Marcus

430 3591 638 3652 convincetur
662 3603 772 3652 contra
798 3591 902 3672 ipsum
927 3591 1061 3653 Cheden
1086 3591 1116 3651 in
1137 3591 1251 3671 viginti
1276 3591 1422 3672 quinque
1447 3591 1562 3651 marcis
1585 3611 1623 3650 ex
1647 3610 1702 3668 eo,

430 3697 518 3778 quod
544 3697 677 3758 violavit
701 3695 845 3778 frangam
870 3717 926 3759 seu
956 3697 1137 3760 libertatern
1170 3694 1229 3758 fori
1255 3698 1414 3775 annualis,
1441 3710 1471 3759 et
1496 3697 1627 3758 debebit
1652 3697 1701 3779 ju-

430 3823 498 3864 rare
524 3801 601 3864 feria
625 3817 711 3864 sexta
737 3803 767 3862 in
793 3803 904 3884 vigilia
930 3803 1000 3865 festi
1026 3803 1208 3865 Nativitatis
1238 3804 1331 3864 beate
1357 3804 1458 3865 Marie
1483 3804 1635 3884 virginis;
1661 3804 1703 3864 de

430 3928 496 3989 quo
521 3907 642 3988 judicio
659 3908 836 3989 juratorum
862 3929 926 3970 non
946 3922 1116 3972 contentus
1132 3909 1199 3992 ipse
1217 3911 1344 3971 Marcus
1368 3911 1545 3992 appellavit
1561 3910 1701 3972 eandem

430 4033 558 4075 causam
583 4013 623 4074 ad
648 4014 789 4076 seniores
813 4014 944 4095 judices.

536 4119 614 4181 ltern
640 4121 721 4181 inter
748 4121 871 4182 Francz
903 4121 1005 4183 filium
1031 4123 1238 4206 Banlrowych
1271 4123 1399 4184 racione
1428 4123 1595 4185 cuiusdam
1622 4123 1701 4204 equi

431 4225 598 4305 interfecti,
622 4247 680 4309 pro
705 4247 770 4308 quo
795 4227 856 4290 fuit
872 4229 1089 4310 adjudicatum
1113 4229 1330 4310 juramentum
1355 4231 1542 4292 hominibus
1569 4231 1609 4292 de
1636 4231 1698 4292 Po·

430 4334 541 4415 bresye
566 4346 596 4393 et
623 4333 817 4414 juraverunt,
844 4335 932 4416 quod
957 4336 1024 4417 ipse
1056 4336 1176 4397 Francz
1206 4336 1310 4416 jurare
1336 4337 1499 4398 tenebitur
1523 4350 1702 4398 sextusmet

430 4438 543 4499 eadem
567 4436 644 4498 feria
669 4453 766 4518 sexta,
791 4441 879 4521 quod
898 4442 965 4523 ipse
990 4461 1054 4502 non
1077 4442 1236 4504 interfecit
1252 4462 1374 4524 equum
1401 4443 1522 4504 nobilis
1548 4442 1700 4524 Gregorii

430 4544 531 4604 soceri
558 4544 720 4621 Bradach;
746 4546 785 4606 de
810 4566 875 4628 quo
900 4547 1022 4628 judicio
1051 4547 1229 4628 juratorum
1262 4569 1327 4611 non
1353 4563 1537 4628 contentus,
1563 4549 1702 4611 eandem

430 4667 557 4709 causam
582 4650 757 4730 appellavit
780 4652 819 4712 ad
841 4654 983 4715 seniores
1007 4654 1129 4733 judices
1153 4655 1221 4736 ipse
1245 4655 1378 4718 Francz.

536 4753 612 4815 Item
637 4775 765 4817 causam
790 4759 872 4821 inter
898 4759 1033 4822 Suskam
1052 4775 1082 4821 et
1104 4761 1265 4822 Jacohum·
1286 4775 1428 4824 sutorem
1447 4763 1578 4824 racione
1596 4763 1701 4824 cuius·

432 4859 504 4920 dam
523 4860 647 4941 palliet
671 4863 766 4923 unius
782 4866 900 4945 tunice,
926 4887 1022 4947 quam
1049 4867 1116 4948 ipse
1134 4868 1326 4948 promiserat
1350 4868 1426 4930 dare
1444 4869 1535 4929 uxori
1555 4868 1700 4930 eiusdem

431 4965 551 5046 Jacobi,
568 4965 660 5048 jurati
687 4969 953 5050 adjudicaverunt
973 4973 1138 5035 extradere
1164 4974 1231 5056 ipsa
1249 4975 1439 5037 vestimenta
1458 4989 1488 5038 et
1513 4976 1581 5058 ipsa
1599 4975 1700 5037 Suska
