3818 5786
388 545 425 605 ¹4
764 525 852 581 Anno
874 533 963 601 1451.
989 557 1029 565 —
1054 517 1261 596 ajanuarii.

541 743 637 818 Faria
666 753 763 816 sexta
793 754 869 835 post
897 744 1020 817 lestnm
1055 743 1316 834 Epiphaniarnm
1343 742 1486 813 Domini.

786 896 834 980 (8.
852 901 1005 976 januarii,
1028 919 1097 960 ann.
1125 895 1232 978 1451).

488 1042 567 1103 ltem
593 1041 704 1102 Petrus
727 1040 856 1122 Dragyn
890 1052 1000 1102 contra
1030 1039 1244 1101 Laurentium
1277 1037 1514 1100 candelatorem
1539 1037 1646 1119 primo

382 1150 496 1211 citatus
520 1167 584 1210 non
610 1147 800 1230 comparuit.

488 1254 566 1316 Item
592 1255 694 1316 Lucas
718 1267 807 1315 sutor
832 1266 942 1315 contra
965 1253 1143 1315 secundum
1170 1253 1290 1314 Lucam
1313 1265 1455 1314 sutorem
1481 1265 1512 1312 et
1535 1264 1646 1312 contra

384 1361 524 1423 Blasium
551 1359 743 1443 ireniparem
766 1361 872 1442 primo
897 1360 1010 1421 citatus
1034 1379 1098 1421 non
1126 1359 1316 1441 comparuit.

489 1467 565 1528 ltem
591 1486 684 1528 causa
710 1465 866 1528 Anthonii
884 1467 1045 1549 arcuparis
1068 1466 1161 1527 aliter
1178 1467 1280 1527 Janko
1305 1465 1408 1526 vocati
1433 1465 1515 1526 inter
1539 1464 1646 1546 ipsum

383 1588 414 1636 et
431 1574 567 1636 Paulum
584 1593 696 1656 sporar
712 1571 752 1634 ad
766 1573 907 1655 primurn
924 1572 1079 1654 judicium
1094 1592 1152 1654 pro
1169 1591 1246 1655 pace
1265 1571 1369 1633 fienda
1388 1585 1434 1634 est
1446 1571 1647 1654 prolongata.

487 1679 566 1743 Item
591 1699 684 1741 causa
709 1679 840 1763 Mathye
861 1677 954 1761 jurati
978 1679 1088 1760 generi
1107 1678 1257 1760 Puchych
1283 1678 1492 1761 interipsum
1516 1689 1548 1739 et
1565 1677 1648 1738 inter

382 1785 531 1848 Vrsulam
557 1785 664 1869 lyxam
694 1805 753 1868 pro
785 1786 969 1868 pateinter
1000 1785 1085 1868 ipsos
1116 1783 1222 1847 fienda
1255 1785 1294 1846 ad
1327 1785 1467 1868 primum
1491 1782 1648 1865 judicium

382 1893 526 1974 proxime
551 1912 721 1955 occurrens
746 1905 792 1954 est
815 1891 1017 1974 prolongata.

488 1999 565 2060 ltem
589 1999 665 2080 quia
690 1999 885 2060 Laurencius
907 1998 1034 2060 institor
1050 1997 1135 2060 filius
1160 1998 1254 2074 Petri,
1279 1997 1423 2060 concivis
1447 2009 1565 2076 noster,
1589 2015 1646 2078 per

383 2105 660 2189 adjudicationem
683 2105 859 2186 juratorum
886 2117 1067 2167 nostrorum
1089 2105 1320 2166 modernorum
1346 2105 1563 2188 juramentum
1587 2102 1648 2164 sibi

382 2232 438 2294 per
462 2212 593 2274 eosdem
626 2211 746 2294 juratos
778 2225 904 2274 nostros
936 2212 1110 2274 modernos
1135 2212 1166 2273 in
1193 2231 1231 2274 eo
1266 2211 1487 2293 adjudicatum
1511 2210 1650 2293 prestitit

383 2333 414 2380 et
438 2318 588 2402 deposuit
612 2339 708 2401 super
731 2338 819 2380 aram
837 2319 892 2380 tali
910 2319 1021 2398 modo,
1046 2332 1080 2380 ut
1105 2319 1172 2402 ipse
1188 2319 1229 2380 ad
1253 2318 1457 2400 empcionem
1481 2316 1649 2378 cniusdam

383 2426 510 2504 domus,
535 2424 627 2486 fundi
652 2439 682 2486 et
699 2425 924 2488 hedificiorum
943 2427 1037 2488 unius
1058 2440 1170 2508 quarte
1188 2427 1274 2488 curie
1302 2426 1393 2487 Pauli
1418 2424 1475 2486 filii
1501 2423 1648 2508 Dyonisii

384 2531 423 2594 de
450 2530 555 2593 Crisio
580 2529 748 2613 ireniparis
772 2546 802 2594 et
827 2533 968 2594 concivis
991 2535 1101 2612 nostri,
1131 2553 1227 2615 qnam
1254 2532 1339 2594 idem
1366 2533 1484 2594 Paulus
1509 2530 1649 2613 irenipar

385 2639 425 2700 ab
451 2637 599 2700 Emerico
623 2638 770 2699 similiter
794 2637 953 2722 irenipare
985 2639 1052 2701 filio
1078 2639 1165 2702 Galli
1198 2640 1345 2700 similiter
1369 2639 1504 2700 concive
1528 2651 1650 2717 nostr0‚

385 2765 443 2828 pro
468 2759 550 2806 certa
575 2745 783 2827 pecuniarum
816 2747 992 2827 quantitate
1026 2761 1276 2828 comparaverat,
1308 2757 1381 2807 octo
1407 2765 1528 2807 marcas
1552 2743 1650 2805 dena·

384 2853 506 2914 riorum
531 2851 637 2912 eidem
662 2851 763 2912 Paulo
781 2850 930 2934 irenipari
955 2866 1155 2915 mutuaverat
1180 2867 1210 2915 et
1228 2854 1495 2915 accomodaverat
1518 2853 1576 2912 sub
1594 2871 1650 2934 spe

384 2957 598 3020 restitucionis
621 2957 736 3036 taliter,
760 2971 794 3020 ut
819 2958 885 3040 ipse
906 2959 1023 3020 Paulus
1040 2959 1181 3041 irenipar
1199 2958 1327 3022 easdem
1351 2973 1425 3021 octo
1450 2978 1573 3020 marcas
1590 2958 1648 3020 de·

386 3066 549 3126 uariorum
575 3063 635 3146 ipsi
661 3064 839 3126 Laurentio
873 3065 1009 3128 institori
1045 3067 1178 3130 reddere
1203 3080 1234 3128 et
1265 3067 1446 3148 persolvere
1471 3067 1651 3143 debuisset;

385 3186 416 3232 et
440 3171 516 3253 quia
540 3171 607 3253 ipse
633 3169 752 3232 Paulus
776 3169 918 3254 irenipar
942 3173 980 3234 ad
999 3173 1155 3256 plurimas
1178 3174 1277 3255 ipsius
1302 3173 1471 3235 Laurencii
1497 3174 1651 3236 institoris

386 3278 617 3360 requisitiones
634 3291 665 3339 et
681 3277 859 3360 peticiones
875 3280 958 3361 ipsas
981 3295 1055 3342 octo
1073 3300 1196 3342 marcas
1213 3281 1418 3342 denariorum
1444 3280 1549 3343 eidem
1567 3281 1650 3342 Lau·

385 3385 494 3446 reneio
520 3383 657 3446 institori
683 3383 816 3446 minime
841 3387 1022 3468 persolvere
1046 3387 1162 3466 voluit,
1194 3407 1305 3471 ymmo
1330 3409 1345 3448 a
1371 3388 1596 3471 persolutione
1621 3401 1652 3448 et

387 3491 591 3554 restitucione
617 3491 758 3572 ipsarum
776 3506 849 3554 octo
867 3513 1044 3556 marcarum
1062 3494 1269 3556 denariorum
1292 3496 1358 3577 ipse
1376 3495 1495 3556 Paulus
1512 3493 1652 3576 irenipar

386 3619 419 3661 se
446 3599 485 3660 ad
511 3610 616 3682 partes
641 3597 764 3660 italicas
795 3599 1017 3663 transferendo
1049 3602 1176 3684 penitus
1208 3602 1397 3682 absentavit,
1428 3602 1567 3683 ideoque
1593 3621 1652 3663 nos

387 3705 524 3768 eandem
549 3705 683 3766 domum
708 3720 739 3767 et
763 3705 898 3768 fundum
931 3727 966 3770 ac
997 3708 1145 3770 hedificia
1170 3709 1270 3791 ipsius
1295 3710 1385 3771 Pauli
1418 3707 1586 3791 irenipnris
1619 3708 1651 3770 in

387 3812 470 3873 dicta
496 3812 622 3874 civitate
639 3812 780 3874 habitam
800 3833 897 3876 unam
915 3829 1061 3896 quartam
1079 3815 1165 3877 curie
1190 3816 1221 3876 in
1247 3835 1280 3877 se
1297 3817 1527 3895 continentem,
1545 3815 1651 3899 ipsum

387 3917 523 3979 Paulum
549 3915 742 4000 ireniparem
768 3920 945 4002 empcionis
968 3921 1063 3983 titulo
1095 3921 1269 3984 literatorie
1291 3935 1549 4000 concernentem,
1575 3942 1649 3984 cum

387 4025 452 4085 suis
475 4023 667 4086 utilitatibus
691 4038 722 4087 et
746 4027 951 4108 pertinenciis
975 4028 1131 4089 universis
1159 4027 1282 4111 prefato
1309 4029 1488 4091 Laurentio
1513 4029 1651 4092 institori

387 4150 445 4214 pro
470 4131 620 4212 predictis
647 4144 720 4193 octo
744 4134 858 4194 marcis
879 4133 1083 4196 denariorum
1102 4155 1197 4218 super
1219 4137 1337 4216 quibus
1361 4135 1488 4218 juravit,
1513 4156 1551 4197 ex
1575 4133 1653 4217 juri·

390 4237 460 4298 dica
496 4251 527 4298 et
558 4237 762 4318 juriconsona
794 4239 893 4321 ipsius
925 4241 1083 4323 peticione
1119 4241 1288 4303 statuimus
1319 4241 1548 4324 possidendam
1582 4261 1653 4325 per·

389 4357 487 4427 petuo
513 4359 543 4404 et
567 4344 748 4405 habendam
773 4366 809 4407 ac
833 4347 919 4428 juxta
944 4349 1169 4411 condicionem
1187 4350 1324 4412 civitatis
1347 4365 1515 4432 prenotate
1540 4353 1579 4412 ab
1597 4369 1652 4412 an-

388 4452 479 4531 tiquo
504 4451 712 4532 approbatam
738 4454 1045 4537 quomodocumque
1070 4455 1208 4517 voluerit
1231 4457 1479 4539 disponendam.

494 4557 571 4618 Item
597 4557 649 4617 die
673 4557 837 4620 dominico
862 4562 1009 4642 proximo
1034 4575 1105 4643 post
1126 4561 1242 4624 festum
1267 4565 1350 4626 beati
1373 4565 1484 4626 Jacobi
1501 4566 1651 4649 apostoli,

390 4660 468 4722 hora
499 4663 638 4723 serotina
673 4665 704 4724 in
737 4667 924 4748 crepusculo
957 4668 1082 4730 Blasius
1113 4670 1212 4730 cliens
1243 4669 1329 4732 lilius
1355 4670 1439 4733 Petri
1472 4672 1511 4733 de
1537 4672 1654 4755 Kopan

390 4767 479 4846 dixit,
505 4768 592 4850 quod
611 4771 749 4832 Michael
775 4773 861 4834 Rach
880 4773 963 4835 lilius
978 4774 1140 4837 Abraham
1165 4777 1204 4838 de
1224 4776 1354 4839 Kouino
1379 4779 1512 4842 haberet
1529 4780 1654 4862 aliquas

390 4875 494 4936 resin
520 4875 690 4957 Trogeri0,
715 4891 745 4941 et
771 4880 856 4940 misit
880 4881 985 4962 ipsum
1011 4882 1153 4945 Blasium
1187 4883 1268 4946 circa
1295 4885 1458 4948 Thomam
1485 4888 1594 4966 Zekel,
1619 4899 1654 4949 ut

393 4979 476 5061 ipsas
501 5001 549 5044 ree
573 4981 672 5062 ipsius
698 4985 862 5048 Michaelis
888 4989 972 5048 Racz
997 4989 1162 5070 adjuvaret
1177 4992 1238 5052 sibi
1263 4994 1302 5054 ab
1329 4993 1397 5076 ipso
1423 4994 1583 5076 Trog'erio
1601 5015 1653 5056 ex-
