3644 5788
545 521 631 578 Anno
654 521 745 598 1463.
771 553 813 563 -
840 531 869 595 7.
893 521 1043 596 januarii.
1363 537 1421 600 23¹

173 734 379 814 juramentum
411 731 574 814 prestandi
605 732 720 810 taliter,
753 731 840 814 quod
874 731 941 813 ipse
973 731 1124 793 dominus
1149 731 1294 793 Thomas
1320 733 1424 814 ipsum

173 861 219 902 vas
244 839 312 900 vini
344 840 531 921 simpliciter
563 853 593 901 et
617 839 684 900 sine
717 839 827 920 aliquo
851 857 940 900 mero
974 837 1078 899 eidem
1111 839 1219 900 relicte
1251 840 1426 900 Ztankonis

174 947 302 1008 vendere
328 945 485 1022 dedisset;
510 947 566 1027 qui
595 945 746 1006 dominus
762 945 909 1007 Thomas
925 944 965 1006 ad
995 945 1120 1006 nullum
1145 947 1287 1028 ipsorum
1315 947 1424 1008 termi-

172 1073 278 1114 norum
303 1053 392 1114 venit
416 1072 519 1134 neque
544 1053 649 1135 ipsum
675 1051 890 1126 juramentum
915 1051 1059 1133 prestitit.

461 1287 558 1362 Faria
586 1297 683 1363 sexta
712 1298 790 1363 ante
823 1290 948 1364 Thone
976 1291 1133 1382 apostoli.

662 1447 720 1523 (17.
745 1447 924 1522 decembris).

266 1588 346 1649 Item
357 1588 503 1650 tercisrio
514 1587 746 1670 proclamatum
757 1607 852 1670 super
865 1587 964 1648 domo
975 1587 1070 1649 Clare
1083 1585 1318 1669 Trebchychna
1329 1586 1421 1650 dicte.

265 1696 344 1756 Item
370 1695 446 1775 quia
470 1695 625 1777 providus
655 1695 704 1755 vir
729 1695 847 1756 Paulus
879 1692 1018 1756 carnifex
1050 1692 1135 1756 filius
1161 1693 1245 1754 Petri
1270 1693 1421 1773 agricole,

169 1801 238 1862 alias
263 1801 459 1862 inhabitator
481 1802 564 1862 dicte
589 1800 736 1880 civitatis,
761 1801 843 1862 clare
872 1819 981 1862 coram
1013 1799 1107 1862 nohis
1130 1800 1363 1882 comprobavit,
1388 1812 1422 1862 ut

167 1907 294 1988 provida
318 1907 435 1969 mulier
460 1907 561 1969 Elena
585 1919 696 1969 vocata
721 1906 928 1990 Kuchtoycza
946 1921 1057 1968 vocata
1083 1919 1250 1968 matertera
1276 1905 1421 1967 eiusdem

168 2013 301 2074 iniectu
325 2033 381 2074 sue
407 2013 595 2094 egritudinis
619 2013 746 2076 vineam
778 2033 869 2076 suam
895 2014 927 2074 in
959 2013 1120 2076 territorio
1145 2025 1254 2074 nostro
1279 2011 1420 2074 habitam

167 2119 267 2180 eidem
290 2119 555 2182 testamentaliter
579 2120 757 2200 legavisset.

267 2226 328 2287 Hic
353 2239 399 2288 est
420 2225 567 2287 terciatio
599 2226 832 2308 proclamatum
865 2245 959 2309 super
990 2239 1073 2288 terra
1102 2225 1238 2287 duarum
1264 2225 1421 2287 dietarum

167 2333 247 2394 lwan
272 2332 329 2394 filii
354 2332 444 2394 Pauli
469 2331 508 2393 de
533 2331 676 2415 Dedych.

398 2567 492 2642 Faria
521 2577 619 2642 sexta
647 2577 724 2660 post
752 2571 873 2642 festum
903 2569 1176 2660 Epiphaniarum.

574 2721 617 2802 (7.
634 2725 785 2800 januarii,
808 2743 877 2783 aaa.
904 2719 1011 2802 1463).

267 2865 344 2927 ltem
369 2866 466 2928 tercia
492 2865 560 2928 vice
584 2865 817 2947 proclamatum
853 2878 899 2926 est
926 2885 1021 2947 super
1045 2865 1171 2927 vineam
1206 2866 1296 2927 Pauli
1329 2865 1421 2944 labri,

165 2972 236 3051 quia
263 2973 351 3034 litere
377 2972 521 3034 eiusdem
546 2987 620 3033 sunt
644 2971 813 3034 casualiter
830 2972 945 3032 amisse
970 2985 1000 3032 et
1024 2971 1090 3052 ipse
1114 2971 1205 3033 litere
1231 2972 1346 3033 nullibi
1372 2993 1420 3033 re-

163 3080 256 3160 periri
283 3094 444 3162 poterunt,
461 3099 519 3141 nec
544 3079 661 3161 aliquis
677 3077 892 3140 contradictor
909 3078 1067 3161 apparuit,
1092 3077 1166 3140 ideo
1184 3078 1288 3140 eidem
1314 3079 1420 3140 literas

164 3204 260 3246 novas
282 3186 357 3248 dare
382 3186 614 3248 commisimus.

267 3293 343 3355 ltem
376 3293 523 3354 Thomas
555 3307 656 3354 sartor
688 3291 848 3375 Magdych
881 3291 985 3353 dictus
1019 3304 1129 3353 contra
1163 3291 1347 3353 Ladislaum
1372 3293 1418 3374 ju·

164 3413 263 3462 ratum
288 3401 393 3482 primo
418 3401 531 3462 citatus
555 3420 619 3462 non
645 3400 825 3482 comparuit
850 3399 881 3460 in
907 3399 1027 3480 judicio
1056 3419 1162 3460 coram
1188 3401 1290 3463 nobis.

266 3507 340 3568 Item
366 3508 454 3588 quod
478 3507 577 3568 nostri
601 3507 734 3568 veniens
758 3507 790 3567 in
816 3507 1014 3588 presenciam
1041 3505 1221 3586 Stephanus
1246 3507 1419 3587 Hungarus

163 3614 300 3674 sororius
323 3613 461 3675 condam
487 3614 651 3676 Benedicti
685 3613 826 3696 episcopi
859 3612 1085 3693 zagrabiensis,
1117 3612 1261 3673 vendidit
1284 3613 1417 3674 domum

162 3733 315 3781 muratam
347 3721 484 3782 Barbare
516 3720 662 3803 privigne
694 3740 761 3800 sue,
793 3720 948 3782 consortis
981 3719 1198 3780 Bartholomei
1233 3720 1272 3781 de
1298 3720 1417 3780 Rakas·

161 3843 269 3906 purga,
302 3845 438 3887 unacum
465 3826 601 3907 (hlorto‚
633 3827 735 3887 vineis
770 3839 801 3888 et
831 3825 919 3886 silvis
951 3825 1091 3887 indicta
1124 3826 1251 3888 civitate
1285 3839 1316 3888 et
1350 3827 1417 3887 eius

161 3933 316 3993 territorio
341 3931 482 3993 habitam
515 3947 546 3994 et
577 3933 784 3994 existentibus
807 3933 935 3994 racione
960 3933 1172 4013 quarumdam
1206 3953 1415 4015 expensarum

160 4037 328 4119 peripsum
345 4037 542 4120 Stephanum
561 4039 751 4119 Hungarum
771 4040 802 4100 in
822 4038 1054 4100 reformacione
1079 4040 1218 4122 ipsarum
1244 4040 1415 4102 domorum

161 4141 323 4223 factarum,
356 4159 387 4206 et
418 4145 493 4226 quia
525 4143 611 4226 juxta
642 4145 919 4226 adjudicacionem
954 4146 1131 4226 juratorum
1165 4146 1246 4207 dicte
1280 4148 1415 4208 civitatis

162 4265 304 4332 ternpore
342 4251 500 4331 judicatus
534 4252 666 4313 secundi
698 4252 852 4313 iohannis
884 4252 941 4313 filii
978 4253 1060 4313 Petri
1094 4253 1132 4313 de
1165 4273 1251 4313 anno
1284 4253 1414 4313 Domini

161 4357 590 4440 MCCCCquinquagesitno
605 4379 815 4440 nono;quam
827 4359 1114 4440 quidemdomum‚
1132 4359 1295 4440 (h)ortum,
1306 4359 1415 4420 vineas

159 4478 188 4523 et
211 4464 305 4525 silvas
329 4465 397 4546 ipse
429 4464 610 4546 Stephanus
642 4465 814 4546 Hungarus
845 4467 930 4547 juxta
962 4465 1239 4546 adjudicacionem
1273 4465 1415 4547 ipsorum

158 4569 333 4648 juratorum
359 4585 389 4632 et
412 4571 576 4632 seniorum
601 4571 743 4650 judicum
769 4572 867 4654 ipsius
884 4572 1020 4633 civitatis
1044 4573 1103 4632 sibi
1128 4569 1254 4650 factam,
1278 4573 1415 4653 provido

157 4675 227 4736 vito
251 4677 416 4739 Anthonio
440 4677 559 4740 seniori
584 4677 682 4759 judici
701 4692 731 4739 et
756 4679 879 4740 concivi
898 4693 1007 4739 nostro
1032 4679 1099 4740 lilio
1125 4679 1252 4740 Thorne
1278 4679 1317 4740 de
1336 4679 1414 4740 Gra·

158 4781 311 4866 brownyk
336 4804 394 4866 pro
418 4785 582 4865 sexaginta
607 4799 679 4846 octo
705 4784 773 4848 flor.
807 4785 875 4846 auri
901 4785 1066 4862 vendidit;
1092 4801 1122 4847 et
1146 4787 1221 4866 quia
1246 4807 1304 4848 nos
1329 4785 1414 4866 juxta

157 4891 321 4970 antiquam
337 4891 602 4953 consvetudinem
622 4893 720 4973 ipsius
734 4893 880 4972 civitatis,
898 4893 1171 4974 literatoriamque
1196 4895 1413 4955 municionem

155 4995 232 5077 ipsis
254 4997 482 5061 Bartholomeo
507 5012 538 5062 et
562 4999 699 5062 Barbare
721 5000 859 5061 consorti
885 5000 984 5082 ipsius
1001 5020 1036 5061 ac
1061 5001 1161 5062 eciam
1186 5001 1413 5062 communitati
