3738 5786
815 553 1012 631 Ann01454.
1039 587 1081 596 -
1105 565 1153 628 15.
1178 555 1287 614 martii.

739 765 817 827 Item
844 766 1040 828 Laurentius
1064 785 1182 848 sporar.

739 873 817 934 Item
843 872 1033 934 DominIcus
1057 886 1168 934 sartor.

739 979 817 1041 Item
842 979 1036 1041 Benedictus
1060 979 1194 1042 institor.

737 1085 815 1148 Item
843 1087 1004 1148 Barnabas
1028 1085 1170 1148 sororius
1194 1085 1319 1148 domini
1346 1086 1521 1149 Ambrosii.

738 1192 816 1254 Item
842 1193 960 1254 Paulus
984 1191 1134 1256 carnifex.

739 1297 817 1361 Item
842 1298 1026 1361 Anthonius
1049 1297 1239 1381 lutifigulus.

738 1405 818 1468 Item
842 1405 1026 1468 Anthonius
1051 1403 1149 1468 labet.

739 1511 816 1572 Item
842 1511 954 1574 Petrus
977 1525 1087 1574 sartor.

739 1617 816 1679 Item
842 1619 1030 1681 Franciscus
1053 1633 1143 1692 sutor
1165 1639 1264 1701 gener
1289 1617 1555 1702 Herwoyewych.

738 1724 816 1786 Item
841 1725 960 1787 Paulus
983 1738 1082 1788 sutor.

739 1830 817 1893 Item
843 1831 982 1894 Iacobus
1004 1845 1103 1896 sutor.

738 1936 815 1998 Item
841 1938 953 2000 Petrus
977 1953 1075 2002 sutor.

739 2043 817 2105 Item
841 2045 987 2107 Andreas
1013 2057 1112 2106 sutor.

738 2149 817 2212 Item
841 2150 966 2212 BIasius
991 2149 1128 2234 Glazyn.

737 2257 814 2320 Item
840 2257 1023 2320 Anthonius
1046 2271 1135 2320 sutor
1157 2277 1258 2340 gener
1279 2259 1452 2322 Werchelr.

738 2365 815 2426 Item
840 2364 1007 2447 Philippus
1028 2378 1116 2426 sutor
1140 2384 1303 2426 successor
1326 2365 1474 2448 Faytlyn.

737 2470 815 2532 Item
841 2469 993 2534 Clemens
1016 2483 1116 2532 sutor.

527 2684 604 2746 Item
637 2681 779 2766 prefatus
810 2683 1000 2744 Valentinus
1031 2681 1127 2763 judex
1159 2700 1298 2744 unacum
1330 2679 1482 2763 predictis
1513 2679 1624 2762 juratis
1655 2695 1688 2742 et

421 2791 613 2854 consiliariis
637 2809 709 2851 cum
735 2808 893 2851 consensu
913 2789 1058 2851 unanimi
1083 2803 1113 2850 et
1130 2788 1282 2850 concordi
1307 2787 1472 2849 voluntate
1497 2807 1533 2850 ac
1557 2787 1686 2849 decreto

420 2899 523 2960 tocius
548 2896 787 2959 communitatis
821 2895 931 2956 omnia
964 2895 1089 2956 decreta
1114 2908 1211 2977 atque
1242 2906 1359 2957 statuta
1391 2894 1513 2956 tamin
1545 2894 1686 2976 presenti

420 3025 518 3086 quam
543 3005 575 3065 in
600 3003 740 3084 antiquis
764 3002 902 3064 katernis
919 3015 1067 3063 contenta
1086 3015 1117 3062 et
1134 3001 1312 3083 conscripta
1335 3001 1442 3082 quoad
1467 3021 1581 3062 omnes
1598 3001 1686 3062 clau-

419 3111 515 3189 sulas,
540 3123 656 3192 puncta
681 3122 711 3170 et
735 3108 886 3169 articulos
911 3107 1099 3170 eorumdem
1124 3118 1315 3168 statutorum
1340 3125 1375 3167 ac
1400 3106 1602 3168 decretorum
1628 3125 1687 3187 per

419 3230 522 3278 totum
547 3235 669 3277 annum
686 3214 841 3298 presentis
865 3213 1023 3294 judicatus
1040 3213 1139 3294 ipsius
1161 3212 1323 3274 Valentini
1340 3211 1454 3293 judicis
1471 3231 1507 3273 ac
1532 3211 1687 3292 deinceps

420 3336 576 3405 perpetuo
601 3335 631 3382 et
655 3320 905 3382 irrevocabiliter
929 3319 1159 3381 confirmarunt
1186 3338 1313 3400 semper
1337 3318 1473 3380 valitura
1497 3331 1529 3380 ct
1552 3317 1687 3379 firmiter

420 3429 629 3490 observanda.

525 3533 603 3595 Item
628 3532 713 3595 lwan
738 3531 829 3593 Turk
854 3545 963 3594 contra
997 3532 1170 3593 Matrinum
1198 3551 1309 3613 sporar
1333 3531 1438 3613 prImo
1470 3530 1583 3592 citatus
1614 3550 1682 3600 non

420 3640 610 3723 comparuit.

524 3745 602 3806 Item
628 3745 745 3806 Paulus
770 3743 953 3828 Jagychych
978 3757 1087 3806 contra
1109 3742 1287 3825 Georgium
1311 3762 1422 3826 sporar
1445 3742 1550 3824 prImo
1568 3743 1683 3804 citatus

418 3872 484 3914 non
508 3851 699 3933 comparuit.

524 3957 602 4020 Item
626 3957 735 4019 relicta
760 3956 860 4018 Marci
892 3956 1011 4039 Pyzani
1042 3969 1151 4018 contra
1185 3955 1355 4017 Nicolaum
1388 3955 1549 4017 literatum
1575 3955 1683 4036 prImo

417 4064 511 4126 citata
535 4083 600 4124 non
625 4063 815 4145 comparuit.

523 4169 600 4230 Item
626 4169 700 4251 quia
732 4169 921 4230 Valentinus
943 4169 1064 4248 blesus,
1089 4168 1174 4232 filius
1198 4216 1244 4249 ..,
1269 4169 1463 4232 inhabitator
1495 4168 1578 4228 dicte
1603 4167 1682 4229 civi·

416 4276 499 4354 tatis,
524 4275 555 4336 id
574 4295 647 4336 cum
671 4273 840 4336 sufficienti
858 4289 889 4336 et
912 4274 1075 4356 fidedIgno
1093 4289 1275 4337 nostrorum
1293 4275 1475 4337 concivium
1492 4273 1684 4336 testimonio

417 4382 514 4443 hodie
550 4381 681 4443 insede
714 4395 820 4444 nostra
849 4381 1014 4462 judiciaria
1049 4380 1243 4444 sufficienter
1275 4397 1306 4444 et
1337 4382 1420 4444 clare
1444 4400 1553 4442 coram
1586 4380 1684 4442 nobis

417 4487 649 4570 comprobavit,
674 4501 707 4549 ut
732 4489 798 4570 ipse
823 4488 978 4569 quasdam
1003 4504 1065 4549 tres
1098 4489 1268 4570 porciones
1292 4488 1434 4550 vlneales
1458 4489 1490 4549 itt
1516 4486 1683 4549 territori0

417 4593 552 4655 civitatis
575 4593 728 4675 predicte,
754 4593 839 4674 juxta
864 4608 1012 4656 contenta
1034 4595 1198 4656 literarum
1222 4594 1473 4676 priuilegialium
1507 4592 1684 4674 superinde

416 4719 474 4780 pro
499 4711 586 4781 parte
610 4699 709 4781 Ipsius
733 4700 895 4760 Valentini
921 4700 1005 4761 Blesi
1031 4698 1260 4778 confectarum,
1295 4699 1428 4778 habitas,
1454 4719 1516 4780 que
1541 4698 1683 4760 condam

417 4805 581 4867 BenedIcti
606 4807 734 4866 sartoris
759 4807 837 4867 alias
861 4805 976 4886 judicis
1000 4819 1031 4868 et
1064 4806 1206 4867 concivis
1231 4807 1329 4868 nostri
1364 4805 1440 4866 dicti
1467 4804 1683 4888 ScrInyarych

415 4909 612 4993 prefuerunt,
637 4911 731 4973 etad
756 4932 869 4973 manus
894 4911 974 4993 Elye
999 4912 1092 4973 Judei
1110 4925 1241 4994 propter
1266 4932 1330 4974 non
1355 4911 1557 4973 solucionem
1582 4930 1684 4993 pecu-

417 5019 539 5079 niarum
565 5017 707 5079 eiusdem
734 5017 812 5099 Elye
838 5017 941 5094 Iudei,
967 5038 1045 5099 quas
1067 5018 1238 5079 abeodem
1265 5019 1345 5101 Elya
1363 5018 1467 5079 ludeo
1492 5019 1558 5099 ipse
1579 5018 1684 5078 Bene-
