3838 5786
793 536 881 596 Anno
903 546 992 614 1475.
1017 569 1058 578 -
1081 547 1110 612 7.
1135 537 1248 610 aprilis.

620 774 716 847 Faria
747 784 843 848 sexta
871 785 949 864 post
977 783 1118 846 octavas
1147 774 1253 845 Pasce
1280 773 1419 845 Domini.

918 935 959 1006 (7.
984 927 1114 1003 aprilis).

497 1071 530 1132 ln
548 1091 641 1132 causa
666 1071 748 1132 inter
776 1071 919 1132 Marcum
949 1068 1129 1130 carnificem
1151 1083 1182 1130 et
1199 1068 1398 1130 Demetrium
1424 1067 1538 1150 Syczk,
1566 1067 1653 1129 idern

390 1179 516 1240 Marcus
541 1177 580 1239 ad
598 1177 777 1259 proximam
795 1175 879 1237 diem
905 1175 1074 1256 juridicam
1091 1195 1278 1257 comparere
1302 1175 1473 1252 tenebitur,
1498 1173 1656 1256 quiajam

391 1287 440 1347 bis
464 1287 577 1347 citatus
600 1304 665 1345 non
691 1282 867 1366 respondit,
891 1283 947 1344 sed
973 1284 1004 1344 in
1033 1283 1132 1344 tercio
1157 1282 1352 1364 respondere
1376 1281 1548 1344 tenebitur.

497 1409 574 1472 ltem
601 1407 735 1470 domum
767 1409 985 1470 Ztrozkowicz
1015 1428 1113 1491 penes
1144 1407 1279 1470 domurn
1312 1407 1409 1468 Blasii
1442 1406 1582 1485 sartoris,
1607 1426 1655 1467 se-

393 1515 492 1576 nioris
515 1514 640 1596 judicis,
663 1514 784 1595 judices
808 1513 1074 1594 adjudicaverunt
1099 1515 1204 1576 eidem
1233 1514 1340 1576 Blasio
1364 1514 1478 1575 sartori
1503 1525 1657 1596 perpetue

392 1621 620 1704 possidendam
646 1641 704 1704 pro
737 1621 895 1703 dampnis,
928 1641 991 1703 que
1024 1623 1108 1683 idem
1138 1621 1263 1682 Blasius
1294 1633 1340 1682 est
1363 1640 1474 1702 passus
1498 1621 1530 1681 in
1556 1620 1655 1682 domo

391 1747 446 1788 sua
471 1727 599 1809 propria
623 1747 679 1809 per
702 1727 827 1808 pluvias
851 1741 882 1788 et
905 1726 1068 1790 stillicidia
1093 1727 1132 1787 de
1156 1724 1278 1808 prelata
1304 1727 1414 1789 domn.

498 1851 575 1913 ltem
600 1852 640 1912 ad
666 1851 841 1932 predictam
868 1851 1002 1912 domum
1027 1852 1128 1913 tribus
1145 1851 1269 1913 vicibus
1293 1861 1340 1912 est
1363 1850 1598 1941 proclamatum
1623 1863 1656 1912 et

392 1958 511 2020 factum
534 1958 726 2040 proclamari
751 1977 807 2039 per
831 1957 971 2019 eundem
998 1958 1140 2020 Blasium
1165 1973 1331 2037 sartorem,
1355 1958 1553 2039 quicumque
1583 1977 1657 2018 ean-

392 2065 466 2126 dem
483 2064 560 2126 velit
577 2083 701 2140 emere;
720 2064 795 2125 item
815 2085 851 2124 er
870 2083 1026 2124 consensu
1044 2065 1227 2125 vicinorum
1245 2063 1390 2125 eiusdem
1415 2063 1531 2124 domus
1548 2064 1658 2124 Ztroz·

393 2175 493 2255 koycz
516 2173 602 2233 idern
628 2172 753 2233 Blasius
777 2185 878 2233 sartor
902 2172 1047 2233 vendidit
1072 2171 1209 2233 eandem
1235 2171 1370 2233 domum
1394 2171 1576 2250 Augustino
1593 2191 1658 2232 sar·

391 2280 453 2340 tori
478 2299 536 2361 pro
560 2279 660 2340 tribus
684 2278 765 2357 flor,
790 2278 829 2339 ad
854 2299 950 2360 quarn
980 2279 1069 2340 litera
1092 2279 1263 2341 commissa
1287 2293 1332 2339 est
1356 2277 1416 2339 sibi
1442 2278 1511 2340 dari
1536 2279 1595 2340 sub
1618 2279 1659 2339 si-

391 2385 471 2466 gillo
496 2385 746 2446 communitatis.

500 2491 578 2553 Item
604 2491 636 2551 in
661 2511 754 2552 causa
787 2491 868 2551 inter
900 2490 1064 2572 Filippum
1098 2490 1215 2552 Dwdin
1247 2503 1278 2551 et
1310 2489 1489 2572 Georgium
1515 2505 1658 2553 sutorem

393 2597 501 2679 Jwrgh
526 2597 658 2674 dictum,
684 2597 749 2678 ipse
776 2595 936 2677 Georgius
960 2609 1048 2658 sutor
1072 2597 1215 2658 secundo
1243 2597 1357 2658 citatus
1381 2617 1446 2658 non
1465 2598 1656 2680 comparuit.

499 2720 577 2782 Item
603 2721 634 2780 in
661 2740 754 2782 causa
772 2720 854 2782 inter
873 2719 1061 2781 Michaelem
1079 2739 1236 2801 generum
1255 2720 1341 2782 Luce
1366 2720 1483 2782 sutoris
1507 2735 1538 2782 et
1555 2719 1657 2782 Geor-

396 2829 486 2909 gium
504 2825 714 2905 Hoccheuar,
740 2826 825 2887 idern
851 2826 1031 2888 Hoccewar
1055 2826 1086 2886 in
1116 2826 1221 2908 primo
1245 2825 1365 2908 judicio
1390 2846 1455 2887 non
1480 2827 1661 2909 comparuit

397 2935 519 2996 citatus.

500 3039 578 3100 Item
603 3040 635 3099 in
659 3059 752 3100 causa
778 3040 860 3101 inter
885 3041 1028 3101 Marcum
1060 3038 1242 3101 carnificem
1267 3053 1298 3100 et
1323 3038 1502 3120 Georgium
1528 3039 1660 3121 Pyzani,

394 3146 481 3207 idem
507 3145 667 3226 Georgius
693 3147 810 3229 Pyzani
834 3147 933 3208 tercio
959 3147 1072 3208 citatus
1106 3161 1136 3207 et
1160 3146 1275 3208 eodem
1301 3165 1357 3207 ore
1381 3145 1510 3228 publice
1535 3146 1660 3227 procla·

395 3266 499 3314 matus
513 3267 544 3314 et
557 3266 688 3314 vocatus
700 3273 765 3314 non
780 3253 960 3335 comparuit
971 3273 1076 3334 neque
1095 3273 1151 3334 per
1164 3272 1197 3313 se
1214 3271 1319 3334 neque
1333 3271 1389 3334 per
1406 3265 1659 3334 procuratorem.

501 3378 578 3441 ltetn
605 3380 636 3439 in
662 3399 755 3440 causa
781 3379 862 3440 inter
888 3379 993 3439 Eliam
1018 3392 1278 3461 campanatorem
1305 3391 1336 3438 et
1359 3377 1561 3439 Anthonium
1586 3378 1661 3439 luti-

394 3485 530 3566 figulum
554 3487 594 3547 ad
620 3486 798 3568 proximam
817 3486 902 3546 diem
920 3485 1119 3566 judiciariam
1138 3485 1257 3546 debent
1279 3504 1463 3567 comparere
1481 3485 1512 3546 in
1538 3485 1660 3566 judicio

396 3606 427 3653 et
450 3611 543 3672 agere
568 3593 636 3654 sine
661 3593 749 3653 omni
776 3593 918 3653 ulteriori
948 3592 1190 3674 prorogacione.

503 3698 579 3759 Item
605 3699 637 3759 in
662 3719 755 3760 causa
781 3698 950 3761 Laurencii
973 3718 1083 3779 sporar
1108 3711 1138 3758 et
1163 3697 1306 3760 Marcum
1324 3697 1505 3760 carnificem
1531 3699 1660 3760 racione

396 3804 625 3866 maccellorum
650 3805 689 3866 ad
714 3806 851 3886 primam
874 3805 960 3865 diem
984 3804 1185 3886 judiciariam
1205 3817 1339 3886 uterque
1365 3804 1548 3866 testimonia
1573 3803 1659 3866 enhi-

397 3911 485 3971 bebit
510 3931 568 3992 pro
592 3925 679 3992 parte
704 3931 771 3973 sata.

503 4017 581 4078 Item
606 4018 637 4078 in
670 4038 762 4078 causa
795 4018 877 4079 inter
903 4017 1037 4078 Paulum
1063 4017 1204 4098 lagaticz
1235 4031 1266 4078 et
1298 4017 1514 4079 Laurencium
1539 4037 1660 4100 sporar,

396 4121 501 4184 eidem
526 4123 626 4184 Paulo
652 4137 699 4185 est
723 4123 941 4202 adjudicatum
967 4137 1106 4204 prestare
1136 4124 1353 4205 juramentum
1377 4143 1473 4206 super
1497 4143 1546 4202 e0,
1571 4125 1660 4205 quod

396 4231 462 4310 ipse
490 4249 554 4291 non
580 4231 704 4310 depulit
721 4229 869 4290 homines
894 4229 1038 4290 eiusdem
1057 4229 1260 4290 Laurenciia
1286 4229 1449 4306 maccelo;
1474 4243 1505 4291 et
1529 4230 1590 4292 hoc
1606 4229 1661 4292 fiet

396 4335 428 4396 in
454 4349 568 4398 octavo
594 4336 645 4398 die
670 4357 686 4396 a
712 4336 763 4396 die
788 4336 937 4418 presenti.

505 4460 582 4521 ltem
607 4481 701 4522 causa
727 4461 808 4522 inter
825 4460 994 4522 dominum
1021 4460 1198 4542 Georgium
1215 4461 1391 4543 plebanum
1410 4461 1543 4523 ecclesie
1560 4463 1661 4524 sancti

399 4567 527 4627 Martini
553 4580 583 4628 et
601 4567 743 4628 blasium
761 4567 923 4628 Zteniczki
942 4568 1068 4628 racione
1091 4567 1207 4629 domus
1231 4568 1452 4630 Ztrozkowicz
1477 4581 1523 4630 est
1548 4587 1661 4650 proro-

396 4689 468 4754 gata
493 4673 532 4734 ad
557 4674 694 4756 primam
720 4675 806 4736 diem
831 4673 1042 4756 judiciariam.

503 4797 579 4859 Item
605 4798 731 4860 dacium
758 4799 797 4859 de
823 4798 921 4859 domo
947 4799 1166 4860 Ztrozkowicz
1184 4799 1349 4861 exsolvere
1366 4799 1586 4880 adjudicatum
1603 4813 1660 4878 est,

398 4917 431 4964 ut
456 4903 514 4984 ipsi
540 4904 595 4984 qui
621 4904 755 4964 eandem
782 4904 915 4965 domum
938 4905 1144 4966 inhibuerant
1169 4919 1199 4966 et
1223 4925 1281 4986 pro
1307 4925 1342 4966 ea
1368 4905 1547 4985 litigabant,
1572 4906 1660 4967 vide·

396 5010 471 5072 licet
495 5010 620 5072 blasius
637 5011 799 5072 Zteniczki
817 5023 848 5073 et
871 5011 1024 5072 dominus
1042 5010 1201 5090 Georgius
1217 5011 1375 5092 plebanus
1399 5011 1498 5073 sancti
1517 5012 1660 5075 Martini.
