3694 5782
382 625 442 706 336
783 629 869 686 Anno
892 625 986 706 1468.
1012 663 1053 672 -
1077 643 1127 693 20.
1149 631 1229 689 maii.

379 838 504 899 scrineo
528 858 597 918 suo,
615 839 681 920 ipse
701 839 836 900 Mathias
853 853 954 902 sartor
978 841 1080 920 jurare
1097 842 1267 919 tenebitur,
1285 841 1373 922 quod
1398 843 1443 903 nil
1460 843 1511 904 vel
1528 862 1638 924 parum

380 965 451 1007 cum
477 947 642 1008 voluntate
668 963 698 1006 et
720 949 789 1008 sine
813 949 893 1008 scitu
918 948 1061 1009 eiusdem
1088 946 1198 1010 fuisset
1225 963 1401 1030 receptum.
1427 947 1504 1010 Item
1529 948 1640 1028 sagitte

380 1053 498 1114 debent
522 1052 589 1113 dari
615 1053 721 1134 pueris
747 1053 845 1134 ipsius
870 1053 1023 1136 Stephani
1053 1069 1083 1115 et
1114 1055 1307 1136 pulminaria
1332 1054 1396 1116 filie
1420 1069 1493 1116 sunt
1517 1054 1640 1132 adjudi-

380 1173 447 1221 cata
472 1159 550 1222 dari.

485 1266 560 1328 Item
587 1287 714 1328 causam
739 1268 821 1328 inter
853 1268 1050 1348 bursiparem
1077 1283 1107 1330 et
1139 1269 1220 1331 inter
1244 1267 1373 1332 fratrem
1407 1271 1526 1333 Mathis
1558 1271 1641 1330 auri·

381 1371 462 1434 fabri
490 1373 618 1434 racione
642 1374 879 1435 vulneracionis
903 1374 1046 1435 eiusdem
1080 1374 1184 1437 fratris
1208 1376 1339 1454 Mathie‚
1363 1377 1455 1459 jurati
1480 1376 1641 1457 adjudica·

381 1495 464 1560 runt,
489 1482 576 1561 quod
603 1481 670 1562 ipse
695 1481 840 1562 bursipar
864 1481 1030 1542 convictus
1054 1497 1100 1543 est
1118 1496 1228 1544 contra
1253 1483 1356 1565 ipsum
1382 1483 1582 1545 vulneratum
1609 1482 1641 1542 in

382 1587 617 1668 quinquaginta
641 1587 748 1668 pensis
772 1587 978 1648 denariorum
1003 1601 1034 1648 et
1061 1589 1149 1668 quod
1181 1588 1277 1650 debet
1301 1590 1426 1649 medico
1450 1587 1642 1665 satisfacere,

381 1708 412 1755 et
436 1707 545 1755 contra
571 1692 835 1754 communitatem
861 1693 892 1753 in
919 1694 1152 1774 quinquaginta
1181 1695 1296 1756 marcis
1320 1695 1525 1757 denariorum
1552 1694 1641 1776 quod

380 1800 513 1862 violavit
538 1799 693 1881 frangam.

487 2035 582 2109 Feria
611 2047 708 2110 sexta
737 2041 891 2128 proxima
916 2047 994 2109 ante
1023 2039 1145 2110 festum
1174 2041 1270 2111 beate
1298 2041 1395 2113 Eleae
1424 2041 1544 2130 regine.

921 2195 986 2266 (20.
1010 2195 1104 2266 maie).

487 2333 564 2394 Item
589 2334 621 2394 in
655 2333 806 2394 omnibus
838 2333 940 2394 causis
974 2335 1054 2395 inter
1082 2335 1245 2396 Thomam
1277 2351 1430 2398 sartorem
1456 2337 1646 2399 Thomasko

382 2441 515 2517 dictum,
540 2441 699 2501 seniorem
725 2439 874 2520 juratum,
899 2453 934 2502 ut
958 2455 1097 2502 actorem
1122 2443 1162 2502 ab
1191 2463 1265 2520 una,
1290 2459 1320 2504 et
1344 2445 1425 2505 inter
1450 2445 1645 2528 Dyonisium

380 2549 528 2609 similiter
552 2561 716 2625 sartorem,
749 2561 783 2610 ut
817 2548 848 2607 in
882 2568 1009 2610 causam
1045 2563 1224 2629 attractum,
1248 2552 1280 2612 in
1313 2552 1457 2633 predicto
1490 2554 1647 2615 katherno

382 2670 491 2716 nostro
516 2655 714 2736 conscriptis,
739 2674 834 2735 super
863 2655 980 2735 quibus
1012 2657 1115 2716 causis
1139 2657 1206 2738 ipse
1230 2657 1419 2719 Thomasko
1453 2660 1533 2720 inter
1558 2661 1646 2740 ipsos

381 2763 497 2824 habitis
534 2775 633 2822 certas
657 2761 764 2822 literas
788 2761 947 2842 magnifici
979 2763 1133 2824 lobannis
1165 2763 1203 2824 de
1230 2765 1365 2846 Rozgon
1399 2767 1540 2846 magistri
1575 2767 1647 2828 tha-

382 2869 595 2930 warnicorurn
627 2868 712 2948 regie
745 2867 918 2929 Maiestatis
950 2869 1043 2929 nobis
1067 2885 1097 2930 et
1129 2872 1351 2933 communitati
1386 2872 1468 2933 dicte
1505 2873 1646 2935 civitatis

381 2975 571 3056 apportavit,
596 2988 630 3034 ut
654 2974 712 3034 sibi
739 2995 775 3034 ex
800 2987 888 3055 parte
909 2974 1051 3035 eiusdem
1072 2976 1218 3058 Dyonisii
1236 2976 1491 3040 satisfaccionem
1516 2980 1646 3060 impen-

383 3081 459 3142 dere
491 3080 732 3158 debuissemus,
764 3093 795 3140 et
825 3081 900 3160 quia
932 3079 1073 3162 prefatus
1104 3083 1280 3164 Dyonisius
1311 3104 1417 3146 coram
1447 3086 1540 3146 nobis
1571 3106 1649 3147 cum

381 3187 474 3248 certis
500 3187 608 3268 probis
632 3187 708 3246 viris
732 3188 965 3267 comprobavit,
991 3202 1025 3248 ut
1049 3188 1114 3270 ipse
1140 3189 1328 3252 Thomasko
1353 3191 1438 3274 juxta
1464 3193 1649 3254 ordinacio-

381 3279 655 3374 nemptoborum
681 3293 823 3352 virorum
857 3293 1002 3373 quietum
1037 3295 1208 3374 commisit,
1239 3296 1349 3377 sicque
1381 3299 1480 3359 modo
1505 3299 1648 3360 eundem

381 3399 574 3480 Dyonisium
600 3399 666 3480 ipse
692 3397 837 3459 Thomas
861 3400 1001 3480 quittum
1027 3400 1166 3462 reddidit
1190 3416 1220 3462 et
1244 3404 1439 3484 expeditum.

485 3506 561 3565 ltem
581 3506 655 3585 quia
674 3505 760 3587 juxta
778 3506 1053 3586 composicionem
1070 3511 1246 3588 proborum
1265 3511 1407 3572 virorum
1426 3513 1543 3573 civium
1561 3513 1649 3575 dicte

382 3611 527 3688 civitatis,
553 3612 619 3692 ipse
645 3610 834 3671 Thomaslto
867 3613 897 3671 in
932 3632 1025 3673 causa
1050 3615 1132 3674 inter
1164 3615 1268 3696 ipsum
1295 3617 1458 3679 Thomam
1483 3619 1590 3680 habita
1617 3634 1650 3681 et

381 3719 462 3778 inter
487 3718 678 3778 Michaelem
704 3732 734 3778 et
759 3718 954 3799 Gregorium
979 3719 1163 3801 pellificem,
1188 3721 1319 3802 juratos,
1345 3725 1472 3785 racione
1497 3727 1647 3786 omnium

381 3825 597 3905 dampnorum
615 3845 671 3903 per
695 3824 825 3884 eosdem
845 3824 1037 3887 Michaelem
1055 3843 1085 3888 et
1103 3826 1297 3908 Gregorium
1315 3830 1470 3912 pellifices
1493 3833 1649 3914 qualiter-

381 3951 520 4011 cumque
537 3931 597 3990 sibi
616 3930 744 3991 Thome
759 3931 922 3993 illatorum
937 3949 1082 4016 tempore
1096 3935 1245 3996 videlicet
1258 3939 1486 4019 captivationis
1504 3939 1649 4017 Grande,

381 4037 467 4116 juxta
492 4037 766 4118 composicionem
790 4041 967 4119 proborum
1001 4041 1141 4102 virorum
1171 4043 1292 4123 quittos
1316 4044 1516 4124 reddidisset,
1540 4047 1650 4110 taliter

380 4156 500 4219 tamen,
523 4143 612 4224 quod
637 4143 695 4224 ipsi
723 4144 860 4205 Michael
885 4159 916 4206 et
941 4145 1116 4227 Gregorius
1150 4148 1304 4229 pellifices
1329 4151 1386 4232 ipsi
1414 4152 1541 4213 Thome
1567 4173 1649 4233 qua·

380 4262 453 4309 tuor
477 4251 545 4311 flor.
572 4249 651 4326 auri,
675 4250 756 4309 duos
781 4249 849 4312 flor.
875 4252 942 4311 auri
961 4253 1012 4313 die
1038 4253 1200 4315 dominica
1218 4256 1249 4316 in
1275 4254 1354 4318 festo
1379 4259 1529 4319 videlicet
1553 4262 1649 4320 beate

382 4357 482 4416 Elene
507 4357 614 4436 regine
633 4356 719 4435 dare,
744 4357 886 4438 reliquos
905 4378 981 4420 vero
999 4360 1080 4421 duos
1098 4360 1166 4424 flor.
1185 4364 1224 4425 ab
1242 4363 1311 4444 ipso
1329 4363 1410 4426 festo
1436 4367 1525 4426 beate
1543 4367 1649 4428 Elene

383 4483 484 4544 usque
498 4463 812 4543 quintumdecimum
830 4464 915 4525 diem
930 4465 989 4546 ipsi
1004 4467 1141 4529 Michael
1156 4481 1187 4531 et
1200 4468 1376 4552 Gregorius
1393 4473 1497 4534 eidem
1516 4473 1650 4535 Thome

381 4569 506 4630 solvere
530 4571 734 4646 tenebuntur,
767 4571 809 4630 ita
841 4585 960 4649 tamen,
993 4574 1080 4654 quod
1114 4593 1317 4658 quecumque
1349 4579 1491 4660 parcium
1518 4581 1549 4640 in
1574 4601 1649 4662 pre·

382 4676 487 4736 missis
511 4697 575 4736 non
601 4677 792 4757 persisteret,
817 4678 888 4738 talis
913 4699 984 4759 pars
1009 4680 1039 4740 in
1066 4682 1227 4762 premissis
1255 4703 1319 4745 non
1345 4686 1517 4766 persistens
1541 4687 1572 4748 in
1600 4689 1649 4748 vi-

381 4782 460 4860 ginti
476 4783 619 4863 quinque
639 4785 752 4843 marcis
766 4783 982 4862 denariorum,
1001 4807 1139 4848 marcam
1154 4809 1212 4870 pro
1230 4791 1374 4872 quinque
1389 4795 1495 4874 pensis
1511 4814 1648 4875 compu-

382 4888 492 4965 tando,
518 4889 596 4968 parti
631 4891 829 4969 persistenti,
855 4906 928 4970 puta
963 4893 993 4952 in
1020 4894 1191 4955 duodecim
1224 4911 1255 4958 et
1280 4899 1385 4959 media
1418 4900 1531 4960 marcis
1555 4914 1586 4960 et
1612 4901 1646 4962 in

382 4995 516 5054 totidem
550 4995 645 5074 judici
679 4995 762 5056 dicte
794 4997 929 5056 civitatis
963 5013 993 5058 et
1024 5002 1170 5062 convinci
1204 5003 1318 5064 debeat
1350 5019 1380 5064 ct
1412 5007 1554 5066 convicta
1587 5006 1648 5066 ha·

383 5101 495 5161 beatur
521 5100 591 5181 ipso
618 5105 709 5164 lact0.
