3694 5782
765 581 852 638 Anno
874 575 969 658 1466.
995 613 1034 624 —
1058 595 1107 643 12.
1131 578 1290 638 decembnt.

401 807 488 856 terea
515 794 612 856 ambo
636 793 719 874 capti
744 791 874 854 fuerunt
897 811 954 873 per
985 790 1105 872 juratos
1133 790 1217 852 dicte
1250 788 1396 868 civitatis,
1420 802 1451 851 et
1475 789 1590 851 eisdem
1614 804 1654 851 est

403 900 626 962 misericordia
659 898 740 961 facta
774 918 813 960 ne
844 917 961 981 penam
990 917 1087 979 quam
1121 897 1348 958 demeruerunt
1380 910 1411 957 et
1441 896 1563 979 expulsi
1596 916 1654 957 non

404 1005 533 1068 luerunt
564 1019 695 1088 propter
726 1004 911 1067 huiusmodi
945 1005 1088 1086 ipsorum
1120 1003 1274 1064 delictum
1306 1003 1346 1064 de
1377 1001 1504 1064 civitate
1537 1015 1566 1063 et
1595 1003 1656 1063 eius

404 1112 583 1186 territori0;
601 1131 697 1193 quam
723 1110 873 1173 ancillam
899 1110 966 1192 ipse
983 1109 1145 1170 Fabianus
1166 1108 1228 1169 fide
1245 1109 1317 1169 data
1342 1107 1477 1170 domino
1502 1108 1656 1170 Demetrio

405 1217 574 1300 capellano
599 1217 732 1280 ecclesie
764 1230 870 1278 nostre
903 1214 1096 1298 parochialis
1118 1215 1218 1277 sancti
1252 1214 1350 1276 Marci
1376 1213 1407 1274 in
1432 1213 1515 1276 dicta
1540 1214 1658 1276 civitate

406 1323 538 1386 fundate
563 1335 739 1405 spontanee
763 1322 938 1404 copulavit.

514 1429 590 1490 ltem
616 1429 743 1512 lelycza
769 1427 1008 1509 consanguinea
1040 1427 1164 1488 domini
1190 1426 1369 1489 Clementis
1392 1426 1534 1508 magistri
1558 1425 1657 1508 hospi·

409 1537 481 1598 talis
514 1538 605 1598 beate
630 1535 730 1596 Marie
763 1534 896 1615 virginis
920 1534 951 1594 in
977 1532 1061 1596 dicta
1093 1533 1219 1594 civitate
1248 1532 1382 1611 fundati,
1407 1547 1454 1594 est
1477 1532 1660 1614 reprehensa

406 1644 495 1725 quod
520 1657 566 1704 est
599 1644 809 1724 impregnata,
841 1655 872 1704 et
904 1655 952 1702 est
983 1641 1087 1702 eidem
1113 1641 1332 1703 misericordia
1364 1639 1457 1718 facta,
1489 1641 1577 1722 quod
1601 1641 1661 1722 ipsa

408 1769 474 1811 non
499 1749 594 1811 debet
625 1749 758 1832 perdere
791 1749 896 1830 ipsum
928 1767 1076 1830 puerum,
1108 1766 1166 1828 pro
1202 1767 1265 1828 qua
1297 1747 1399 1809 eciam
1432 1745 1597 1808 fideiussor
1620 1757 1663 1808 est

408 1856 560 1917 dominus
585 1856 766 1917 Demetrius
783 1873 953 1936 quousque
978 1853 1045 1936 ipse
1063 1873 1142 1936 puer
1158 1866 1304 1914 nascetur
1328 1864 1359 1914 et
1375 1851 1464 1933 quod
1490 1853 1556 1934 ipsa
1573 1851 1661 1933 virgi-

409 1961 481 2022 nale
506 1975 601 2043 caput
625 1979 690 2022 non
714 1960 810 2021 debet
835 1973 961 2042 portare
985 1959 1041 2020 sed
1065 1973 1218 2041 cooperta
1245 1958 1411 2020 ambulare
1435 1971 1589 2021 teneatur.

493 2196 588 2270 Feria
617 2205 714 2270 sexta
742 2201 897 2287 proxima
926 2207 1005 2270 ante
1043 2199 1166 2269 testum
1195 2199 1289 2269 beate
1317 2197 1415 2272 anie
1446 2197 1593 2288 virginis.

906 2353 968 2427 (12.
996 2351 1168 2426 decembres).

523 2489 600 2552 ltem
615 2489 776 2552 Fabianus
792 2503 881 2552 sutor
898 2490 1036 2551 inclinus
1053 2489 1232 2572 Thwloycz
1256 2504 1287 2552 et
1305 2491 1552 2574 Banschalsoycz
1568 2490 1667 2574 primo

413 2597 527 2658 citatus
550 2609 661 2658 contra
685 2615 816 2658 uxorem
842 2596 987 2657 Barnabe
1012 2596 1170 2678 Chaykyn
1195 2597 1336 2658 concivis
1360 2598 1471 2677 nostri,
1496 2598 1527 2659 in
1552 2597 1666 2680 judicio

413 2724 477 2766 non
503 2703 683 2785 comparuit
707 2722 815 2764 coram
840 2704 944 2766 nobis.

520 2812 598 2873 ltem
622 2810 837 2887 juramentum
863 2810 1043 2872 Laurencio
1061 2809 1179 2891 Sporar
1203 2823 1312 2872 contra
1338 2811 1475 2872 Paulum
1500 2809 1669 2893 lagathych

414 2916 547 2994 dictum,
572 2915 772 2998 perjuratus
803 2915 1023 2996 adjudicatum
1057 2917 1185 2977 racione
1217 2935 1428 2998 expensarum
1453 2930 1484 2978 et
1507 2915 1670 2999 fatigarum

415 3021 579 3100 laetarum,
604 3040 684 3102 quas
708 3019 783 3082 fecit
806 3034 837 3084 et
869 3022 1015 3104 exposuit
1047 3022 1079 3082 in
1104 3023 1334 3104 prosecutione
1365 3023 1597 3104 appellacionis
1619 3041 1670 3104 per

416 3129 520 3211 ipsum
545 3128 682 3189 Paulum
707 3129 747 3188 ad
776 3128 963 3208 magistrum
994 3127 1264 3190 thawarnicorum
1296 3128 1452 3210 regalium
1477 3127 1558 3192 lacte
1582 3148 1672 3211 super

416 3234 588 3296 duodecim
625 3233 694 3295 flor.
730 3233 798 3294 auri
834 3235 963 3314 triginta
988 3253 1053 3296 uno
1085 3235 1225 3296 denariis
1260 3235 1508 3314 wiennensium,
1541 3232 1671 3317 prestitit

416 3353 450 3401 ut
474 3340 595 3402 debuit.

524 3445 602 3508 ltem
627 3445 773 3508 Thomas
796 3459 885 3508 sutor
908 3465 1071 3508 successor
1094 3446 1267 3508 Francisco
1294 3447 1411 3508 sutoris
1435 3449 1541 3530 primo
1565 3448 1672 3510 citatus

417 3565 527 3614 contra
553 3552 751 3635 Stephanum
777 3552 1033 3636 Herwoyewycb
1051 3553 1185 3630 dictum,
1206 3553 1334 3614 racione
1358 3554 1596 3616 verberacionis
1613 3553 1673 3614 Do·

418 3659 529 3720 rotbee
553 3661 672 3720 sororis
695 3679 751 3720 sue
776 3659 815 3720 ad
849 3658 1005 3738 judicium
1029 3678 1137 3720 coram
1167 3659 1261 3721 nobis
1294 3679 1359 3720 non
1383 3659 1471 3721 venit
1496 3679 1600 3742 neque
1623 3658 1675 3719 ali-

418 3786 514 3848 quem
539 3780 778 3848 procuratorem
804 3785 862 3847 pro
887 3786 920 3827 se
949 3767 1045 3828 misit.

525 3871 602 3933 ltem
628 3891 756 3933 causam
782 3872 863 3932 inter
887 3872 1031 3933 relictam
1049 3873 1187 3934 condam
1213 3873 1311 3934 Marci
1335 3871 1462 3952 sutoris,
1487 3873 1528 3934 ab
1553 3892 1626 3950 una,
1649 3884 1677 3933 et

421 3980 503 4040 inter
528 3979 646 4039 Kelecz
671 3979 808 4059 juratum
835 3993 866 4040 et
889 3978 1092 4041 Anthonium
1110 3980 1206 4060 Segin
1231 3980 1365 4057 dictum,
1390 3979 1475 4040 cives
1495 3980 1580 4041 dicte
1604 3978 1670 4040 civi·

419 4087 502 4162 tatis,
533 4104 615 4165 quos
639 4085 706 4166 ipse
740 4087 866 4146 Marcus
890 4099 1076 4147 executores
1107 4106 1182 4148 suos
1214 4087 1421 4148 constituerat
1452 4099 1483 4146 et
1514 4087 1674 4147 bonasus

419 4211 515 4273 super
549 4191 679 4253 eosdem
715 4192 938 4272 commiserat,
971 4191 1063 4274 jurati
1101 4193 1206 4254 taliter
1237 4191 1471 4273 adjudicarunt,
1508 4193 1583 4272 quia
1616 4191 1677 4272 ipse

421 4299 548 4359 Marcus
572 4299 653 4359 bene
677 4298 769 4360 scivit
793 4299 881 4379 quod
911 4299 977 4380 ipsa
1002 4318 1082 4360 uxor
1116 4319 1172 4360 sua
1197 4297 1257 4360 fuit
1282 4312 1312 4360 et
1344 4313 1391 4360 est
1413 4317 1586 4380 pregnans,
1609 4297 1678 4357 ideo

421 4403 525 4485 ipsum
550 4415 777 4465 testamentum
803 4403 1034 4465 confirmarunt
1049 4424 1106 4486 per
1130 4404 1236 4485 ipsum
1254 4404 1398 4465 Marcum
1425 4402 1543 4464 lactum
1569 4402 1601 4464 in
1624 4419 1678 4462 suo

422 4509 532 4590 vigore
568 4522 599 4570 et
623 4509 754 4572 eosdem
779 4529 872 4571 veros
904 4523 1090 4572 executores
1114 4530 1201 4587 esse;
1234 4510 1274 4571 de
1306 4529 1371 4590 quo
1395 4507 1517 4590 judicio
1542 4509 1678 4590 ipsorum

421 4616 598 4699 juratorum
626 4617 729 4678 Lucas
752 4631 851 4695 sutor,
888 4617 995 4678 senior
1025 4617 1158 4699 juratus,
1182 4629 1369 4699 procurator
1400 4615 1544 4676 eiusdem
1578 4613 1679 4674 relicte

423 4723 522 4805 ipsius
555 4723 653 4785 Marci
686 4743 751 4784 non
785 4736 964 4802 contentus,
1000 4725 1137 4786 eandem
1170 4741 1297 4785 causam
1330 4721 1371 4783 ad
1401 4721 1542 4782 seniores
1577 4719 1679 4802 appel·

423 4829 519 4891 lasset
542 4828 674 4910 judices.
1204 4812 1207 4817 ¹

529 4935 606 4998 ltem
632 4954 759 4996 causam
785 4935 865 4996 inter
883 4935 1045 4997 Andream
1073 4935 1267 5019 Symwnych
1296 4935 1430 5014 dictum,
1454 4935 1612 4997 seniorem
1634 4929 1678 5012 ju·

423 5055 526 5104 ratum
560 5057 590 5104 et
622 5042 725 5104 civem
757 5041 840 5104 dicte
873 5043 1020 5122 civitatis,
1052 5044 1092 5104 ab
1125 5063 1198 5121 una,
1227 5055 1257 5104 et
1290 5042 1371 5104 inter
1395 5041 1485 5102 Jurse
1509 5037 1676 5119 agricolam
