3644 5788
356 511 418 590 236
730 506 929 586 Ann01463.
956 543 997 551 -
1021 505 1073 568 28.
1090 509 1239 583 januarii.

356 743 465 805 passus
487 721 557 796 fuir,
583 744 640 785 nec
657 743 714 806 per
735 744 767 784 se
785 741 842 783 nec
863 741 919 803 per
935 720 1104 782 dominum
1120 737 1225 796 suum,
1242 718 1297 779 sed
1316 739 1374 779 nec
1392 739 1448 800 per
1472 718 1614 798 aliquam

355 831 576 912 interpositam
600 849 770 912 personam
796 829 889 890 uobis
913 843 943 890 et
967 847 1005 888 ex
1029 826 1144 886 nostris
1171 825 1267 886 alicui
1291 825 1415 886 civibus
1440 825 1524 884 dicte
1541 823 1615 883 civi-

356 938 427 999 tatis
451 937 585 1018 aliquod
609 938 787 1018 dampnum
812 937 843 996 in
877 936 972 995 rebus
1003 947 1058 994 aut
1082 933 1115 993 in
1139 931 1283 1013 personis
1308 930 1402 992 faciat
1434 929 1617 1012 procurabit

356 1043 405 1103 vel
430 1062 600 1124 procurare
625 1043 693 1104 vult
717 1043 768 1104 vel
793 1040 947 1118 intendet,
972 1053 1066 1120 prout
1090 1039 1156 1118 ipse
1188 1037 1440 1118 Christophorus
1462 1055 1496 1097 se
1525 1036 1617 1096 nobis

355 1149 505 1210 videlicet
530 1149 751 1210 communitati
777 1148 859 1208 dicte
877 1145 1013 1208 civitatis
1036 1165 1069 1206 se
1093 1144 1206 1205 litteris
1229 1143 1293 1204 suis
1317 1143 1535 1204 mediantibus
1560 1162 1615 1225 per

355 1256 459 1336 ipsum
477 1256 570 1316 nobis
594 1255 675 1316 datis
700 1254 800 1316 lacius
823 1253 1004 1315 continetur
1029 1265 1060 1312 et
1083 1251 1218 1312 habetur
1240 1270 1273 1311 se
1297 1250 1463 1331 obligavit.

391 1491 486 1565 Feria
514 1507 610 1564 sexta
640 1494 790 1583 proxima
821 1501 897 1583 post
925 1493 1047 1564 testum
1082 1491 1314 1562 Conversionis
1344 1491 1452 1560 saneti
1484 1489 1582 1559 Pauli

908 1617 1063 1706 apostoli.

753 1785 817 1864 (28.
832 1789 983 1864 januarii,
1007 1805 1076 1846 anri.
1103 1781 1209 1863 1463).

462 1947 538 2008 ltem
566 1947 711 2008 Thomas
735 1961 836 2008 sartor
870 1946 977 2007 senior
1000 1943 1121 2025 juratus
1145 1959 1176 2006 et
1201 1943 1342 2005 concivis
1366 1956 1483 2018 noster,
1509 1957 1620 2004 contra

357 2054 522 2114 Simonem
548 2068 690 2115 sutorem
729 2054 894 2115 concivem
927 2067 1082 2130 nostrum,
1107 2052 1212 2134 primo
1244 2051 1368 2128 citatus,
1392 2069 1500 2111 coram
1527 2050 1620 2111 nobis

359 2160 390 2221 in
416 2159 536 2240 judicio
561 2180 626 2221 non
651 2160 842 2242 comparuit.
1471 2220 1477 2232 ,

461 2267 539 2328 Item
564 2286 693 2328 causam
711 2267 793 2327 inter
811 2265 966 2328 Mathiam
984 2266 1184 2347 Tergowecz
1208 2279 1239 2325 et
1256 2264 1465 2326 Dominicum
1491 2263 1618 2325 racione

355 2373 568 2454 percussionis
593 2373 692 2454 ipsius
725 2371 843 2433 Mathis
877 2392 933 2454 per
965 2372 1184 2450 Dominicum,
1217 2369 1310 2452 jurati
1342 2368 1619 2450 adjudicaverunt,

355 2479 430 2560 quia
455 2479 521 2561 ipse
547 2480 736 2542 Dominicus
760 2499 824 2540 non
847 2479 976 2560 negavit
1000 2477 1087 2559 quod
1105 2475 1259 2560 percussit
1275 2475 1426 2554 eundem,
1451 2475 1618 2536 convictus

355 2599 402 2648 est
426 2600 534 2647 contra
567 2586 672 2668 ipsum
706 2586 860 2647 Mathiam
884 2587 917 2646 in
948 2585 1061 2666 viginti
1094 2585 1237 2665 quinque
1273 2583 1386 2644 marcis
1410 2581 1619 2643 denariorum

357 2709 387 2756 et
412 2697 443 2755 in
468 2694 612 2776 quinque
637 2695 743 2778 pensis
766 2694 971 2756 denariorum
996 2705 1105 2754 contra
1130 2691 1258 2774 juratos.
