3738 5786
658 587 745 644 Anno
769 599 857 662 1455.
885 621 925 630 -
949 600 1000 647 20.
1019 589 1110 662 junii.
1481 605 1518 666 95

242 796 403 859 Conrado
430 798 563 858 Rawsar
579 797 684 878 judice
709 811 819 859 nostro
836 811 912 858 tunc
936 799 1101 880 temporis,
1118 797 1218 859 literis
1235 799 1351 858 nostris
1376 797 1518 858 median-

245 904 332 966 tibus
357 904 593 987 scripseramus
625 905 769 966 Fabiano
798 903 930 966 officiali
956 917 986 966 et
1010 904 1120 966 villico
1145 924 1180 965 ac
1212 905 1269 965 toti
1295 905 1519 966 communitati

247 1010 278 1070 in
303 1011 452 1092 predicta
471 1009 728 1072 Klokochewecz
745 1011 786 1071 ad
809 1010 1019 1072 siscitandum
1037 1023 1068 1072 et
1085 1010 1287 1072 resciendum
1312 1012 1352 1072 ab
1378 1011 1423 1071 eis
1440 1029 1519 1092 quo·

250 1117 347 1178 modo
374 1117 445 1199 ipsa
463 1136 557 1178 causa
582 1116 740 1178 dictarum
758 1136 864 1178 rerum
882 1117 982 1198 ipsius
1000 1117 1084 1178 Petri
1103 1115 1264 1198 Gundych
1282 1117 1364 1178 inter
1380 1117 1519 1180 eundem

251 1223 380 1284 Petrum
407 1222 569 1306 Gundych
594 1237 625 1284 et
647 1223 729 1284 inter
751 1222 912 1305 prelatum
942 1223 1070 1286 Petrum
1103 1237 1245 1284 sutorem
1271 1223 1437 1285 concivem
1462 1243 1520 1284 no·

211 1350 218 1360 ·
250 1344 349 1392 strum
374 1329 497 1409 habita,
521 1330 606 1412 apud
632 1331 718 1412 ipsos
741 1329 895 1393 videlicet
924 1330 1103 1392 Fabianum
1125 1328 1297 1392 officialem
1322 1345 1352 1418 el
1376 1329 1519 1392 villicum

250 1457 285 1499 ac
309 1451 412 1498 totam
445 1436 710 1498 communitatem
744 1435 776 1496 in
810 1435 923 1498 eadem
948 1435 1241 1518 (Klo)kochewecz,
1264 1449 1331 1497 acta
1358 1434 1466 1496 luisset
1490 1449 1521 1496 et

249 1544 434 1622 terminata,
459 1543 518 1626 ipsi
543 1544 651 1625 itaque
677 1543 839 1604 Fabianus
856 1541 1002 1604 officialis
1026 1555 1057 1604 et
1074 1542 1199 1626 villicus
1223 1562 1260 1603 ac
1283 1555 1349 1604 tota
1374 1561 1519 1604 commu·

250 1649 332 1711 nitas
357 1650 389 1711 in
416 1650 484 1732 ipsa
510 1649 823 1735 Klokocheweczet
847 1650 978 1731 insuper
1003 1648 1164 1730 Georgius
1188 1646 1334 1711 officialis
1358 1649 1518 1732 Symono·

250 1755 342 1838 wych
367 1756 408 1818 de
442 1755 628 1839 Myletyncz
652 1756 684 1817 in
718 1755 808 1818 litera
842 1774 954 1818 eorum
987 1769 1133 1837 tempore
1166 1755 1330 1836 prescripti
1362 1754 1520 1836 judicatus

251 1862 352 1944 ipsius
385 1861 529 1924 Conradi
563 1863 657 1924 nobis
688 1863 914 1944 rescripserunt
946 1861 1113 1944 quomodo
1145 1862 1212 1944 ipsa
1245 1881 1337 1922 causa
1362 1860 1518 1922 dictarum

249 1988 357 2030 rerum
385 1969 485 2051 ipsius
517 1969 600 2030 Petri
627 1968 788 2051 Gundych
820 1969 906 2050 apud
936 1969 1022 2050 ipsos
1046 1968 1181 2030 omnino
1216 1965 1326 2029 luisset
1350 1968 1518 2028 terminata

249 2095 307 2136 seu
332 2075 556 2154 determinata,
585 2076 756 2159 ipsumque
791 2076 918 2138 Petrum
951 2089 1093 2137 sutorem
1118 2075 1285 2136 concivem
1310 2087 1453 2136 nostrum
1487 2073 1518 2134 in

249 2182 363 2243 eadem
397 2201 492 2243 causa
523 2182 659 2243 omnino
691 2195 959 2264 expurgaverunt,
993 2197 1023 2244 et
1057 2195 1174 2244 eotunc
1206 2201 1264 2243 nos
1288 2199 1426 2242 unacum
1448 2199 1518 2262 pre·

249 2289 338 2350 dicto
363 2287 518 2350 Conrado
543 2289 676 2350 Rawsar
708 2288 813 2363 judice
838 2289 898 2372 ipsi
931 2289 1025 2351 Petro
1060 2288 1220 2371 Gundych
1256 2288 1519 2349 commiseramus

250 2415 290 2457 eo
314 2395 427 2474 modo,
452 2409 487 2456 ut
511 2396 578 2478 ipse
611 2395 722 2457 Petrus
748 2395 909 2478 Gundych
934 2397 973 2457 ab
1006 2396 1074 2478 ipsa
1105 2395 1160 2458 lite
1185 2409 1335 2458 cessasset
1359 2408 1389 2456 et
1413 2395 1517 2477 ipsum

250 2501 381 2563 Petrum
407 2515 549 2563 sutorem
575 2503 740 2564 concivem
765 2515 909 2564 nostrum
940 2503 971 2563 in
996 2521 1073 2584 pace
1098 2502 1289 2580 dimisisset,
1313 2521 1386 2563 cum
1410 2515 1516 2563 tamen

249 2606 355 2669 adhuc
380 2621 498 2669 eotunc
522 2609 590 2690 ipse
615 2609 727 2670 Petrus
752 2607 913 2691 Gundych
945 2627 1004 2691 pro
1029 2609 1097 2690 ipsa
1129 2627 1185 2669 sua
1210 2607 1265 2669 lite
1291 2608 1321 2668 in
1349 2605 1517 2668 manifesta

249 2713 436 2796 calumpnia
470 2715 722 2797 repperiebatur,
754 2734 812 2798 pro
845 2735 908 2796 qua
942 2729 1018 2777 tunc
1051 2714 1149 2795 digne
1173 2713 1259 2794 juxta
1284 2734 1339 2776 sua
1364 2713 1516 2776 demerita

248 2822 356 2903 puniri
383 2821 522 2883 debebat
546 2821 585 2882 de
610 2821 696 2903 jure;
729 2835 759 2882 et
790 2821 921 2883 tandem
953 2822 1020 2904 ipse
1047 2821 1157 2882 Petrus
1190 2819 1351 2903 Gundych
1377 2821 1416 2881 ab
1451 2822 1516 2902 ipsa

248 2947 306 2989 sua
330 2927 387 2990 lite
413 2927 597 2990 huiusmodi
623 2947 745 2989 cessare
763 2927 887 3006 nolens,
913 2929 1079 3010 ipsamque
1097 2927 1357 2988 commissionem
1375 2939 1516 2987 nostram

183 3049 187 3054 ’
249 3035 417 3096 advertere
441 3054 507 3096 non
531 3053 645 3097 curans
664 3053 776 3116 ymmo
808 3034 942 3095 omnino
967 3047 1153 3116 postergans
1185 3046 1215 3094 et
1239 3051 1402 3115 spernens,
1428 3051 1512 3092 anno

250 3141 397 3223 proxime
429 3141 581 3223 preterito
611 3153 756 3222 tempore
788 3139 947 3222 judicatus
978 3139 1141 3201 Valentini
1177 3140 1311 3200 senioris
1340 3139 1453 3220 judicis
1486 3151 1516 3198 et

250 3248 393 3309 concivis
418 3247 526 3324 nostri,
548 3248 664 3310 iterum
689 3247 721 3308 in
739 3247 936 3329 presenciam
961 3247 1058 3308 nostri
1073 3245 1203 3308 advenit
1220 3261 1250 3308 et
1274 3265 1347 3307 curn
1373 3245 1517 3327 predicto

249 3354 345 3417 Petro
367 3367 478 3416 sutore
502 3355 634 3416 concive
659 3369 769 3416 nostro
786 3373 844 3436 pro
870 3353 990 3415 eisdem
1009 3355 1104 3414 rebus
1120 3353 1185 3414 suis
1210 3371 1317 3413 coram
1342 3352 1436 3412 nobis
1453 3351 1516 3412 liti·

248 3481 324 3543 gare
348 3461 481 3543 incepit,
506 3473 537 3523 et
561 3461 737 3522 cumidem
763 3461 874 3522 Petrus
899 3459 1060 3542 Gundych
1078 3459 1179 3542 ipsam
1197 3477 1325 3519 causam
1350 3477 1440 3518 suam
1458 3477 1516 3539 pro

249 3568 326 3650 ipsis
350 3569 447 3630 rebus
470 3567 535 3628 suis
559 3581 669 3630 contra
686 3566 846 3649 prelatum
864 3567 994 3628 Petrum
1019 3566 1184 3628 concivem
1204 3579 1347 3626 nostrum
1370 3577 1516 3645 tempore

248 3673 394 3736 eiusdem
420 3673 578 3753 judicatus
602 3673 701 3756 ipsius
725 3673 889 3736 Valentini
914 3673 1027 3752 judicis
1044 3691 1150 3734 coram
1177 3672 1271 3734 nobis
1288 3671 1516 3753 proposuisset,

247 3795 324 3842 tunc
349 3778 491 3863 prelatus
516 3781 627 3842 Petrus
651 3793 739 3841 sutor
765 3779 905 3841 concivis
938 3792 1046 3840 noster
1070 3777 1248 3860 predictam
1274 3777 1397 3838 literam
1432 3776 1516 3857 ipso-

247 3907 318 3949 rum
344 3887 482 3950 Fabiani
506 3886 654 3950 officialis
678 3901 709 3949 et
733 3887 831 3948 villici
857 3907 892 3948 ac
916 3887 1019 3948 tocius
1048 3885 1286 3947 communitatis
1311 3884 1350 3946 de
1375 3883 1516 3966 predicta

248 3994 508 4056 Klolrochewecz
532 4015 567 4056 ac
597 3995 697 4077 ipsius
730 3993 861 4075 Georgii
895 3992 1043 4055 dedicta
1077 3993 1258 4075 Myletyncz
1284 4010 1390 4052 coram
1423 3989 1517 4051 nobis

247 4101 456 4183 presentavit,
481 4115 608 4162 etcum
633 4101 734 4182 ipsam
759 4100 884 4162 literam
909 4099 1094 4182 peripsum
1120 4099 1250 4160 Petrum
1274 4111 1415 4159 sutorem
1440 4116 1515 4158 con·

245 4208 352 4269 civem
377 4221 524 4269 nostrum
549 4207 644 4270 nobis
672 4220 898 4290 presentatam,
931 4206 972 4267 ad
996 4207 1166 4267 instantem
1200 4203 1393 4286 peticionem
1418 4203 1516 4283 ipsius

246 4315 332 4376 Petri
359 4313 522 4396 Gundych
547 4333 602 4396 per
627 4315 815 4395 magistrum
840 4313 1006 4375 Matheum
1031 4312 1192 4373 notarium
1218 4323 1361 4371 nostrum
1386 4307 1515 4370 fidelem

246 4441 358 4484 coram
382 4420 500 4483 eodem
527 4421 620 4483 Petro
647 4419 807 4504 Gundych
833 4432 864 4481 et
897 4438 1005 4481 coram
1030 4418 1123 4480 nobis
1156 4416 1276 4500 perlegi
1302 4430 1332 4476 et
1356 4434 1516 4496 exponere

246 4528 424 4609 vulgariter
448 4525 647 4605 fecissemus,
679 4541 754 4588 tunc
786 4525 872 4587 idem
898 4525 1010 4587 Petrus
1044 4523 1204 4607 Gundych
1237 4521 1344 4584 audita
1370 4534 1401 4582 et
1425 4520 1516 4581 intel·

246 4637 328 4697 lecta
354 4635 422 4717 ipsa
447 4633 539 4696 litera
564 4653 601 4694 ex
626 4633 784 4695 contentis
808 4646 839 4694 et
875 4631 1082 4714 esposicione
1115 4629 1258 4691 eiusdem
1284 4627 1375 4688 litere
1407 4645 1515 4708 recog·

246 4761 385 4804 noscens
409 4741 515 4823 ipsum
541 4741 668 4802 Petrum
693 4752 834 4801 sutorem
860 4738 1025 4800 concivem
1048 4750 1193 4799 nostrum
1219 4733 1354 4796 omnino
1379 4753 1445 4794 esse
1464 4753 1516 4792 ex·

247 4861 433 4931 purgatum,
460 4859 491 4907 et
516 4847 557 4908 ob
581 4845 642 4907 hoc
667 4845 807 4906 eundem
842 4845 972 4905 Petrum
1005 4857 1146 4906 sutorem
1179 4841 1344 4903 concivem
1371 4853 1515 4900 nostrum

248 4971 417 5034 tamquam
444 4951 610 5012 hominem
642 4951 761 5032 justum
787 4967 817 5011 et
846 4951 1011 5012 innoxium
1045 4950 1130 5010 idem
1157 4949 1267 5010 Petrus
1292 4945 1451 5027 Gundych
1484 4946 1513 5006 in

247 5063 317 5143 ipsa
342 5079 437 5121 causa
462 5058 675 5140 predictarum
705 5077 811 5118 rerum
844 5076 972 5118 suarum
998 5075 1105 5117 coram
1138 5056 1231 5116 nobis
1255 5067 1431 5135 spontanea
1456 5073 1512 5113 sua
