3838 5786
463 490 526 550 422
838 473 1030 547 Ann01473.
1055 506 1099 514 —-
1122 487 1172 547 23.
1188 474 1339 548 januarii.

459 684 632 745 bandarius
664 683 751 744 chori
785 683 918 744 ecclesie
950 683 1165 764 zagrabiensis
1200 701 1290 742 suam
1325 680 1392 742 fore
1427 683 1563 760 dicebat,
1596 703 1658 763 que
1684 686 1725 744 ab

459 790 572 852 eadem
597 811 696 852 uxore
725 790 824 871 ipsius
843 791 938 850 Marci
974 791 1132 850 subtracta
1159 786 1226 866 luit,
1251 803 1281 849 et
1312 803 1357 849 est
1382 789 1524 850 restituta
1549 790 1607 872 ipsi
1633 791 1726 851 uxori

458 897 557 958 Marci
587 895 799 977 Gwrakoych.

563 1003 641 1064 Item
668 1021 795 1064 causam
814 1002 896 1062 inter
920 1021 1052 1063 uxorem
1073 1001 1159 1063 Galli
1178 1001 1348 1084 Kudelych
1374 1016 1405 1062 et
1429 1003 1638 1084 Pangracium
1660 1024 1727 1064 sar·

455 1124 557 1171 torem
583 1110 710 1170 racione
736 1109 863 1169 termini
890 1109 1035 1189 parcium
1060 1109 1177 1169 domus
1210 1129 1276 1187 sue,
1299 1129 1394 1191 super
1426 1129 1492 1190 quo
1517 1109 1612 1171 habet
1634 1112 1724 1172 testi·

457 1215 577 1292 monia,
610 1214 697 1296 quod
731 1215 935 1276 medietatem
969 1215 1054 1276 dicte
1085 1215 1201 1276 domus
1236 1213 1336 1276 lassus
1366 1214 1426 1278 fuit
1458 1216 1580 1297 Symon
1615 1217 1724 1299 Sypelt

456 1321 541 1383 filius
565 1322 710 1382 Batnabe
736 1334 767 1380 et
791 1320 937 1381 vendidit
962 1341 1059 1381 unam
1085 1337 1231 1401 quartam
1265 1337 1296 1382 et
1321 1343 1417 1383 unam
1445 1337 1589 1385 octavam
1614 1325 1724 1405 propi-

456 1427 543 1488 navit
566 1428 626 1488 sibi
651 1431 760 1507 Agnes
785 1446 916 1488 consors
941 1426 1085 1488 eiusdem
1111 1427 1141 1486 in
1165 1428 1227 1487 illis
1251 1427 1381 1508 pacifice
1407 1443 1582 1510 permanet,
1607 1444 1638 1490 et
1663 1449 1724 1510 pro

460 1553 522 1594 una
547 1545 658 1594 octava
683 1533 722 1592 ad
748 1552 844 1613 quarn
870 1553 933 1593 non
961 1532 1055 1593 habet
1077 1547 1173 1594 testes
1197 1547 1227 1594 et
1245 1533 1322 1612 jura,
1349 1534 1428 1594 illud
1453 1534 1568 1597 docere
1592 1549 1722 1598 tenetur

457 1654 488 1702 et
512 1641 656 1700 invenire
680 1653 744 1700 tarn
771 1641 837 1721 ipse
863 1640 1026 1718 Pongracz
1052 1659 1147 1720 quarn
1167 1653 1197 1700 et
1217 1660 1296 1701 uxor
1320 1641 1464 1701 eiusdem
1490 1639 1575 1702 Galli
1601 1641 1624 1700 si
1644 1642 1724 1722 quid

456 1746 619 1807 concernit
643 1745 778 1807 eandem
805 1746 836 1805 in
862 1745 973 1807 eadem
1001 1745 1099 1806 domo
1124 1747 1156 1806 in
1182 1747 1248 1828 ipsa
1273 1762 1403 1822 octava;
1428 1763 1459 1807 et
1482 1748 1610 1808 racione
1636 1749 1725 1809 illius

457 1850 573 1928 fenilis,
598 1851 685 1932 quod
712 1853 778 1932 ipse
804 1851 917 1912 Gallus
941 1853 1156 1932 prosequitur,
1182 1855 1268 1933 quod
1300 1853 1431 1914 deberet
1456 1853 1572 1914 habere
1598 1855 1726 1934 porcio·

458 1977 530 2018 nem
557 1977 636 2018 uxor
661 1959 817 2034 eiusdem,
844 1959 910 2038 ipse
937 1959 1099 2038 Pongracz
1133 1960 1229 2020 habet
1261 1959 1327 2038 jura
1353 1960 1441 2040 quod
1467 1962 1553 2038 emit,
1579 1975 1609 2021 et
1634 1961 1724 2020 aliud

460 2063 556 2126 lenile
581 2077 627 2126 est
644 2063 700 2124 filii
729 2065 900 2145 propinati,
929 2065 994 2146 ipse
1027 2063 1140 2125 Gallus
1169 2085 1232 2126 non
1250 2065 1345 2126 habet
1361 2066 1511 2147 prosequi
1530 2086 1565 2126 ac
1583 2066 1723 2126 eundem

461 2171 657 2251 inquietare;
683 2169 796 2232 Gallus
820 2171 995 2252 appellavit
1018 2171 1056 2230 ad
1083 2171 1223 2232 seniores
1248 2172 1383 2233 eandem
1407 2191 1545 2233 causam.

563 2276 639 2337 ltem
666 2296 791 2336 causam
819 2277 901 2338 inter
927 2277 1161 2357 Margaretham
1186 2279 1434 2359 propinatricem
1459 2278 1524 2338 vini
1560 2277 1721 2340 inhabita-

455 2382 568 2444 tricem
593 2382 675 2442 dicte
714 2382 849 2442 civitatis
873 2397 904 2442 et
929 2383 1009 2444 inter
1035 2383 1233 2464 Stephanum
1263 2383 1410 2465 plathnar
1435 2398 1464 2444 et
1488 2385 1611 2444 socium
1637 2385 1722 2445 eius-

456 2488 541 2566 dem,
566 2487 657 2569 jurati
682 2487 958 2568 adjudicaverunt,
992 2489 1079 2569 quod
1106 2492 1171 2570 ipsa
1205 2490 1404 2570 Margaretha
1430 2491 1532 2570 jurare
1557 2491 1721 2552 tenebitur

457 2595 488 2655 in
514 2614 567 2654 ara
598 2608 704 2654 sancte
737 2591 850 2654 Crucis
874 2593 951 2656 seria
983 2609 1067 2656 sexta
1100 2597 1245 2676 proxime
1277 2611 1421 2674 ventura,
1453 2596 1541 2677 quod
1575 2599 1641 2677 ipsa
1667 2597 1723 2658 illa

456 2698 550 2760 vadia
574 2717 639 2760 non
664 2717 722 2778 pro
747 2699 861 2778 majori
886 2702 1024 2782 suscepit
1045 2703 1104 2762 nisi
1130 2722 1188 2783 pro
1213 2703 1340 2782 quantis
1358 2703 1453 2764 vendi
1479 2717 1665 2783 potuerunt,
1691 2717 1723 2764 et

456 2805 533 2865 dum
558 2804 675 2883 jurabit
699 2819 773 2866 tunc
799 2807 858 2887 ipsi
884 2807 965 2866 illud
999 2807 1196 2889 superfluum
1227 2809 1332 2870 eidem
1365 2810 1489 2870 solvere
1513 2812 1721 2872 tenebuntur.

562 2911 639 2972 ltern
665 2930 791 2971 causam
810 2911 891 2972 inter
914 2913 1048 2974 Paulum
1069 2913 1275 2996 jobagionem
1291 2915 1381 2976 Pauli
1407 2913 1559 2976 aurifabri
1578 2931 1608 2978 et
1631 2916 1721 2976 Tho-

455 3037 540 3078 mam
567 3015 695 3077 fratrem
721 3018 863 3078 eiusdem
883 3021 1010 3080 racione
1035 3022 1229 3082 seccacionis
1247 3023 1412 3083 cuiusdam
1438 3023 1528 3082 nucis
1557 3021 1719 3105 Vodopie,

456 3125 553 3184 ambo
576 3123 695 3184 debent
725 3125 859 3202 solvere,
893 3127 967 3207 quia
1002 3126 1061 3188 luit
1092 3128 1196 3189 eidem
1230 3129 1335 3189 socius
1367 3129 1398 3188 in
1424 3129 1609 3189 seccacione
1635 3130 1720 3190 eius-

455 3231 528 3291 dem
553 3232 653 3292 nucis.

560 3339 637 3398 Item
664 3339 774 3399 Petrus
800 3341 910 3400 Koncz
934 3341 1064 3422 sellipar
1088 3342 1230 3402 secundo
1264 3343 1378 3403 citatus
1399 3355 1509 3404 contra
1536 3343 1720 3404 Emericum

455 3444 637 3527 selliparem
663 3465 727 3505 non
753 3447 933 3527 comparuit
958 3448 989 3508 in
1019 3447 1150 3528 judicio.

559 3551 638 3612 Item
664 3572 758 3612 causa
782 3553 865 3613 inter
889 3554 1009 3614 Lucam
1043 3555 1338 3617 molendinatorem
1364 3571 1394 3617 et
1427 3557 1508 3618 inter
1534 3557 1720 3640 Philippum

454 3658 650 3719 aurifabrum
677 3674 724 3720 est
756 3675 926 3741 prorogata
960 3681 1061 3741 usque
1094 3663 1133 3722 ad
1165 3664 1304 3745 primurn
1338 3664 1493 3745 judicium
1518 3665 1542 3725 si
1568 3679 1722 3747 poterunt

453 3766 648 3826 concordare
673 3767 800 3827 racione
825 3769 1062 3829 verberationis
1095 3785 1125 3832 et
1145 3771 1327 3834 cicatricum
1353 3793 1448 3854 super
1472 3774 1576 3855 ipsum
1598 3775 1720 3835 Lucam

453 3868 617 3935 factarum.

535 4093 680 4163 Sabbato
707 4097 859 4180 proximo
889 4105 965 4183 post
999 4098 1121 4167 festum
1159 4099 1248 4168 beati
1278 4098 1446 4170 Vincencii
1475 4099 1640 4186 martiris,

862 4240 947 4291 anno
977 4230 1038 4292 etc.
1069 4221 1149 4293 LXX
1180 4221 1294 4292 tercio.

964 4387 1027 4450 (23.
1043 4377 1206 4450 junuarii).

560 4507 635 4568 ltern
664 4529 790 4571 causam
818 4513 898 4574 inter
931 4515 1117 4594 magistrum
1153 4515 1288 4576 Paulum
1320 4518 1495 4599 predialem
1522 4519 1561 4579 de
1594 4520 1718 4602 Mylan*-

453 4613 546 4693 lyncz
572 4617 737 4694 provincie
772 4618 929 4700 luanych,
963 4635 996 4682 ut
1030 4635 1168 4680 actorem
1201 4624 1240 4682 ab
1274 4645 1347 4702 una,
1372 4640 1403 4686 et
1426 4625 1507 4687 inter
1532 4627 1654 4687 Lucam
1688 4643 1719 4688 et

454 4718 652 4798 Stephanum
677 4738 823 4801 sartores,
849 4727 996 4786 concives
1021 4742 1146 4788 nostros
1170 4727 1254 4790 filios
1283 4731 1500 4814 Kovvachyeh,
1526 4747 1559 4794 ut
1584 4733 1615 4793 in
1642 4754 1718 4795 cau-

452 4844 519 4883 sam
544 4839 702 4906 attractos,
728 4830 856 4891 racione
881 4833 1048 4894 cuiusdam
1080 4833 1171 4894 fundi
1204 4836 1306 4898 civilis
1330 4858 1366 4898 ac
1391 4839 1499 4920 (hlorti
1524 4840 1554 4900 in
1588 4842 1713 4922 oppido

454 4930 599 5016 lwanych
626 4933 807 4997 habitorum
834 4951 864 5000 et
888 4939 1025 5001 aliorum
1051 4941 1208 5003 factorum
1238 4943 1319 5006 inter
1343 4947 1470 5008 easdem
1494 4961 1599 5030 partes
1622 4969 1713 5012 secu·
