3644 5788
567 555 653 610 Anno
676 553 767 630 1461.
793 587 833 596 -—
857 567 887 630 4.
906 555 989 628 julii.
1353 571 1414 631 205

163 766 201 826 rici
217 765 311 826 ducis
330 765 369 826 de
385 766 538 846 Zagrabia
564 763 827 826 testamentaliter
843 764 980 845 legatam
1000 779 1029 825 et
1047 783 1103 846 per
1120 765 1292 826 discretum
1311 765 1413 826 virum

162 871 317 932 dominum
344 871 472 933 Petrum
493 870 667 932 Benedicta
692 870 843 932 Barberio
866 869 996 931 officiali
1019 869 1059 932 de
1084 871 1167 932 dicta
1192 870 1358 933 Cralewcz
1383 884 1415 932 et

162 979 284 1059 provide
311 977 438 1038 mulieri
473 976 649 1059 Elyzabeth
684 977 822 1037 consorti
851 995 908 1038 sue
933 996 991 1058 pro
1023 997 1076 1037 ser
1110 976 1178 1038 lior.
1204 977 1270 1038 auri
1305 978 1414 1057 vigore

164 1083 315 1148 literarum
342 1083 485 1166 Capituli
511 1083 643 1145 ecclesie
672 1082 888 1164 zagrabiensis
920 1065 1083 1144 venditam
1108 1081 1193 1163 juxta
1225 1083 1342 1144 trinam
1369 1081 1416 1142 fo·

162 1211 273 1252 rensem
301 1191 592 1273 proclamacionem
619 1209 675 1272 per
703 1209 858 1271 precones
890 1202 997 1252 nostre
1023 1190 1263 1251 communitatis
1288 1188 1415 1268 lactum,

163 1313 188 1359 ut
207 1299 231 1358 si
257 1299 332 1380 quis
357 1297 487 1360 haberet
511 1297 579 1377 jura
605 1310 635 1358 et
660 1296 794 1358 literalis
813 1295 1024 1358 instrumenta
1042 1297 1244 1378 produceret,
1269 1295 1415 1378 alioquin

162 1404 312 1466 dabuntur
336 1403 404 1482 jura
429 1401 552 1485 prelato
579 1403 753 1464 Benedicto
781 1403 946 1480 Barberi0‚
971 1417 1002 1464 et
1025 1404 1133 1464 nullus
1157 1402 1319 1485 produxit,
1342 1402 1416 1464 ideo

162 1511 321 1571 commissa
346 1524 392 1570 est
416 1531 444 1570 er
470 1509 537 1578 dari
563 1509 653 1570 litera
678 1528 774 1590 super
798 1509 911 1570 eadem
941 1509 1045 1571 vinea.

255 1617 334 1678 ltem
353 1636 481 1678 causam
500 1617 582 1676 inter
595 1616 797 1678 Anthonium
813 1615 1001 1698 Oprosnych
1020 1629 1050 1676 et
1065 1615 1279 1676 Laurencium
1298 1614 1417 1696 Sporar

162 1737 403 1804 prorogaverunt
428 1723 521 1804 jurati
553 1722 593 1783 ad
627 1723 767 1804 primurn
799 1721 967 1802 judicium,
992 1721 1072 1783 etsi
1106 1721 1301 1782 concordare
1326 1735 1416 1802 pote·

162 1845 231 1908 runt,
257 1833 340 1892 bene
365 1829 512 1910 quidem,
537 1827 682 1909 alioquin
708 1826 761 1889 fiet
784 1829 950 1910 judicium.

255 1935 332 1996 ltern
359 1953 486 1996 causam
512 1935 594 1996 inter
619 1933 853 2016 Rylttaryczam
879 1947 910 1995 et
934 1932 1092 1995 famulum
1118 1933 1263 1994 eiusdem
1287 1931 1415 2012 adjudi-

165 2053 257 2102 catum
284 2055 340 2119 est,
372 2041 459 2122 quod
486 2040 553 2122 ipsa
585 2039 702 2120 jurabit
736 2038 812 2102 letis
849 2053 935 2102 sexta
966 2040 1109 2122 proxime
1144 2053 1274 2100 ventura
1308 2039 1339 2100 in
1366 2057 1415 2116 eu,

162 2147 237 2226 quod
264 2149 320 2208 bos
345 2147 490 2208 eiusdem
516 2167 552 2208 ex
576 2147 667 2208 nullo
692 2147 756 2209 alio
781 2159 827 2209 est
851 2161 1007 2224 mortuus,
1032 2147 1091 2207 nisi
1113 2146 1152 2207 de
1178 2146 1327 2208 manibus
1345 2165 1415 2228 pre·

166 2251 210 2314 lati
236 2253 357 2331 famuli,
382 2253 529 2331 solamet,
554 2268 585 2315 et
610 2255 676 2335 ipse
694 2251 835 2314 famulus
859 2254 988 2314 racione
1007 2253 1155 2334 vituperii
1182 2253 1333 2314 remansit
1350 2253 1414 2314 lese

164 2359 190 2420 io
212 2361 320 2422 decem
345 2360 452 2442 pensis
476 2374 506 2420 et
523 2360 633 2440 juratis
657 2360 688 2420 in
714 2373 841 2421 centum
861 2359 1018 2435 denariis;
1036 2373 1067 2420 et
1086 2358 1276 2421 secundario
1295 2358 1413 2440 jurabit

168 2481 313 2546 quantum
338 2465 439 2527 valuit
464 2466 529 2547 ipse
556 2467 631 2542 bos;
657 2467 787 2546 prestito
813 2465 995 2547 juramento
1020 2465 1124 2526 eidem
1151 2465 1264 2529 solvet.

197 2703 338 2774 Sabbato
369 2705 522 2792 proximo
552 2713 627 2792 post
656 2702 779 2774 le'stum
810 2700 1032 2774 visitacionis
1061 2706 1205 2792 virginis
1234 2703 1388 2790 gloriose.

703 2857 859 2934 (afaru

259 2996 332 3058 ltem
357 3015 486 3058 causam
513 2997 595 3058 inter
612 2997 796 3058 Emericum
819 2996 980 3059 Croacum
1006 3009 1037 3060 et
1062 2998 1143 3059 inter
1161 2997 1330 3060 Nicolaum
1357 2999 1416 3060 Fe·

163 3101 350 3184 rencheycha
377 3101 448 3163 zeth
473 3117 504 3163 et
529 3101 682 3163 Mathiam
709 3102 897 3185 Spylwsych
923 3103 1051 3166 racione
1076 3105 1169 3166 bovis
1194 3105 1294 3186 ipsius
1318 3105 1415 3168 Eme·

164 3208 212 3268 rici
234 3209 349 3271 mortui
376 3209 407 3269 in
434 3209 494 3287 via,
512 3207 655 3270 seniores
679 3207 801 3288 judices
820 3207 1085 3290 adjudicaverunt
1106 3210 1222 3287 taliter,
1247 3211 1335 3291 quod
1355 3211 1413 3292 ipsi

164 3313 305 3375 Nicolaus
328 3329 358 3376 et
382 3314 519 3376 Mathias
544 3315 647 3394 jurare
668 3315 864 3377 tenebuntur
889 3314 966 3376 leria
984 3329 1070 3376 sexta
1095 3315 1240 3398 proxima
1267 3329 1338 3397 post
1362 3335 1414 3378 oc·

163 3431 256 3481 tavam
283 3420 392 3501 frange
412 3421 630 3482 nundinarum
649 3423 740 3482 beate
765 3421 977 3500 Margarethe‚
996 3421 1083 3503 quod
1109 3422 1175 3502 ipse
1201 3441 1256 3503 per
1272 3422 1414 3504 aliquam

166 3523 296 3605 ipsorum
329 3527 490 3587 maliciam
522 3540 568 3588 est
600 3541 746 3588 mortuus
775 3546 832 3588 nec
865 3527 968 3608 ipsum
1002 3541 1282 3609 sequestrarunta
1316 3529 1415 3590 nutri·

165 3645 266 3693 mento
291 3634 410 3694 bouum
438 3633 592 3714 ipsorum,
617 3647 647 3695 et
663 3635 708 3694 sic
733 3648 803 3715 post
819 3633 1034 3714 juramentum
1060 3636 1126 3718 ipse
1152 3635 1317 3698 Emericus
1341 3655 1415 3696 con·

163 3737 266 3798 tentari
290 3739 403 3814 debet;
428 3757 486 3821 pro
511 3739 709 3800 conductura
733 3759 808 3801 vero
842 3759 898 3822 pet
922 3741 1020 3802 alium
1055 3743 1170 3803 bovem
1198 3741 1296 3824 ipsius
1322 3743 1415 3803 Eme·

165 3843 225 3920 rici,
242 3845 341 3925 ipsum
357 3846 542 3906 Emericum
561 3859 746 3908 contentare
764 3847 824 3928 ipsi
838 3847 991 3909 Nicolaus
1008 3863 1037 3910 et
1054 3849 1189 3910 Matthias
1206 3851 1415 3911 tenebuntur.

260 3952 334 4014 Item
360 3972 488 4015 causam
514 3953 595 4014 inter
627 3953 806 4015 iohannem
835 3954 1104 4038 Wenthycheych
1129 3955 1249 4016 dictum
1275 3969 1305 4016 et
1332 3957 1415 4016 Mar-

163 4057 258 4119 tinum
281 4061 358 4122 alias
382 4061 533 4142 judicem,
558 4060 701 4122 seniores
726 4059 846 4140 judices
869 4060 1135 4142 adjudicaverunt
1162 4063 1291 4124 racione
1309 4061 1414 4124 cuius·

164 4163 232 4225 dam
256 4181 335 4229 mete
359 4167 438 4228 silve
463 4181 494 4228 et
517 4167 704 4228 succisionis
729 4167 894 4228 cuiusdam
920 4168 1042 4229 arboris
1068 4169 1213 4245 metalis,
1239 4169 1326 4249 quod
1346 4169 1412 4249 ipse

163 4269 309 4332 Martinus
333 4272 428 4355 judex
453 4273 557 4352 jurare
589 4273 750 4334 tenebitur
782 4271 858 4332 leria
884 4287 970 4334 sexta
996 4274 1141 4355 proxima
1174 4287 1245 4353 post
1269 4287 1414 4334 octavam

164 4372 268 4456 lrange
290 4379 506 4440 nundinarum
540 4379 631 4440 beate
657 4378 857 4458 Margarethe
890 4379 921 4440 in
951 4399 1004 4440 ara
1035 4393 1141 4440 sancte
1167 4379 1281 4441 Crucis
1306 4379 1337 4440 in
1362 4399 1413 4458 en,

164 4482 248 4561 quod
271 4484 321 4546 illa
346 4487 440 4546 arbor
464 4504 521 4548 seu
544 4499 677 4546 truncus
703 4485 813 4562 cerasi,
838 4505 935 4566 quam
961 4486 1028 4567 ipse
1046 4486 1201 4548 Martinus
1224 4485 1320 4565 judex
1337 4487 1416 4550 dicit

162 4605 227 4648 esse
251 4591 406 4668 metalem,
430 4593 470 4652 sit
495 4605 580 4652 meta
612 4591 712 4672 ipsius
735 4591 814 4652 silve
846 4611 901 4652 sue
927 4605 957 4652 et
990 4611 1064 4652 uon·
1088 4592 1142 4652 illa
1167 4611 1264 4672 quam
1290 4593 1415 4655 noviter

162 4689 232 4752 lecit
255 4697 430 4774 succidere'3
454 4697 494 4758 de
518 4715 584 4778 quo
609 4696 729 4776 judicio
754 4697 820 4778 ipse
847 4698 1001 4758 Martinus
1028 4697 1124 4778 judex
1151 4717 1216 4758 non
1242 4711 1414 4762 contentus

163 4798 326 4878 appellavit
351 4803 390 4865 ad
416 4803 603 4884 magistrum
628 4803 896 4866 tharvernicorum
922 4815 952 4864 et
976 4803 1068 4864 datus
1101 4817 1147 4865 est
1172 4805 1330 4865 terminus
1355 4805 1413 4886 ipsi

165 4904 296 4968 Martiao
318 4923 424 4970 sextus
447 4909 516 4972 dies
540 4909 723 4970 dominicus
747 4925 818 4991 post
843 4909 957 4970 festum
980 4911 1180 4990 Margaretlte
1205 4912 1414 4991 comparendi

166 5029 269 5072 coram
290 5015 357 5096 ipso
382 5015 535 5097 magistro
559 5016 841 5078 thawarnicorum.
