3852 5814
777 525 862 578 Amro
887 519 980 596 1480.
1006 556 1048 565 —
1073 538 1121 599 14,
1142 525 1296 598 januarii.

411 733 584 794 Martinum
608 755 644 796 ac
678 734 853 815 Symonem
885 733 1002 795 Banicz
1035 735 1136 796 dictos
1173 736 1204 796 in
1237 737 1435 818 presenciam
1467 737 1608 818 judicum
1643 755 1675 799 et

410 841 652 902 communitatis
677 840 883 922 appellatam,
916 839 1028 922 prefati
1062 841 1219 902 Martinus
1254 858 1285 903 et
1317 844 1438 926 Symon
1465 845 1581 906 Banicz
1607 866 1673 907 non

409 959 668 1028 comparuerunt.

515 1052 592 1114 Item
619 1053 651 1113 in
676 1072 769 1113 causa
800 1053 881 1113 inter
906 1052 1114 1114 Dominicum
1138 1052 1240 1114 filium
1265 1055 1438 1117 Valentecz
1466 1056 1617 1119 Saronicz
1642 1075 1673 1119 et

408 1156 529 1219 Lucam
562 1159 711 1220 Ribaricz
744 1178 801 1241 pro
834 1158 1027 1240 quibusdam
1061 1160 1164 1220 bobus
1203 1160 1286 1221 inter
1326 1161 1457 1223 eosdem
1490 1162 1606 1225 habitis
1638 1165 1670 1224 in

409 1264 544 1342 lucrum,
569 1285 651 1346 quos
676 1266 801 1327 violens
825 1285 939 1327 manns
966 1267 1083 1348 recepit
1107 1279 1193 1328 extra
1215 1268 1369 1329 terminos
1394 1269 1482 1350 regni
1508 1270 1673 1351 Hungarie

408 1390 507 1452 prope
533 1373 677 1450 Bresecz‚
701 1391 758 1453 pro
784 1373 901 1453 quibus
935 1370 1075 1454 prelatus
1109 1373 1211 1433 Lucas
1243 1374 1332 1452 dixit,
1357 1375 1444 1455 quod
1470 1375 1536 1456 ipse
1560 1375 1673 1437 Domi-

408 1477 497 1537 nicus
521 1477 583 1538 fide
620 1478 782 1540 mediante
814 1493 1038 1560 assumpserat,
1072 1479 1158 1559 quod
1192 1479 1259 1561 ipse
1298 1481 1401 1541 Lucas
1433 1501 1497 1542 non
1530 1482 1674 1563 pacietur

406 1575 584 1666 dampnum
610 1585 641 1645 in
668 1585 818 1666 predictis
835 1586 930 1645 rebus
955 1585 1030 1663 suis,
1055 1585 1142 1666 quod
1162 1585 1351 1648 Dominicus
1368 1589 1507 1668 negabat
1530 1609 1674 1650 asserens

407 1711 471 1751 non
496 1711 529 1751 se
553 1692 748 1774 promisisse,
772 1711 867 1772 super
891 1711 956 1772 quo
982 1691 1123 1772 prelatus
1150 1693 1252 1753 Lucas
1276 1712 1348 1754 cum
1366 1714 1422 1754 sua
1448 1695 1532 1756 bona
1557 1696 1673 1756 volun-

406 1810 468 1858 tate
494 1811 608 1879 sponte
634 1799 764 1880 proprio
789 1818 843 1858 ore
869 1798 948 1858 dixit
987 1797 1074 1878 quod
1100 1797 1240 1878 prelatus
1266 1799 1454 1861 Dominicus
1479 1801 1593 1864 debeat
1617 1803 1673 1863 de·

406 1923 525 1984 ponere
551 1905 764 1982 juramentum
791 1905 957 1985 corporale
982 1924 1077 1986 super
1103 1924 1152 1982 eo,
1186 1905 1273 1986 quod
1299 1907 1366 1988 ipse
1392 1907 1581 1969 Dominicus
1606 1929 1672 1970 non

406 2011 627 2090 compromisit
652 2011 714 2072 fide
732 2011 894 2071 mediante
912 2011 1083 2091 premissa;
1105 2012 1193 2092 quod
1211 2011 1426 2090 juramentum
1452 2014 1547 2075 debet
1571 2015 1672 2096 depo-

406 2137 480 2177 nere
505 2116 580 2177 feria
606 2131 691 2177 sexta
717 2117 860 2199 proxime
886 2131 1018 2177 ventura
1051 2131 1082 2178 et
1105 2115 1158 2178 fiet
1183 2118 1263 2178 liber
1295 2133 1325 2179 et
1349 2120 1517 2200 expeditus
1542 2121 1572 2180 in
1599 2141 1670 2182 om-

406 2225 499 2284 nibus
525 2225 652 2286 racione
677 2225 893 2306 predictorum
920 2225 1050 2285 bovum.

513 2331 588 2392 ltem
615 2331 699 2392 idem
727 2331 829 2392 Lucas
861 2329 961 2390 fassus
994 2344 1049 2408 est,
1082 2330 1170 2410 quod
1203 2329 1341 2391 dedisset
1373 2351 1481 2392 coram
1505 2333 1610 2413 judice
1635 2348 1668 2394 et

403 2438 475 2498 aliis
488 2438 596 2518 probis
620 2437 695 2497 viris
713 2437 816 2498 eidem
830 2436 1000 2497 Dominico
1018 2436 1146 2517 plenam
1162 2436 1344 2498 facultatem
1363 2436 1429 2518 jure
1448 2439 1665 2520 prosequendi

406 2544 568 2604 racionem
585 2543 742 2604 dictorum
758 2544 868 2619 boum,
886 2555 939 2602 aut
963 2543 1109 2624 perderet
1126 2555 1180 2603 aut
1197 2543 1332 2602 lucraret
1349 2543 1457 2602 omnia
1471 2544 1536 2624 pati
1562 2544 1670 2606 vellet.

509 2650 586 2711 ltem
604 2648 745 2731 prefatus
762 2649 864 2709 Lucas
882 2649 1029 2712 Ribaricz
1046 2650 1246 2730 proponebat
1263 2649 1288 2708 si
1307 2662 1414 2729 posset
1435 2649 1557 2730 aliquid
1575 2671 1671 2730 agere

404 2755 498 2818 etde
523 2757 672 2836 predictis
696 2757 799 2817 bobus
833 2755 985 2816 rehabere
1022 2755 1061 2814 de
1095 2755 1150 2815 illo
1184 2774 1256 2815 cum
1281 2774 1347 2835 quo
1379 2754 1562 2816 habuerunt
1586 2757 1670 2835 lites,

402 2877 479 2926 tunc
503 2862 644 2945 prelatus
670 2863 859 2924 Dominicus
883 2863 979 2923 debet
1003 2859 1092 2922 lateri
1119 2861 1206 2941 quod
1232 2860 1318 2921 idem
1345 2861 1448 2922 Lucas
1473 2860 1532 2923 fuit
1556 2881 1670 2923 conso-

403 2971 470 3030 cius
495 2971 525 3031 in
551 2970 671 3030 eisdem
698 2971 801 3030 bobus
826 2969 856 3029 in
883 2969 1060 3049 dampnum
1085 2981 1116 3028 et
1140 2968 1172 3028 in
1197 2967 1335 3030 lucrum.

509 3077 587 3137 ltem
612 3077 643 3136 in
669 3095 763 3136 cansa
796 3076 876 3135 inter
909 3074 1045 3135 Paulum
1078 3073 1275 3134 aurifabrum
1308 3087 1339 3134 et
1363 3075 1547 3136 Maxianum
1574 3075 1668 3155 jurati

402 3181 679 3262 adjudicaverunt,
704 3182 792 3264 quod
819 3183 986 3243 Maxianns
1010 3181 1127 3263 jurabit
1144 3201 1239 3262 super
1264 3201 1314 3258 eo,
1339 3181 1426 3262 quod
1451 3185 1572 3263 absque
1588 3183 1669 3243 scito

402 3308 460 3350 suo
486 3305 516 3350 et
540 3290 596 3350 lilii
621 3290 668 3350 sui
694 3289 793 3350 nichil
810 3288 1006 3369 comparavit
1020 3307 1124 3368 neque
1144 3285 1218 3348 fecit
1241 3286 1300 3347 sibi
1326 3287 1459 3368 aliquod
1478 3288 1669 3369 dampnum,

402 3409 432 3455 et
457 3395 573 3469 jurabit
598 3395 674 3456 feria
699 3409 785 3456 sexta
811 3395 955 3476 proxime
981 3410 1125 3455 ventura.

509 3502 584 3562 ltem
612 3503 642 3562 in
668 3522 761 3562 causa
787 3503 868 3562 inter
893 3501 1038 3562 Fermela
1063 3513 1095 3561 et
1125 3499 1327 3562 Clementem
1363 3501 1550 3582 jobagiones
1576 3503 1666 3563 Pauli

402 3606 551 3668 aurilabri
577 3623 607 3669 et
631 3607 785 3670 lobannis
811 3607 960 3668 Soldinar
981 3607 1073 3685 jurati
1107 3605 1382 3686 adjudicaverunt,
1407 3607 1495 3687 quod
1513 3607 1667 3670 Clemens

402 3715 583 3776 mettercius
608 3715 724 3794 jurabit
747 3713 824 3774 feria
849 3725 934 3774 sexta
960 3713 1105 3794 proxime
1137 3727 1282 3790 ventura,
1307 3713 1396 3793 quod
1421 3713 1488 3794 ipse
1513 3713 1667 3776 Clemens

402 3840 465 3881 non
492 3821 592 3883 aravit
623 3821 704 3882 circa
737 3835 851 3881 terram
884 3839 973 3880 suam
1000 3831 1030 3879 et
1063 3838 1166 3899 neque
1203 3819 1288 3879 viam
1322 3838 1527 3881 communem
1560 3841 1667 3902 neque

401 3929 543 4008 aliquam
568 3942 705 4003 metam;
730 3941 760 3988 et
785 3928 862 3987 dum
880 3926 1021 4006 deponet
1042 3925 1257 4005 juramentum
1275 3940 1351 3986 tunc
1370 3925 1515 3986 Fermela
1541 3926 1574 3987 lit
1590 3947 1666 3987 con-

401 4034 502 4094 victus
527 4036 557 4094 in
583 4034 732 4115 potencia
758 4048 788 4094 et
812 4032 988 4114 predictam
1015 4051 1141 4092 causam
1167 4031 1234 4112 ipse
1260 4031 1407 4092 Fermela
1433 4033 1609 4113 appellavit
1634 4034 1667 4094 in

400 4141 599 4220 presenciam
625 4141 788 4200 seniorum
807 4139 949 4220 iudicum
975 4138 1014 4198 ad
1033 4151 1182 4198 octavum
1209 4137 1295 4198 diem
1321 4139 1467 4219 proxime
1484 4153 1668 4202 vetaturum.

506 4247 583 4308 ltem
610 4249 640 4307 in
667 4267 759 4309 causa
786 4247 868 4307 inter
900 4243 1036 4305 Paulum
1070 4242 1267 4305 aurifabrum
1292 4259 1322 4306 et
1355 4244 1534 4305 lohannem
1561 4245 1668 4306 Soldi-

400 4354 506 4414 naricz
531 4355 658 4414 racione
683 4353 904 4414 translacionis
937 4363 967 4412 et
999 4351 1198 4432 acceptionis
1230 4351 1397 4412 cuiusdam
1428 4351 1610 4431 jobagionis
1635 4353 1668 4413 in

400 4474 504 4539 nocte,
522 4460 672 4541 quitquid
691 4460 722 4520 in
748 4473 840 4520 nocte
858 4457 976 4519 factum
1003 4471 1058 4536 est,
1076 4459 1101 4518 si
1120 4458 1235 4539 aliquis
1253 4473 1299 4519 est
1315 4459 1400 4520 lesus
1417 4459 1468 4519 vel
1494 4457 1667 4540 dampnifi·

398 4581 496 4646 catus,
521 4567 612 4646 jurati
638 4566 911 4646 adjudicaverunt,
936 4565 1023 4645 quod
1049 4563 1198 4645 quitquid
1224 4564 1356 4641 invenit,
1381 4565 1534 4646 paciatur.

505 4673 582 4732 ltem
615 4675 646 4733 in
680 4693 772 4732 causa
805 4673 887 4733 inter
922 4671 1111 4732 Michaelem
1146 4671 1224 4731 alias
1257 4672 1383 4732 Marusa
1420 4685 1450 4731 et
1483 4671 1665 4732 lohannem

400 4777 600 4840 Soldinaricz
626 4780 752 4839 racione
778 4779 984 4840 serviciorum
1019 4776 1162 4838 eiusdem
1189 4776 1354 4838 Michaelis
1378 4776 1473 4858 jurati
1499 4777 1664 4856 adjudica-

399 4901 522 4964 xerunt,
548 4887 635 4966 quod
662 4887 745 4946 idem
773 4887 934 4946 lohannes
960 4885 1160 4946 Soldinaricz
1179 4881 1258 4946 infra
1283 4886 1416 4948 tercium
1436 4885 1521 4945 diem
1548 4886 1667 4947 debeat

399 4993 560 5053 exsolvere
586 4993 717 5054 servicia
743 4993 842 5072 ipsius
868 4992 1043 5052 Michaelis.

924 5139 956 5144 -—
974 5131 1132 5148 W*—
