<?xml version="1.0" encoding="UTF-8"?>
<!DOCTYPE html PUBLIC "-//W3C//DTD XHTML 1.0 Transitional//EN"
    "http://www.w3.org/TR/xhtml1/DTD/xhtml1-transitional.dtd">
<html xmlns="http://www.w3.org/1999/xhtml" xml:lang="en" lang="en">
 <head>
  <title>
</title>
<meta http-equiv="Content-Type" content="text/html;charset=utf-8" />
  <meta name='ocr-system' content='tesseract 3.04.00' />
  <meta name='ocr-capabilities' content='ocr_page ocr_carea ocr_par ocr_line ocrx_word'/>
</head>
<body>
  <div class='ocr_page' id='page_1' title='image "./monumentahistor13laszgoog_0444.png"; bbox 0 0 3838 5786; ppageno 0'>
   <div class='ocr_carea' id='block_1_1' title="bbox 413 577 1680 1088">
    <p class='ocr_par' dir='ltr' id='par_1_1' title="bbox 415 577 1262 658">
     <span class='ocr_line' id='line_1_1' title="bbox 415 577 1262 658; baseline 0.005 -20"><span class='ocrx_word' id='word_1_1' title='bbox 415 577 478 658; x_wconf 85' lang='lat'>384</span> <span class='ocrx_word' id='word_1_2' title='bbox 822 579 909 639; x_wconf 81' lang='lat' dir='ltr'>Anno</span> <span class='ocrx_word' id='word_1_3' title='bbox 933 593 1020 658; x_wconf 82' lang='lat'><em>1471.</em></span> <span class='ocrx_word' id='word_1_4' title='bbox 1047 615 1087 624; x_wconf 85' lang='lat'>—</span> <span class='ocrx_word' id='word_1_5' title='bbox 1110 595 1160 642; x_wconf 83' lang='lat'>10.</span> <span class='ocrx_word' id='word_1_6' title='bbox 1183 583 1262 642; x_wconf 80' lang='lat' dir='ltr'>maii.</span> 
     </span>
    </p>

    <p class='ocr_par' dir='ltr' id='par_1_2' title="bbox 413 791 1680 1088">
     <span class='ocr_line' id='line_1_2' title="bbox 414 791 1680 874; baseline 0 -23"><span class='ocrx_word' id='word_1_7' title='bbox 414 791 509 852; x_wconf 89' lang='lat' dir='ltr'>debet</span> <span class='ocrx_word' id='word_1_8' title='bbox 534 792 637 872; x_wconf 87' lang='lat' dir='ltr'>jurare</span> <span class='ocrx_word' id='word_1_9' title='bbox 663 793 817 854; x_wconf 89' lang='lat' dir='ltr'>solusmet</span> <span class='ocrx_word' id='word_1_10' title='bbox 842 793 873 852; x_wconf 92' lang='lat' dir='ltr'>in</span> <span class='ocrx_word' id='word_1_11' title='bbox 899 812 950 852; x_wconf 86' lang='lat' dir='ltr'>ara</span> <span class='ocrx_word' id='word_1_12' title='bbox 969 807 1075 853; x_wconf 88' lang='lat' dir='ltr'>sancte</span> <span class='ocrx_word' id='word_1_13' title='bbox 1094 793 1208 854; x_wconf 85' lang='lat' dir='ltr'>Crucis</span> <span class='ocrx_word' id='word_1_14' title='bbox 1225 791 1364 854; x_wconf 87' lang='lat' dir='ltr'>secunda</span> <span class='ocrx_word' id='word_1_15' title='bbox 1391 792 1467 853; x_wconf 85' lang='lat' dir='ltr'>l&#39;eria</span> <span class='ocrx_word' id='word_1_16' title='bbox 1491 793 1588 854; x_wconf 84' lang='lat' dir='ltr'>tercia</span> <span class='ocrx_word' id='word_1_17' title='bbox 1606 807 1680 874; x_wconf 90' lang='lat' dir='ltr'>post</span> 
     </span>
     <span class='ocr_line' id='line_1_3' title="bbox 414 898 1679 982; baseline 0.001 -23"><span class='ocrx_word' id='word_1_18' title='bbox 414 898 528 961; x_wconf 88' lang='lat' dir='ltr'>festum</span> <span class='ocrx_word' id='word_1_19' title='bbox 556 900 758 962; x_wconf 72' lang='lat' dir='ltr'>{aventionis</span> <span class='ocrx_word' id='word_1_20' title='bbox 782 913 889 962; x_wconf 90' lang='lat' dir='ltr'>sancte</span> <span class='ocrx_word' id='word_1_21' title='bbox 921 899 1044 978; x_wconf 85' lang='lat' dir='ltr'>Crucis,</span> <span class='ocrx_word' id='word_1_22' title='bbox 1077 900 1165 981; x_wconf 92' lang='lat' dir='ltr'>quod</span> <span class='ocrx_word' id='word_1_23' title='bbox 1195 901 1260 982; x_wconf 89' lang='lat' dir='ltr'>ipse</span> <span class='ocrx_word' id='word_1_24' title='bbox 1292 914 1412 981; x_wconf 84' lang='lat' dir='ltr'>septem</span> <span class='ocrx_word' id='word_1_25' title='bbox 1438 899 1506 960; x_wconf 87' lang='lat' dir='ltr'>flor.</span> <span class='ocrx_word' id='word_1_26' title='bbox 1532 901 1679 980; x_wconf 81' lang='lat' dir='ltr'>exposuit</span> 
     </span>
     <span class='ocr_line' id='line_1_4' title="bbox 413 1005 1368 1088; baseline 0.002 -22"><span class='ocrx_word' id='word_1_27' title='bbox 413 1005 454 1066; x_wconf 91' lang='lat' dir='ltr'>ad</span> <span class='ocrx_word' id='word_1_28' title='bbox 479 1005 563 1088; x_wconf 91' lang='lat' dir='ltr'>ipsas</span> <span class='ocrx_word' id='word_1_29' title='bbox 587 1007 694 1068; x_wconf 81' lang='lat' dir='ltr'>literas</span> <span class='ocrx_word' id='word_1_30' title='bbox 718 1007 803 1087; x_wconf 81' lang='lat' dir='ltr'>regie</span> <span class='ocrx_word' id='word_1_31' title='bbox 830 1006 1004 1067; x_wconf 80' lang='lat' dir='ltr'>Maiestatis</span> <span class='ocrx_word' id='word_1_32' title='bbox 1028 1027 1086 1088; x_wconf 91' lang='lat' dir='ltr'>pro</span> <span class='ocrx_word' id='word_1_33' title='bbox 1111 1006 1233 1068; x_wconf 89' lang='lat' dir='ltr'>eisdem</span> <span class='ocrx_word' id='word_1_34' title='bbox 1258 1007 1368 1068; x_wconf 89' lang='lat' dir='ltr'>literis.</span> 
     </span>
    </p>
   </div>
   <div class='ocr_carea' id='block_1_2' title="bbox 412 1129 1680 2065">
    <p class='ocr_par' dir='ltr' id='par_1_3' title="bbox 413 1129 1680 1512">
     <span class='ocr_line' id='line_1_5' title="bbox 520 1129 1677 1214; baseline -0.001 -24"><span class='ocrx_word' id='word_1_35' title='bbox 520 1130 598 1191; x_wconf 90' lang='lat' dir='ltr'>ltem</span> <span class='ocrx_word' id='word_1_36' title='bbox 623 1131 697 1212; x_wconf 91' lang='lat' dir='ltr'>quia</span> <span class='ocrx_word' id='word_1_37' title='bbox 725 1131 842 1192; x_wconf 89' lang='lat' dir='ltr'>Micula</span> <span class='ocrx_word' id='word_1_38' title='bbox 869 1129 1014 1214; x_wconf 88' lang='lat' dir='ltr'>Galoych</span> <span class='ocrx_word' id='word_1_39' title='bbox 1033 1145 1064 1192; x_wconf 90' lang='lat' dir='ltr'>et</span> <span class='ocrx_word' id='word_1_40' title='bbox 1089 1129 1271 1213; x_wconf 87' lang='lat' dir='ltr'>Stephanus</span> <span class='ocrx_word' id='word_1_41' title='bbox 1296 1129 1437 1193; x_wconf 91' lang='lat' dir='ltr'>Berthun</span> <span class='ocrx_word' id='word_1_42' title='bbox 1464 1129 1582 1191; x_wconf 91' lang='lat' dir='ltr'>debent</span> <span class='ocrx_word' id='word_1_43' title='bbox 1606 1129 1677 1210; x_wconf 94' lang='lat' dir='ltr'>qui-</span> 
     </span>
     <span class='ocr_line' id='line_1_6' title="bbox 413 1234 1680 1319; baseline 0 -23"><span class='ocrx_word' id='word_1_44' title='bbox 413 1236 493 1298; x_wconf 91' lang='lat' dir='ltr'>libet</span> <span class='ocrx_word' id='word_1_45' title='bbox 516 1237 703 1300; x_wconf 89' lang='lat' dir='ltr'>terciusmet</span> <span class='ocrx_word' id='word_1_46' title='bbox 727 1257 799 1298; x_wconf 90' lang='lat' dir='ltr'>cum</span> <span class='ocrx_word' id='word_1_47' title='bbox 826 1237 971 1319; x_wconf 89' lang='lat' dir='ltr'>personis</span> <span class='ocrx_word' id='word_1_48' title='bbox 995 1237 1041 1298; x_wconf 88' lang='lat' dir='ltr'>eis</span> <span class='ocrx_word' id='word_1_49' title='bbox 1072 1237 1234 1298; x_wconf 87' lang='lat' dir='ltr'>similibus</span> <span class='ocrx_word' id='word_1_50' title='bbox 1259 1236 1363 1317; x_wconf 89' lang='lat' dir='ltr'>jurare</span> <span class='ocrx_word' id='word_1_51' title='bbox 1396 1236 1541 1318; x_wconf 86' lang='lat' dir='ltr'>proxime</span> <span class='ocrx_word' id='word_1_52' title='bbox 1574 1234 1680 1296; x_wconf 85' lang='lat' dir='ltr'>futura</span> 
     </span>
     <span class='ocr_line' id='line_1_7' title="bbox 413 1341 1680 1426; baseline -0.001 -23"><span class='ocrx_word' id='word_1_53' title='bbox 413 1341 517 1424; x_wconf 88' lang='lat' dir='ltr'>(feria)</span> <span class='ocrx_word' id='word_1_54' title='bbox 543 1344 651 1422; x_wconf 87' lang='lat' dir='ltr'>tercia,</span> <span class='ocrx_word' id='word_1_55' title='bbox 675 1343 779 1426; x_wconf 87' lang='lat' dir='ltr'>jurare</span> <span class='ocrx_word' id='word_1_56' title='bbox 816 1345 944 1405; x_wconf 88' lang='lat' dir='ltr'>racione</span> <span class='ocrx_word' id='word_1_57' title='bbox 968 1344 1159 1425; x_wconf 87' lang='lat' dir='ltr'>suspicionis</span> <span class='ocrx_word' id='word_1_58' title='bbox 1176 1342 1249 1404; x_wconf 80' lang='lat' dir='ltr'>furti</span> <span class='ocrx_word' id='word_1_59' title='bbox 1269 1343 1333 1404; x_wconf 93' lang='lat' dir='ltr'>vini</span> <span class='ocrx_word' id='word_1_60' title='bbox 1351 1344 1397 1404; x_wconf 89' lang='lat' dir='ltr'>sui</span> <span class='ocrx_word' id='word_1_61' title='bbox 1424 1342 1512 1424; x_wconf 93' lang='lat' dir='ltr'>quod</span> <span class='ocrx_word' id='word_1_62' title='bbox 1538 1343 1596 1424; x_wconf 90' lang='lat' dir='ltr'>ipsi</span> <span class='ocrx_word' id='word_1_63' title='bbox 1615 1361 1680 1403; x_wconf 92' lang='lat' dir='ltr'>non</span> 
     </span>
     <span class='ocr_line' id='line_1_8' title="bbox 413 1449 988 1512; baseline 0.003 -3"><span class='ocrx_word' id='word_1_64' title='bbox 413 1450 638 1512; x_wconf 86' lang='lat' dir='ltr'>subtraxerunt</span> <span class='ocrx_word' id='word_1_65' title='bbox 661 1450 721 1511; x_wconf 91' lang='lat' dir='ltr'>sibi</span> <span class='ocrx_word' id='word_1_66' title='bbox 747 1449 858 1511; x_wconf 91' lang='lat' dir='ltr'>vinum</span> <span class='ocrx_word' id='word_1_67' title='bbox 883 1470 988 1512; x_wconf 91' lang='lat' dir='ltr'>suum.</span> 
     </span>
    </p>

    <p class='ocr_par' dir='ltr' id='par_1_4' title="bbox 412 1555 1680 2065">
     <span class='ocr_line' id='line_1_9' title="bbox 520 1555 1680 1640; baseline -0.003 -23"><span class='ocrx_word' id='word_1_68' title='bbox 520 1555 596 1618; x_wconf 86' lang='lat' dir='ltr'>Item</span> <span class='ocrx_word' id='word_1_69' title='bbox 632 1558 706 1638; x_wconf 89' lang='lat' dir='ltr'>quia</span> <span class='ocrx_word' id='word_1_70' title='bbox 742 1556 884 1640; x_wconf 87' lang='lat' dir='ltr'>Gywrlro</span> <span class='ocrx_word' id='word_1_71' title='bbox 916 1571 1005 1619; x_wconf 89' lang='lat' dir='ltr'>sutor</span> <span class='ocrx_word' id='word_1_72' title='bbox 1038 1557 1305 1640; x_wconf 84' lang='lat' dir='ltr'>Hennygoyczyn</span> <span class='ocrx_word' id='word_1_73' title='bbox 1337 1569 1448 1618; x_wconf 89' lang='lat' dir='ltr'>contra</span> <span class='ocrx_word' id='word_1_74' title='bbox 1480 1555 1615 1617; x_wconf 90' lang='lat' dir='ltr'>Paulum</span> <span class='ocrx_word' id='word_1_75' title='bbox 1641 1555 1680 1615; x_wconf 92' lang='lat' dir='ltr'>de</span> 
     </span>
     <span class='ocr_line' id='line_1_10' title="bbox 415 1661 1679 1725; baseline -0.002 -1"><span class='ocrx_word' id='word_1_76' title='bbox 415 1663 579 1725; x_wconf 89' lang='lat' dir='ltr'>Corbauia</span> <span class='ocrx_word' id='word_1_77' title='bbox 611 1663 820 1725; x_wconf 88' lang='lat' dir='ltr'>castellanum</span> <span class='ocrx_word' id='word_1_78' title='bbox 855 1664 894 1724; x_wconf 89' lang='lat' dir='ltr'>de</span> <span class='ocrx_word' id='word_1_79' title='bbox 927 1664 1068 1724; x_wconf 91' lang='lat' dir='ltr'>Zomzed</span> <span class='ocrx_word' id='word_1_80' title='bbox 1109 1665 1237 1725; x_wconf 89' lang='lat' dir='ltr'>racione</span> <span class='ocrx_word' id='word_1_81' title='bbox 1270 1663 1485 1725; x_wconf 89' lang='lat' dir='ltr'>concessionis</span> <span class='ocrx_word' id='word_1_82' title='bbox 1518 1677 1549 1724; x_wconf 90' lang='lat' dir='ltr'>et</span> <span class='ocrx_word' id='word_1_83' title='bbox 1580 1661 1679 1722; x_wconf 90' lang='lat' dir='ltr'>debiti</span> 
     </span>
     <span class='ocr_line' id='line_1_11' title="bbox 413 1767 1679 1852; baseline -0.002 -22"><span class='ocrx_word' id='word_1_84' title='bbox 413 1783 486 1831; x_wconf 90' lang='lat' dir='ltr'>octo</span> <span class='ocrx_word' id='word_1_85' title='bbox 511 1769 579 1832; x_wconf 91' lang='lat' dir='ltr'>flor.</span> <span class='ocrx_word' id='word_1_86' title='bbox 606 1770 674 1831; x_wconf 89' lang='lat' dir='ltr'>auri</span> <span class='ocrx_word' id='word_1_87' title='bbox 699 1769 803 1851; x_wconf 87' lang='lat' dir='ltr'>jurare</span> <span class='ocrx_word' id='word_1_88' title='bbox 827 1771 989 1832; x_wconf 91' lang='lat' dir='ltr'>tenebitur</span> <span class='ocrx_word' id='word_1_89' title='bbox 1024 1770 1180 1832; x_wconf 90' lang='lat' dir='ltr'>solusmet</span> <span class='ocrx_word' id='word_1_90' title='bbox 1204 1767 1281 1832; x_wconf 84' lang='lat' dir='ltr'>feria</span> <span class='ocrx_word' id='word_1_91' title='bbox 1313 1771 1410 1832; x_wconf 83' lang='lat' dir='ltr'>tercia</span> <span class='ocrx_word' id='word_1_92' title='bbox 1435 1769 1580 1852; x_wconf 81' lang='lat' dir='ltr'>proxime</span> <span class='ocrx_word' id='word_1_93' title='bbox 1604 1787 1679 1829; x_wconf 90' lang='lat' dir='ltr'>ven·</span> 
     </span>
     <span class='ocr_line' id='line_1_12' title="bbox 413 1874 1679 1958; baseline 0 -22"><span class='ocrx_word' id='word_1_94' title='bbox 413 1889 484 1936; x_wconf 91' lang='lat' dir='ltr'>tura</span> <span class='ocrx_word' id='word_1_95' title='bbox 510 1876 541 1936; x_wconf 92' lang='lat' dir='ltr'>in</span> <span class='ocrx_word' id='word_1_96' title='bbox 568 1896 620 1937; x_wconf 89' lang='lat' dir='ltr'>ara</span> <span class='ocrx_word' id='word_1_97' title='bbox 653 1891 759 1938; x_wconf 89' lang='lat' dir='ltr'>sancte</span> <span class='ocrx_word' id='word_1_98' title='bbox 785 1875 909 1955; x_wconf 87' lang='lat' dir='ltr'>Crucis,</span> <span class='ocrx_word' id='word_1_99' title='bbox 940 1875 1028 1958; x_wconf 91' lang='lat' dir='ltr'>quod</span> <span class='ocrx_word' id='word_1_100' title='bbox 1054 1876 1122 1958; x_wconf 92' lang='lat' dir='ltr'>ipse</span> <span class='ocrx_word' id='word_1_101' title='bbox 1147 1895 1211 1938; x_wconf 92' lang='lat' dir='ltr'>non</span> <span class='ocrx_word' id='word_1_102' title='bbox 1245 1875 1442 1958; x_wconf 81' lang='lat' dir='ltr'>obligaretur</span> <span class='ocrx_word' id='word_1_103' title='bbox 1467 1875 1570 1938; x_wconf 92' lang='lat' dir='ltr'>eidem</span> <span class='ocrx_word' id='word_1_104' title='bbox 1597 1874 1679 1955; x_wconf 90' lang='lat' dir='ltr'>quit-</span> 
     </span>
     <span class='ocr_line' id='line_1_13' title="bbox 412 1983 1480 2065; baseline 0.003 -22"><span class='ocrx_word' id='word_1_105' title='bbox 412 2002 521 2063; x_wconf 85' lang='lat' dir='ltr'>quam,</span> <span class='ocrx_word' id='word_1_106' title='bbox 546 1983 601 2044; x_wconf 92' lang='lat' dir='ltr'>sed</span> <span class='ocrx_word' id='word_1_107' title='bbox 626 1983 765 2045; x_wconf 89' lang='lat' dir='ltr'>eundem</span> <span class='ocrx_word' id='word_1_108' title='bbox 791 2003 849 2065; x_wconf 93' lang='lat' dir='ltr'>pro</span> <span class='ocrx_word' id='word_1_109' title='bbox 873 2003 932 2045; x_wconf 87' lang='lat' dir='ltr'>suo</span> <span class='ocrx_word' id='word_1_110' title='bbox 957 1983 1067 2045; x_wconf 89' lang='lat' dir='ltr'>debito</span> <span class='ocrx_word' id='word_1_111' title='bbox 1093 1983 1229 2046; x_wconf 92' lang='lat' dir='ltr'>omnino</span> <span class='ocrx_word' id='word_1_112' title='bbox 1254 1997 1480 2046; x_wconf 86' lang='lat' dir='ltr'>contentasset.</span> 
     </span>
    </p>
   </div>
   <div class='ocr_carea' id='block_1_3' title="bbox 413 2218 1677 2436">
    <p class='ocr_par' dir='ltr' id='par_1_5' title="bbox 413 2218 1677 2436">
     <span class='ocr_line' id='line_1_14' title="bbox 413 2218 1677 2314; baseline -0.001 -23"><span class='ocrx_word' id='word_1_113' title='bbox 413 2218 511 2292; x_wconf 82' lang='lat' dir='ltr'>Feria</span> <span class='ocrx_word' id='word_1_114' title='bbox 539 2229 635 2292; x_wconf 85' lang='lat' dir='ltr'>sexta</span> <span class='ocrx_word' id='word_1_115' title='bbox 674 2225 827 2310; x_wconf 85' lang='lat' dir='ltr'>proxima</span> <span class='ocrx_word' id='word_1_116' title='bbox 856 2229 932 2312; x_wconf 87' lang='lat' dir='ltr'>post</span> <span class='ocrx_word' id='word_1_117' title='bbox 970 2222 1092 2295; x_wconf 77' lang='lat' dir='ltr'>testum</span> <span class='ocrx_word' id='word_1_118' title='bbox 1120 2221 1355 2314; x_wconf 76' lang='lat' dir='ltr'>Apparicionis</span> <span class='ocrx_word' id='word_1_119' title='bbox 1384 2219 1474 2294; x_wconf 86' lang='lat' dir='ltr'>beati</span> <span class='ocrx_word' id='word_1_120' title='bbox 1504 2220 1677 2294; x_wconf 80' lang='lat' dir='ltr'>Michaelis</span> 
     </span>
     <span class='ocr_line' id='line_1_15' title="bbox 943 2345 1146 2436; baseline 0.005 -19"><span class='ocrx_word' id='word_1_121' title='bbox 943 2345 1146 2436; x_wconf 79' lang='lat' dir='ltr'>archangeli.</span> 
     </span>
    </p>
   </div>
   <div class='ocr_carea' id='block_1_4' title="bbox 954 2517 1134 2593">
    <p class='ocr_par' dir='ltr' id='par_1_6' title="bbox 954 2517 1134 2593">
     <span class='ocr_line' id='line_1_16' title="bbox 954 2517 1134 2593; baseline 0.017 -19"><span class='ocrx_word' id='word_1_122' title='bbox 954 2517 1017 2593; x_wconf 89' lang='lat' dir='ltr'>(ro.</span> <span class='ocrx_word' id='word_1_123' title='bbox 1041 2518 1134 2584; x_wconf 67' lang='lat' dir='ltr'>mail).</span> 
     </span>
    </p>
   </div>
   <div class='ocr_carea' id='block_1_5' title="bbox 412 2673 1676 3822">
    <p class='ocr_par' dir='ltr' id='par_1_7' title="bbox 414 2673 1676 3075">
     <span class='ocr_line' id='line_1_17' title="bbox 521 2673 1674 2760; baseline -0.003 -24"><span class='ocrx_word' id='word_1_124' title='bbox 521 2675 597 2736; x_wconf 90' lang='lat' dir='ltr'>ltem</span> <span class='ocrx_word' id='word_1_125' title='bbox 612 2675 687 2756; x_wconf 89' lang='lat' dir='ltr'>quia</span> <span class='ocrx_word' id='word_1_126' title='bbox 706 2673 848 2757; x_wconf 88' lang='lat' dir='ltr'>Gywrlro</span> <span class='ocrx_word' id='word_1_127' title='bbox 862 2689 950 2736; x_wconf 90' lang='lat' dir='ltr'>sutor</span> <span class='ocrx_word' id='word_1_128' title='bbox 968 2675 1237 2760; x_wconf 87' lang='lat' dir='ltr'>Hennygoychyn</span> <span class='ocrx_word' id='word_1_129' title='bbox 1263 2677 1376 2754; x_wconf 89' lang='lat' dir='ltr'>dictus,</span> <span class='ocrx_word' id='word_1_130' title='bbox 1394 2675 1534 2736; x_wconf 90' lang='lat' dir='ltr'>concivis</span> <span class='ocrx_word' id='word_1_131' title='bbox 1559 2687 1674 2750; x_wconf 85' lang='lat' dir='ltr'>noster,</span> 
     </span>
     <span class='ocr_line' id='line_1_18' title="bbox 414 2780 1674 2860; baseline -0.002 -17"><span class='ocrx_word' id='word_1_132' title='bbox 414 2796 522 2843; x_wconf 91' lang='lat' dir='ltr'>contra</span> <span class='ocrx_word' id='word_1_133' title='bbox 550 2782 684 2842; x_wconf 87' lang='lat' dir='ltr'>Paulum</span> <span class='ocrx_word' id='word_1_134' title='bbox 714 2781 752 2841; x_wconf 91' lang='lat' dir='ltr'>de</span> <span class='ocrx_word' id='word_1_135' title='bbox 778 2780 940 2843; x_wconf 90' lang='lat' dir='ltr'>Corbauia</span> <span class='ocrx_word' id='word_1_136' title='bbox 972 2783 1179 2844; x_wconf 88' lang='lat' dir='ltr'>castellanum</span> <span class='ocrx_word' id='word_1_137' title='bbox 1205 2783 1245 2843; x_wconf 89' lang='lat' dir='ltr'>de</span> <span class='ocrx_word' id='word_1_138' title='bbox 1270 2781 1491 2860; x_wconf 83' lang='lat' dir='ltr'>Zomzedwar‚</span> <span class='ocrx_word' id='word_1_139' title='bbox 1516 2780 1674 2860; x_wconf 89' lang='lat' dir='ltr'>juramen-</span> 
     </span>
     <span class='ocr_line' id='line_1_19' title="bbox 415 2886 1676 2970; baseline -0.003 -21"><span class='ocrx_word' id='word_1_140' title='bbox 415 2903 482 2949; x_wconf 92' lang='lat' dir='ltr'>tum</span> <span class='ocrx_word' id='word_1_141' title='bbox 508 2888 567 2948; x_wconf 91' lang='lat' dir='ltr'>sibi</span> <span class='ocrx_word' id='word_1_142' title='bbox 594 2886 811 2960; x_wconf 87' lang='lat' dir='ltr'>adiudicatum</span> <span class='ocrx_word' id='word_1_143' title='bbox 837 2889 964 2949; x_wconf 91' lang='lat' dir='ltr'>racione</span> <span class='ocrx_word' id='word_1_144' title='bbox 989 2889 1205 2950; x_wconf 89' lang='lat' dir='ltr'>concessionis</span> <span class='ocrx_word' id='word_1_145' title='bbox 1222 2903 1295 2951; x_wconf 89' lang='lat' dir='ltr'>octo</span> <span class='ocrx_word' id='word_1_146' title='bbox 1319 2888 1389 2950; x_wconf 92' lang='lat' dir='ltr'>flor.</span> <span class='ocrx_word' id='word_1_147' title='bbox 1413 2887 1549 2970; x_wconf 87' lang='lat' dir='ltr'>prestitit</span> <span class='ocrx_word' id='word_1_148' title='bbox 1567 2899 1601 2946; x_wconf 91' lang='lat' dir='ltr'>ut</span> <span class='ocrx_word' id='word_1_149' title='bbox 1624 2886 1676 2945; x_wconf 91' lang='lat' dir='ltr'>de·</span> 
     </span>
     <span class='ocr_line' id='line_1_20' title="bbox 417 2995 824 3075; baseline 0.002 -21"><span class='ocrx_word' id='word_1_150' title='bbox 417 2995 496 3072; x_wconf 90' lang='lat' dir='ltr'>buit,</span> <span class='ocrx_word' id='word_1_151' title='bbox 521 3008 601 3054; x_wconf 88' lang='lat' dir='ltr'>etse</span> <span class='ocrx_word' id='word_1_152' title='bbox 626 2995 824 3075; x_wconf 85' lang='lat' dir='ltr'>expurgavit.</span> 
     </span>
    </p>

    <p class='ocr_par' dir='ltr' id='par_1_8' title="bbox 412 3101 1676 3375">
     <span class='ocr_line' id='line_1_21' title="bbox 519 3101 1674 3183; baseline -0.003 -21"><span class='ocrx_word' id='word_1_153' title='bbox 519 3102 596 3162; x_wconf 88' lang='lat' dir='ltr'>ltem</span> <span class='ocrx_word' id='word_1_154' title='bbox 622 3102 696 3182; x_wconf 90' lang='lat' dir='ltr'>quia</span> <span class='ocrx_word' id='word_1_155' title='bbox 722 3101 922 3182; x_wconf 86' lang='lat' dir='ltr'>Margaretha</span> <span class='ocrx_word' id='word_1_156' title='bbox 953 3101 1118 3183; x_wconf 88' lang='lat' dir='ltr'>Hungara,</span> <span class='ocrx_word' id='word_1_157' title='bbox 1149 3103 1234 3164; x_wconf 85' lang='lat' dir='ltr'>Pana</span> <span class='ocrx_word' id='word_1_158' title='bbox 1267 3103 1362 3180; x_wconf 86' lang='lat' dir='ltr'>dicta,</span> <span class='ocrx_word' id='word_1_159' title='bbox 1388 3115 1498 3164; x_wconf 86' lang='lat' dir='ltr'>contra</span> <span class='ocrx_word' id='word_1_160' title='bbox 1524 3101 1674 3181; x_wconf 86' lang='lat' dir='ltr'>Egidium</span> 
     </span>
     <span class='ocr_line' id='line_1_22' title="bbox 412 3206 1676 3288; baseline -0.003 -20"><span class='ocrx_word' id='word_1_161' title='bbox 412 3207 452 3268; x_wconf 93' lang='lat' dir='ltr'>de</span> <span class='ocrx_word' id='word_1_162' title='bbox 478 3207 583 3268; x_wconf 83' lang='lat' dir='ltr'>Mlalra</span> <span class='ocrx_word' id='word_1_163' title='bbox 607 3208 774 3268; x_wconf 89' lang='lat' dir='ltr'>concivem</span> <span class='ocrx_word' id='word_1_164' title='bbox 800 3223 955 3286; x_wconf 87' lang='lat' dir='ltr'>nostrum,</span> <span class='ocrx_word' id='word_1_165' title='bbox 985 3209 1033 3268; x_wconf 91' lang='lat' dir='ltr'>bis</span> <span class='ocrx_word' id='word_1_166' title='bbox 1057 3210 1150 3270; x_wconf 81' lang='lat' dir='ltr'>citata</span> <span class='ocrx_word' id='word_1_167' title='bbox 1176 3209 1386 3288; x_wconf 81' lang='lat' dir='ltr'>adjudicium</span> <span class='ocrx_word' id='word_1_168' title='bbox 1406 3227 1471 3270; x_wconf 90' lang='lat' dir='ltr'>non</span> <span class='ocrx_word' id='word_1_169' title='bbox 1497 3206 1676 3288; x_wconf 89' lang='lat' dir='ltr'>comparuit</span> 
     </span>
     <span class='ocr_line' id='line_1_23' title="bbox 414 3313 650 3375; baseline 0.004 -1"><span class='ocrx_word' id='word_1_170' title='bbox 414 3333 520 3374; x_wconf 85' lang='lat' dir='ltr'>coram</span> <span class='ocrx_word' id='word_1_171' title='bbox 547 3313 650 3375; x_wconf 91' lang='lat' dir='ltr'>nobis.</span> 
     </span>
    </p>

    <p class='ocr_par' dir='ltr' id='par_1_9' title="bbox 413 3419 1674 3822">
     <span class='ocr_line' id='line_1_24' title="bbox 520 3419 1674 3502; baseline -0.001 -24"><span class='ocrx_word' id='word_1_172' title='bbox 520 3419 595 3480; x_wconf 87' lang='lat' dir='ltr'>ltem</span> <span class='ocrx_word' id='word_1_173' title='bbox 630 3439 723 3480; x_wconf 89' lang='lat' dir='ltr'>causa</span> <span class='ocrx_word' id='word_1_174' title='bbox 757 3421 838 3480; x_wconf 92' lang='lat' dir='ltr'>inter</span> <span class='ocrx_word' id='word_1_175' title='bbox 872 3419 1028 3481; x_wconf 85' lang='lat' dir='ltr'>famulum</span> <span class='ocrx_word' id='word_1_176' title='bbox 1063 3421 1186 3482; x_wconf 90' lang='lat' dir='ltr'>domini</span> <span class='ocrx_word' id='word_1_177' title='bbox 1221 3421 1353 3502; x_wconf 92' lang='lat' dir='ltr'>Georgii</span> <span class='ocrx_word' id='word_1_178' title='bbox 1386 3419 1603 3482; x_wconf 88' lang='lat' dir='ltr'>archidiaconi</span> <span class='ocrx_word' id='word_1_179' title='bbox 1637 3419 1674 3477; x_wconf 93' lang='lat' dir='ltr'>de</span> 
     </span>
     <span class='ocr_line' id='line_1_25' title="bbox 414 3525 1674 3589; baseline -0.002 -3"><span class='ocrx_word' id='word_1_180' title='bbox 414 3526 580 3586; x_wconf 89' lang='lat' dir='ltr'>Wrboucz</span> <span class='ocrx_word' id='word_1_181' title='bbox 606 3539 636 3586; x_wconf 90' lang='lat' dir='ltr'>et</span> <span class='ocrx_word' id='word_1_182' title='bbox 654 3526 735 3587; x_wconf 89' lang='lat' dir='ltr'>inter</span> <span class='ocrx_word' id='word_1_183' title='bbox 760 3525 843 3586; x_wconf 82' lang='lat' dir='ltr'>lxvan</span> <span class='ocrx_word' id='word_1_184' title='bbox 862 3541 1003 3588; x_wconf 90' lang='lat' dir='ltr'>sutorem</span> <span class='ocrx_word' id='word_1_185' title='bbox 1030 3528 1060 3587; x_wconf 92' lang='lat' dir='ltr'>in</span> <span class='ocrx_word' id='word_1_186' title='bbox 1078 3547 1208 3589; x_wconf 87' lang='lat' dir='ltr'>causam</span> <span class='ocrx_word' id='word_1_187' title='bbox 1226 3543 1393 3589; x_wconf 86' lang='lat' dir='ltr'>attractum</span> <span class='ocrx_word' id='word_1_188' title='bbox 1419 3526 1547 3588; x_wconf 90' lang='lat' dir='ltr'>racione</span> <span class='ocrx_word' id='word_1_189' title='bbox 1565 3525 1674 3586; x_wconf 89' lang='lat' dir='ltr'>vulne·</span> 
     </span>
     <span class='ocr_line' id='line_1_26' title="bbox 415 3629 1674 3716; baseline -0.001 -24"><span class='ocrx_word' id='word_1_190' title='bbox 415 3632 550 3692; x_wconf 89' lang='lat' dir='ltr'>racionis</span> <span class='ocrx_word' id='word_1_191' title='bbox 575 3631 717 3692; x_wconf 90' lang='lat' dir='ltr'>eiusdem</span> <span class='ocrx_word' id='word_1_192' title='bbox 736 3629 848 3693; x_wconf 87' lang='lat' dir='ltr'>famuli</span> <span class='ocrx_word' id='word_1_193' title='bbox 866 3633 1009 3694; x_wconf 89' lang='lat' dir='ltr'>eiusdem</span> <span class='ocrx_word' id='word_1_194' title='bbox 1029 3635 1152 3696; x_wconf 89' lang='lat' dir='ltr'>domini</span> <span class='ocrx_word' id='word_1_195' title='bbox 1172 3635 1304 3716; x_wconf 89' lang='lat' dir='ltr'>Georgii</span> <span class='ocrx_word' id='word_1_196' title='bbox 1323 3650 1370 3708; x_wconf 87' lang='lat' dir='ltr'>cst</span> <span class='ocrx_word' id='word_1_197' title='bbox 1387 3649 1557 3716; x_wconf 82' lang='lat' dir='ltr'>prorogata</span> <span class='ocrx_word' id='word_1_198' title='bbox 1575 3651 1674 3712; x_wconf 89' lang='lat' dir='ltr'>usque</span> 
     </span>
     <span class='ocr_line' id='line_1_27' title="bbox 413 3737 1672 3822; baseline 0.001 -25"><span class='ocrx_word' id='word_1_199' title='bbox 413 3737 452 3798; x_wconf 94' lang='lat' dir='ltr'>ad</span> <span class='ocrx_word' id='word_1_200' title='bbox 480 3737 619 3818; x_wconf 90' lang='lat' dir='ltr'>primum</span> <span class='ocrx_word' id='word_1_201' title='bbox 637 3737 792 3816; x_wconf 86' lang='lat' dir='ltr'>judicium</span> <span class='ocrx_word' id='word_1_202' title='bbox 811 3739 835 3798; x_wconf 90' lang='lat' dir='ltr'>si</span> <span class='ocrx_word' id='word_1_203' title='bbox 855 3753 1004 3819; x_wconf 90' lang='lat' dir='ltr'>poterunt</span> <span class='ocrx_word' id='word_1_204' title='bbox 1022 3741 1217 3802; x_wconf 89' lang='lat' dir='ltr'>concordare</span> <span class='ocrx_word' id='word_1_205' title='bbox 1231 3742 1358 3802; x_wconf 90' lang='lat' dir='ltr'>easdem</span> <span class='ocrx_word' id='word_1_206' title='bbox 1374 3756 1478 3822; x_wconf 89' lang='lat' dir='ltr'>partes</span> <span class='ocrx_word' id='word_1_207' title='bbox 1495 3740 1587 3822; x_wconf 93' lang='lat' dir='ltr'>probi</span> <span class='ocrx_word' id='word_1_208' title='bbox 1606 3739 1672 3798; x_wconf 92' lang='lat' dir='ltr'>viri.</span> 
     </span>
    </p>
   </div>
   <div class='ocr_carea' id='block_1_6' title="bbox 414 3861 1672 4156">
    <p class='ocr_par' dir='ltr' id='par_1_10' title="bbox 414 3861 1672 4156">
     <span class='ocr_line' id='line_1_28' title="bbox 519 3861 1671 3944; baseline 0.003 -24"><span class='ocrx_word' id='word_1_209' title='bbox 519 3861 595 3922; x_wconf 91' lang='lat' dir='ltr'>ltem</span> <span class='ocrx_word' id='word_1_210' title='bbox 621 3863 695 3942; x_wconf 91' lang='lat' dir='ltr'>quia</span> <span class='ocrx_word' id='word_1_211' title='bbox 722 3862 858 3923; x_wconf 87' lang='lat' dir='ltr'>Michael</span> <span class='ocrx_word' id='word_1_212' title='bbox 876 3866 1080 3944; x_wconf 87' lang='lat' dir='ltr'>pukxmester</span> <span class='ocrx_word' id='word_1_213' title='bbox 1096 3880 1205 3928; x_wconf 86' lang='lat' dir='ltr'>contra</span> <span class='ocrx_word' id='word_1_214' title='bbox 1236 3867 1388 3927; x_wconf 87' lang='lat' dir='ltr'>Mathiam</span> <span class='ocrx_word' id='word_1_215' title='bbox 1414 3867 1492 3926; x_wconf 84' lang='lat' dir='ltr'>alias</span> <span class='ocrx_word' id='word_1_216' title='bbox 1516 3863 1671 3926; x_wconf 87' lang='lat' dir='ltr'>famulum</span> 
     </span>
     <span class='ocr_line' id='line_1_29' title="bbox 414 3967 1672 4054; baseline 0.001 -27"><span class='ocrx_word' id='word_1_217' title='bbox 414 3967 547 4027; x_wconf 79' lang='lat' dir='ltr'>Antonii</span> <span class='ocrx_word' id='word_1_218' title='bbox 572 3969 702 4028; x_wconf 87' lang='lat' dir='ltr'>sartoris</span> <span class='ocrx_word' id='word_1_219' title='bbox 734 3969 862 4030; x_wconf 89' lang='lat' dir='ltr'>racione</span> <span class='ocrx_word' id='word_1_220' title='bbox 890 3971 1126 4032; x_wconf 89' lang='lat' dir='ltr'>verberacionis</span> <span class='ocrx_word' id='word_1_221' title='bbox 1159 3973 1258 4054; x_wconf 89' lang='lat' dir='ltr'>ipsius</span> <span class='ocrx_word' id='word_1_222' title='bbox 1280 3972 1398 4034; x_wconf 80' lang='lat' dir='ltr'>Mathia</span> <span class='ocrx_word' id='word_1_223' title='bbox 1431 3973 1536 4053; x_wconf 92' lang='lat' dir='ltr'>primo</span> <span class='ocrx_word' id='word_1_224' title='bbox 1561 3970 1672 4032; x_wconf 84' lang='lat' dir='ltr'>citatus</span> 
     </span>
     <span class='ocr_line' id='line_1_30' title="bbox 414 4075 1145 4156; baseline 0.01 -22"><span class='ocrx_word' id='word_1_225' title='bbox 414 4093 478 4136; x_wconf 89' lang='lat' dir='ltr'>non</span> <span class='ocrx_word' id='word_1_226' title='bbox 504 4075 683 4156; x_wconf 90' lang='lat' dir='ltr'>comparuit</span> <span class='ocrx_word' id='word_1_227' title='bbox 708 4075 740 4136; x_wconf 91' lang='lat' dir='ltr'>in</span> <span class='ocrx_word' id='word_1_228' title='bbox 765 4075 884 4156; x_wconf 80' lang='lat' dir='ltr'>iudicio</span> <span class='ocrx_word' id='word_1_229' title='bbox 909 4095 1016 4138; x_wconf 90' lang='lat' dir='ltr'>coram</span> <span class='ocrx_word' id='word_1_230' title='bbox 1043 4079 1145 4142; x_wconf 88' lang='lat' dir='ltr'>nobis.</span> 
     </span>
    </p>
   </div>
   <div class='ocr_carea' id='block_1_7' title="bbox 412 4197 1674 4920">
    <p class='ocr_par' dir='ltr' id='par_1_11' title="bbox 412 4197 1674 4704">
     <span class='ocr_line' id='line_1_31' title="bbox 518 4197 1674 4286; baseline 0.003 -29"><span class='ocrx_word' id='word_1_231' title='bbox 518 4197 596 4258; x_wconf 90' lang='lat' dir='ltr'>Item</span> <span class='ocrx_word' id='word_1_232' title='bbox 622 4199 697 4279; x_wconf 90' lang='lat' dir='ltr'>quia</span> <span class='ocrx_word' id='word_1_233' title='bbox 722 4199 925 4262; x_wconf 86' lang='lat' dir='ltr'>fideiussores</span> <span class='ocrx_word' id='word_1_234' title='bbox 950 4221 1007 4284; x_wconf 93' lang='lat' dir='ltr'>pro</span> <span class='ocrx_word' id='word_1_235' title='bbox 1026 4202 1182 4264; x_wconf 89' lang='lat' dir='ltr'>Michacle</span> <span class='ocrx_word' id='word_1_236' title='bbox 1207 4204 1344 4286; x_wconf 87' lang='lat' dir='ltr'>pellifice</span> <span class='ocrx_word' id='word_1_237' title='bbox 1369 4202 1570 4286; x_wconf 88' lang='lat' dir='ltr'>Naspichycb</span> <span class='ocrx_word' id='word_1_238' title='bbox 1589 4201 1674 4279; x_wconf 89' lang='lat' dir='ltr'>dicti,</span> 
     </span>
     <span class='ocr_line' id='line_1_32' title="bbox 412 4303 1672 4387; baseline 0.005 -24"><span class='ocrx_word' id='word_1_239' title='bbox 412 4303 466 4383; x_wconf 90' lang='lat' dir='ltr'>qui</span> <span class='ocrx_word' id='word_1_240' title='bbox 492 4303 595 4384; x_wconf 92' lang='lat' dir='ltr'>ipsum</span> <span class='ocrx_word' id='word_1_241' title='bbox 621 4305 660 4365; x_wconf 90' lang='lat' dir='ltr'>ad</span> <span class='ocrx_word' id='word_1_242' title='bbox 687 4305 824 4387; x_wconf 91' lang='lat' dir='ltr'>primum</span> <span class='ocrx_word' id='word_1_243' title='bbox 849 4305 1004 4386; x_wconf 83' lang='lat' dir='ltr'>judicium</span> <span class='ocrx_word' id='word_1_244' title='bbox 1022 4309 1047 4368; x_wconf 92' lang='lat' dir='ltr'>si</span> <span class='ocrx_word' id='word_1_245' title='bbox 1069 4328 1133 4370; x_wconf 94' lang='lat' dir='ltr'>non</span> <span class='ocrx_word' id='word_1_246' title='bbox 1163 4311 1373 4373; x_wconf 88' lang='lat' dir='ltr'>concordaret</span> <span class='ocrx_word' id='word_1_247' title='bbox 1396 4329 1470 4374; x_wconf 92' lang='lat' dir='ltr'>cum</span> <span class='ocrx_word' id='word_1_248' title='bbox 1494 4309 1672 4385; x_wconf 88' lang='lat' dir='ltr'>scolastico,</span> 
     </span>
     <span class='ocr_line' id='line_1_33' title="bbox 413 4410 1674 4498; baseline 0.004 -29"><span class='ocrx_word' id='word_1_249' title='bbox 413 4423 444 4470; x_wconf 93' lang='lat' dir='ltr'>et</span> <span class='ocrx_word' id='word_1_250' title='bbox 468 4410 541 4490; x_wconf 88' lang='lat' dir='ltr'>quia</span> <span class='ocrx_word' id='word_1_251' title='bbox 568 4430 632 4470; x_wconf 91' lang='lat' dir='ltr'>non</span> <span class='ocrx_word' id='word_1_252' title='bbox 658 4413 875 4490; x_wconf 86' lang='lat' dir='ltr'>concordavit,</span> <span class='ocrx_word' id='word_1_253' title='bbox 900 4433 958 4475; x_wconf 89' lang='lat' dir='ltr'>nec</span> <span class='ocrx_word' id='word_1_254' title='bbox 976 4413 1080 4494; x_wconf 90' lang='lat' dir='ltr'>ipsum</span> <span class='ocrx_word' id='word_1_255' title='bbox 1099 4414 1289 4477; x_wconf 87' lang='lat' dir='ltr'>Michaelem</span> <span class='ocrx_word' id='word_1_256' title='bbox 1309 4415 1480 4498; x_wconf 87' lang='lat' dir='ltr'>pellificem</span> <span class='ocrx_word' id='word_1_257' title='bbox 1498 4417 1529 4476; x_wconf 92' lang='lat' dir='ltr'>in</span> <span class='ocrx_word' id='word_1_258' title='bbox 1556 4414 1674 4496; x_wconf 83' lang='lat' dir='ltr'>judicio</span> 
     </span>
     <span class='ocr_line' id='line_1_34' title="bbox 413 4517 1674 4602; baseline 0.004 -26"><span class='ocrx_word' id='word_1_259' title='bbox 413 4535 519 4576; x_wconf 87' lang='lat' dir='ltr'>coram</span> <span class='ocrx_word' id='word_1_260' title='bbox 546 4517 639 4577; x_wconf 92' lang='lat' dir='ltr'>nobis</span> <span class='ocrx_word' id='word_1_261' title='bbox 663 4533 896 4599; x_wconf 89' lang='lat' dir='ltr'>presentarunt,</span> <span class='ocrx_word' id='word_1_262' title='bbox 928 4521 1113 4582; x_wconf 87' lang='lat' dir='ltr'>scolasticus</span> <span class='ocrx_word' id='word_1_263' title='bbox 1137 4541 1213 4583; x_wconf 91' lang='lat' dir='ltr'>vero</span> <span class='ocrx_word' id='word_1_264' title='bbox 1246 4523 1277 4584; x_wconf 93' lang='lat' dir='ltr'>in</span> <span class='ocrx_word' id='word_1_265' title='bbox 1304 4524 1418 4585; x_wconf 92' lang='lat' dir='ltr'>eodem</span> <span class='ocrx_word' id='word_1_266' title='bbox 1444 4521 1565 4602; x_wconf 84' lang='lat' dir='ltr'>judicio</span> <span class='ocrx_word' id='word_1_267' title='bbox 1590 4541 1674 4584; x_wconf 92' lang='lat' dir='ltr'>com·</span> 
     </span>
     <span class='ocr_line' id='line_1_35' title="bbox 412 4624 776 4704; baseline 0.008 -22"><span class='ocrx_word' id='word_1_268' title='bbox 412 4624 516 4704; x_wconf 91' lang='lat' dir='ltr'>paruit</span> <span class='ocrx_word' id='word_1_269' title='bbox 541 4643 648 4684; x_wconf 84' lang='lat' dir='ltr'>coram</span> <span class='ocrx_word' id='word_1_270' title='bbox 674 4625 776 4686; x_wconf 92' lang='lat' dir='ltr'>nobis.</span> 
     </span>
    </p>

    <p class='ocr_par' dir='ltr' id='par_1_12' title="bbox 413 4728 1671 4920">
     <span class='ocr_line' id='line_1_36' title="bbox 519 4728 1671 4815; baseline 0.004 -26"><span class='ocrx_word' id='word_1_271' title='bbox 519 4728 596 4790; x_wconf 90' lang='lat' dir='ltr'>ltem</span> <span class='ocrx_word' id='word_1_272' title='bbox 621 4749 748 4791; x_wconf 88' lang='lat' dir='ltr'>causam</span> <span class='ocrx_word' id='word_1_273' title='bbox 781 4731 862 4792; x_wconf 90' lang='lat' dir='ltr'>inter</span> <span class='ocrx_word' id='word_1_274' title='bbox 887 4731 1078 4794; x_wconf 87' lang='lat' dir='ltr'>Michaelem</span> <span class='ocrx_word' id='word_1_275' title='bbox 1112 4734 1258 4815; x_wconf 88' lang='lat' dir='ltr'>longum,</span> <span class='ocrx_word' id='word_1_276' title='bbox 1283 4749 1317 4796; x_wconf 92' lang='lat' dir='ltr'>ut</span> <span class='ocrx_word' id='word_1_277' title='bbox 1349 4749 1501 4813; x_wconf 91' lang='lat' dir='ltr'>actorem,</span> <span class='ocrx_word' id='word_1_278' title='bbox 1526 4748 1557 4796; x_wconf 91' lang='lat' dir='ltr'>et</span> <span class='ocrx_word' id='word_1_279' title='bbox 1581 4735 1671 4796; x_wconf 92' lang='lat' dir='ltr'>Nico·</span> 
     </span>
     <span class='ocr_line' id='line_1_37' title="bbox 413 4835 1668 4920; baseline 0.002 -24"><span class='ocrx_word' id='word_1_280' title='bbox 413 4836 499 4896; x_wconf 87' lang='lat' dir='ltr'>laum</span> <span class='ocrx_word' id='word_1_281' title='bbox 526 4835 670 4919; x_wconf 89' lang='lat' dir='ltr'>Galoych</span> <span class='ocrx_word' id='word_1_282' title='bbox 697 4839 823 4898; x_wconf 89' lang='lat' dir='ltr'>racione</span> <span class='ocrx_word' id='word_1_283' title='bbox 850 4841 1086 4900; x_wconf 87' lang='lat' dir='ltr'>verberacionis</span> <span class='ocrx_word' id='word_1_284' title='bbox 1118 4840 1181 4902; x_wconf 89' lang='lat' dir='ltr'>filie</span> <span class='ocrx_word' id='word_1_285' title='bbox 1213 4861 1280 4920; x_wconf 91' lang='lat' dir='ltr'>sue,</span> <span class='ocrx_word' id='word_1_286' title='bbox 1305 4845 1470 4904; x_wconf 91' lang='lat' dir='ltr'>convictus</span> <span class='ocrx_word' id='word_1_287' title='bbox 1494 4855 1541 4903; x_wconf 93' lang='lat' dir='ltr'>est</span> <span class='ocrx_word' id='word_1_288' title='bbox 1566 4855 1668 4904; x_wconf 88' lang='lat' dir='ltr'>contra</span> 
     </span>
    </p>
   </div>
   <div class='ocr_carea' id='block_1_8' title="bbox 412 4943 1667 5107">
    <p class='ocr_par' dir='ltr' id='par_1_13' title="bbox 412 4943 1667 5107">
     <span class='ocr_line' id='line_1_38' title="bbox 412 4943 1667 5026; baseline 0.005 -25"><span class='ocrx_word' id='word_1_289' title='bbox 412 4943 515 5021; x_wconf 90' lang='lat' dir='ltr'>ipsum</span> <span class='ocrx_word' id='word_1_290' title='bbox 542 4943 733 5004; x_wconf 89' lang='lat' dir='ltr'>Michaelem</span> <span class='ocrx_word' id='word_1_291' title='bbox 759 4945 788 5004; x_wconf 94' lang='lat' dir='ltr'>in</span> <span class='ocrx_word' id='word_1_292' title='bbox 816 4945 925 5006; x_wconf 89' lang='lat' dir='ltr'>decern</span> <span class='ocrx_word' id='word_1_293' title='bbox 952 4947 1059 5026; x_wconf 89' lang='lat' dir='ltr'>pensis</span> <span class='ocrx_word' id='word_1_294' title='bbox 1076 4959 1107 5007; x_wconf 93' lang='lat' dir='ltr'>et</span> <span class='ocrx_word' id='word_1_295' title='bbox 1127 4961 1237 5008; x_wconf 91' lang='lat' dir='ltr'>contra</span> <span class='ocrx_word' id='word_1_296' title='bbox 1262 4950 1527 5012; x_wconf 88' lang='lat' dir='ltr'>communitatem</span> <span class='ocrx_word' id='word_1_297' title='bbox 1546 4963 1667 5010; x_wconf 88' lang='lat' dir='ltr'>centum</span> 
     </span>
     <span class='ocr_line' id='line_1_39' title="bbox 412 5047 560 5107; baseline 0.007 -1"><span class='ocrx_word' id='word_1_298' title='bbox 412 5047 560 5107; x_wconf 90' lang='lat' dir='ltr'>denariis.</span> 
     </span>
    </p>
   </div>
   <div class='ocr_carea' id='block_1_9' title="bbox 0 0 1924 5786">
    <p class='ocr_par' dir='ltr' id='par_1_14' title="bbox 0 0 1924 5786">
     <span class='ocr_line' id='line_1_40' title="bbox 0 0 1924 5786; baseline 0 0"><span class='ocrx_word' id='word_1_299' title='bbox 0 0 1924 5786; x_wconf 95' lang='lat' dir='ltr'> </span> 
     </span>
    </p>
   </div>
  </div>
 </body>
</html>
