3694 5782
371 511 434 590 256
790 510 991 588 Anao1464.
1018 543 1058 553 -
1080 523 1114 585 9.
1131 511 1224 587 junii.

475 724 552 785 ltem
586 742 714 784 causam
748 723 830 783 inter
866 721 1027 784 Marinum
1060 719 1161 783 filium
1187 721 1300 782 Klario
1332 720 1372 783 de
1397 720 1527 802 Segnia,
1558 719 1637 780 alias

365 830 505 911 judicem
532 843 563 891 et
579 830 746 892 concivem
771 843 928 907 nostrum,
945 842 980 890 ut
996 841 1137 889 actorem
1153 829 1193 890 ab
1210 847 1284 906 uns,
1308 847 1345 889 ac
1362 827 1443 888 inter
1466 825 1636 908 providam

367 935 533 997 dominam
559 935 734 997 Katherina
766 949 924 1013 vocatam,
955 933 1099 996 relictam
1131 933 1269 996 condam
1300 933 1428 1016 providi
1451 931 1512 994 viri
1538 930 1636 993 Blasii

367 1041 423 1104 lilii
448 1042 577 1104 Thome
596 1043 797 1124 Wgrinoycli
823 1041 911 1120 dicti,
935 1041 1014 1103 olim
1039 1041 1132 1120 jurati
1150 1054 1181 1102 et
1193 1041 1335 1103 concivis
1352 1039 1464 1118 nostri,
1490 1038 1636 1120 partibus

366 1151 405 1210 ab
430 1149 541 1228 altera,
565 1168 623 1231 per
652 1148 864 1211 literatorium
898 1147 1085 1209 mandatum
1118 1147 1313 1210 serenissimi
1345 1146 1500 1230 principis
1524 1158 1556 1206 et
1579 1143 1637 1204 do·

366 1256 457 1335 mini,
481 1255 606 1316 domini
632 1255 752 1316 Mathie
784 1255 868 1336 regis
893 1254 1058 1336 Hungarie
1093 1267 1163 1332 etc,
1196 1253 1321 1316 domini
1347 1253 1445 1314 nostri
1471 1249 1637 1326 naturalis,

367 1363 496 1423 racione
521 1361 735 1444 quarumdam
760 1363 953 1440 stacionum,
982 1361 1167 1439 domorum,
1192 1359 1367 1422 fundorum
1393 1359 1425 1420 in
1450 1358 1535 1420 dicta
1561 1357 1636 1418 civi·

368 1482 431 1530 tate
465 1468 646 1530 habitarum
671 1481 702 1529 ct
734 1469 955 1546 existencium,
987 1468 1115 1529 racione
1147 1486 1285 1549 quarum
1309 1467 1489 1528 stacionum
1524 1479 1556 1526 et
1579 1462 1636 1523 do·

369 1595 496 1636 morum
529 1589 602 1637 ante
626 1587 710 1636 certa
742 1575 918 1657 retrolapsa
950 1587 1095 1657 tempora
1129 1575 1193 1636 litis
1223 1587 1254 1636 et
1291 1573 1471 1656 questionis
1503 1570 1635 1633 materia

367 1681 594 1742 coram'nobis
626 1694 712 1742 mota
738 1679 848 1742 luisset
881 1695 912 1743 et
946 1701 1001 1763 per
1040 1700 1098 1742 nos
1122 1679 1315 1760 adjudicata,
1359 1695 1391 1742 et
1413 1678 1545 1741 tandem
1579 1695 1635 1758 per

367 1785 526 1870 prelatum
551 1786 689 1848 condant
725 1786 866 1848 Blasium
901 1787 1080 1848 institorem
1112 1787 1153 1848 ad
1178 1786 1385 1868 magnificum
1420 1787 1524 1848 virum
1559 1782 1636 1845 Gre-

366 1893 493 1974 gorium
521 1891 613 1954 Bodo
646 1892 780 1970 dictum,
805 1908 921 1955 eotunc
954 1893 1141 1975 magistrum
1174 1893 1444 1956 chawarnicorum
1478 1891 1634 1972 regalium

368 2018 440 2060 cum
466 1999 557 2060 totali
590 2017 649 2059 suo
682 2018 832 2080 processu
866 2013 897 2062 et
928 1999 1174 2080 adjudicacione
1208 2000 1400 2083 appellatam
1430 2013 1461 2061 et
1486 2017 1542 2080 per
1567 2016 1635 2078 pre·

368 2103 467 2166 latum
493 2103 681 2185 magistrum
705 2104 975 2168 thawarnicorum
1009 2107 1164 2187 regalium
1198 2105 1336 2169 finaliter
1360 2119 1391 2167 et
1414 2103 1635 2166 sentenciona·

368 2211 439 2271 liter
463 2209 691 2290 adjudicatam,
716 2211 941 2292 cuiusquidem
958 2211 1212 2293 adjudicationis
1236 2212 1299 2294 jam
1317 2213 1429 2294 quinta
1454 2210 1637 2294 preterisset

367 2316 533 2377 revolucio
556 2316 715 2396 annualis,
740 2331 771 2378 et
795 2318 870 2399 quia
894 2317 925 2378 in
951 2338 1037 2380 anno
1062 2320 1153 2381 cuius
1177 2319 1239 2401 jam
1257 2318 1399 2381 secunda
1424 2319 1520 2378 instat
1544 2333 1635 2376 revo-

367 2423 453 2484 lucio
478 2423 637 2502 annualis,
663 2421 740 2485 feria
764 2424 916 2488 videlicet
938 2426 1035 2487 tercia
1053 2427 1198 2508 proxima
1224 2439 1297 2508 post
1320 2424 1438 2487 festum
1462 2424 1636 2486 Resurrec-

367 2529 469 2591 cionis
493 2529 629 2608 domini,
653 2531 854 2612 preteritum,
885 2551 944 2614 pro
968 2545 1057 2614 parte
1090 2545 1121 2594 et
1145 2533 1177 2594 in
1208 2552 1346 2615 persona
1378 2529 1493 2613 prelati
1520 2529 1636 2592 Marini

367 2635 446 2696 alias
469 2634 584 2716 judicis
609 2649 639 2696 et
663 2635 805 2698 concivis
829 2638 940 2716 nostri,
968 2637 1093 2720 prelato
1125 2638 1261 2700 domino
1285 2651 1395 2700 nostro
1421 2637 1545 2698 Mathie
1569 2634 1636 2714 regi

367 2743 473 2804 taliter
489 2757 702 2825 conquestum
728 2744 842 2824 existit,
867 2745 955 2826 quod
973 2746 1048 2808 licet
1073 2747 1140 2830 ipse
1158 2747 1302 2809 Marinus
1318 2745 1520 2829 temporibus
1538 2757 1638 2805 retro·

367 2849 464 2931 lapsis
487 2849 646 2933 ,videlicet
679 2849 711 2911 in
744 2871 830 2912 anno
855 2850 986 2912 Domini
1020 2852 1175 2916 MCCCC
1208 2853 1479 2936 quinquagesimo
1511 2864 1638 2926 octavo,

368 2953 445 3017 seria
476 2969 562 3016 sexta
595 2956 741 3038 proxima
774 2972 846 3038 post
879 2957 995 3020 festum
1030 2959 1232 3022 lnvencionis
1262 2974 1369 3022 sancte
1403 2959 1529 3037 Crucis,
1561 2971 1639 3018 tunc

369 3061 568 3144 preteritum,
592 3062 710 3144 elapsa,
743 3063 1010 3146 circumspectum
1038 3066 1180 3128 Blasium
1213 3067 1363 3148 juratum,
1387 3066 1537 3128 similiter
1560 3084 1638 3125 con·

369 3167 472 3229 civem
497 3180 643 3230 nostrum
667 3169 858 3250 predictum,
883 3171 915 3230 in
940 3170 1024 3233 lacto
1049 3172 1235 3235 earumdem
1260 3173 1440 3236 stacionum
1464 3183 1497 3234 et
1521 3171 1639 3232 domus

370 3289 494 3336 mutate
519 3293 555 3335 ac
580 3274 671 3336 luridi
697 3277 728 3336 in
754 3276 838 3338 dicta
856 3278 983 3340 civitate
1009 3279 1091 3341 inter
1107 3281 1241 3342 domum
1266 3295 1425 3342 muratam
1449 3293 1481 3341 et
1498 3277 1637 3340 lundurn

371 3379 503 3461 Georgii
529 3395 559 3441 et
585 3381 742 3444 L0douici
760 3403 796 3444 ac
822 3384 985 3446 Dorothee
1001 3384 1065 3446 filie
1090 3387 1228 3448 condam
1253 3386 1380 3469 providi
1398 3385 1540 3463 Thome,
1556 3385 1637 3446 olim

369 3485 462 3566 jurati
487 3500 518 3548 et
542 3487 683 3548 concivis
707 3490 804 3550 nostri
829 3489 885 3550 filii
918 3491 1056 3552 condam
1082 3491 1189 3554 Choni
1215 3493 1340 3574 judicis,
1379 3494 1419 3553 ab
1444 3492 1580 3570 oriente,
1606 3505 1636 3552 et

368 3593 449 3654 inter
474 3591 612 3655 fundum
636 3615 672 3655 ac
696 3596 871 3658 stacionem
897 3597 1010 3680 prelati
1036 3599 1134 3662 Blasii
1169 3599 1263 3681 jurati
1288 3603 1328 3662 ab
1354 3601 1521 3662 occidente
1547 3599 1639 3661 habi·

366 3715 470 3761 tarum
495 3713 525 3762 et
549 3701 770 3781 existencium,
795 3723 857 3784 que
882 3705 1033 3767 videlicet
1064 3707 1223 3769 staciones
1254 3721 1285 3768 et
1310 3707 1426 3768 domus
1451 3721 1577 3768 murata
1602 3725 1639 3767 ac

368 3804 458 3866 luridi
485 3807 605 3868 nobilis
629 3807 761 3870 domiue
787 3810 950 3873 Dorothee
975 3810 1040 3874 filie
1056 3811 1170 3895 prelati
1196 3812 1304 3876 Choni
1329 3813 1455 3894 judicis,
1480 3814 1640 3875 consortis

368 3931 443 3972 vcro
469 3912 626 3992 legittime
651 3913 784 3994 Georgii
810 3915 917 3999 Oxlyn
953 3917 1040 3996 dicti,
1065 3920 1105 3981 de
1129 3920 1234 4002 Reyn,
1267 3921 1508 4002 consanguinee
1534 3920 1639 4002 prela·

367 4031 473 4078 torum
492 4037 666 4098 puerorum
684 4021 784 4101 ipsius
808 4022 937 4085 Thome
955 4024 1047 4106 jurati
1066 4025 1250 4108 profuerant
1267 4041 1331 4088 eta
1349 4025 1473 4110 prefato
1491 4025 1640 4108 Georgio

374 4121 480 4204 Oxlyn
508 4124 538 4184 in
564 4126 708 4206 personis
739 4126 935 4208 prelatorum
967 4151 1141 4212 puerorum
1174 4153 1231 4215 per
1255 4133 1360 4214 ipsum
1394 4134 1556 4196 Marinum
1591 4135 1639 4217 ju·

370 4227 474 4290 dicem
498 4243 662 4311 tamquam
688 4250 927 4314 procuratorem
957 4251 988 4299 et
1020 4252 1234 4320 protectorem
1260 4261 1296 4302 ac
1329 4245 1527 4306 avunculum
1553 4244 1640 4326 ipso·

369 4351 438 4393 rum
464 4335 624 4416 vicinique
649 4336 841 4418 prefatorum
867 4343 1046 4405 stacionum
1071 4365 1106 4406 ac
1131 4345 1248 4408 domus
1285 4368 1343 4410 nec
1367 4369 1433 4410 non
1457 4346 1641 4412 fundorum

370 4451 399 4498 et
424 4442 737 4522 consanguineorum
756 4445 876 4526 prefate
901 4449 1033 4512 domine
1055 4452 1231 4532 Dorothee,
1256 4455 1334 4537 ipsis
1351 4457 1458 4538 pueris
1475 4477 1535 4537 pro
1552 4473 1640 4520 certa

371 4546 596 4622 peccuniarum
629 4551 805 4628 quantitate
837 4571 1019 4635 comparate
1051 4555 1182 4621 fuerunt
1212 4574 1243 4622 et
1275 4577 1393 4644 empte,
1417 4583 1435 4623 a
1460 4563 1641 4646 multisque

369 4651 568 4728 temporibus
601 4658 764 4717 retroactis
795 4678 850 4738 per
889 4662 1027 4724 eundem
1061 4665 1204 4728 Blasium
1237 4667 1377 4749 juratum
1409 4683 1576 4732 tentorum
1610 4687 1640 4733 et

370 4771 599 4836 possessorum,
624 4763 763 4823 eundem
788 4764 931 4828 Blasium
957 4769 1070 4830 ordine
1099 4771 1269 4852 judiciario
1295 4775 1328 4835 in
1353 4777 1556 4856 presenciam
1581 4797 1639 4840 no·

369 4870 463 4918 stram
497 4863 527 4920 in
559 4884 686 4926 causam
718 4871 954 4951 conveniendo,
986 4893 1045 4936 nos
1076 4877 1205 4940 easdem
1237 4881 1397 4942 stationes
1428 4901 1464 4942 ac
1501 4881 1639 4946 domurn

372 4979 527 5026 muratam
560 4985 590 5030 et
622 4970 739 5034 fundos
763 4995 800 5036 ex
833 4979 991 5041 revisione
1016 4981 1134 5062 jurium
1172 5001 1202 5046 et
1233 4987 1407 5050 literalium
1441 4989 1638 5053 instrumen-
