3852 5814
651 544 739 601 Anno
762 539 854 620 1476.
878 575 922 586 —
945 556 994 604 12.
1012 543 1165 618 januarii.
1476 563 1541 627 449

273 756 339 816 suis
365 755 473 816 literas
496 772 552 814 seu
577 752 645 835 jura
670 751 710 814 de
735 771 821 814 novo
846 751 931 831 dare,
957 753 1045 833 quod
1075 753 1167 815 liberi
1192 753 1254 813 sint
1279 753 1406 814 easdem
1432 767 1542 816 tenere

275 874 330 922 aut
353 880 420 941 quo
444 859 521 941 ipsis
545 859 701 940 placuerit
730 857 956 940 disponendas.

381 967 458 1028 item
485 984 613 1026 causam
641 965 722 1026 inter
737 963 918 1044 Georgium
943 965 1119 1048 Zala(r)ycz
1144 979 1174 1026 et
1193 965 1381 1028 Michaelem
1400 979 1541 1028 sutorem

276 1071 370 1155 jurati
396 1071 588 1153 iudicarunt,
613 1071 700 1152 quod
719 1071 814 1133 debet
837 1071 940 1152 jurare
966 1070 1078 1134 Gnrlro
1107 1072 1258 1156 Zalarycz
1285 1072 1374 1153 qnod
1399 1091 1457 1134 nec
1476 1073 1542 1155 ipse

276 1197 396 1260 equum
422 1177 590 1240 Michaelis
623 1196 681 1238 nec
712 1177 770 1238 scit
801 1178 874 1259 quis
905 1178 1086 1240 vulneravit
1115 1178 1220 1260 ipsum
1253 1197 1384 1259 equum,
1410 1179 1542 1240 tercius·

275 1298 340 1347 met
364 1284 456 1367 juret.

382 1392 459 1453 Item
485 1393 682 1454 Laurencius
707 1391 825 1473 Sporar
848 1403 1036 1473 procurator
1061 1390 1204 1452 eiusdem
1231 1389 1363 1472 Georgii
1389 1391 1542 1475 Zalarycz

275 1499 345 1579 ipso
370 1499 491 1580 jndicio
517 1517 582 1559 non
607 1511 787 1575 contentus,
812 1497 914 1579 ipsam
932 1516 1060 1558 causam
1086 1497 1261 1579 appellavit
1285 1497 1317 1558 in
1343 1498 1541 1580 presenciam

274 1605 450 1668 seniorum.

381 1712 459 1774 item
484 1731 611 1774 causam
638 1712 719 1772 inter
743 1709 952 1771 Valentinum
982 1708 1186 1791 freniparem‚
1218 1708 1401 1770 Johannnm
1428 1709 1537 1788 Pazar,

276 1817 430 1880 Mathiam
456 1818 641 1900 Symunycz
666 1829 697 1877 et
715 1816 928 1877 laurencium
948 1815 1067 1896 Sporar
1083 1815 1176 1896 jurati
1202 1814 1435 1896 judicaverunt,
1453 1815 1541 1896 quod

274 1945 375 2006 usque
401 1924 645 2006 quindecimum
670 1923 756 1983 diem
781 1921 922 1984 vendant
948 1921 1031 2003 ipsas
1053 1940 1101 1983 res
1127 1921 1305 1982 Frankonis
1330 1933 1360 1983 et
1381 1921 1483 1982 eciam
1508 1920 1540 1981 in

275 2031 478 2112 aliquantum
501 2029 696 2091 satisfaciant
721 2027 781 2110 ipsi
806 2027 999 2102 Valentino;
1028 2027 1084 2089 sed
1109 2027 1197 2108 quod
1223 2027 1324 2088 eciam
1349 2026 1540 2088 Valentinus

275 2136 415 2219 frenipar
440 2136 655 2216 juramentum
674 2149 814 2217 prestare
831 2133 926 2196 debet
943 2133 1030 2214 quod
1049 2133 1109 2194 sibi
1129 2133 1160 2194 in
1178 2133 1314 2194 minimo
1328 2133 1396 2214 ipse
1413 2131 1541 2193 Franko

274 2243 398 2305 nullam
423 2243 623 2304 solucionem
650 2241 818 2324 impendit.

381 2349 458 2410 item
485 2368 613 2410 causam
643 2348 725 2408 inter
750 2347 937 2408 Benkonem
956 2359 987 2409 et
1010 2347 1153 2408 relictam
1171 2347 1309 2428 Jendrey
1334 2346 1427 2428 jurati
1458 2344 1541 2426 judi-

275 2469 438 2534 caverunt,
463 2455 551 2537 quod
576 2455 675 2516 nichil
699 2454 904 2534 obligabatur
927 2454 987 2514 sibi
1009 2453 1140 2514 domina
1167 2453 1275 2516 relicta
1300 2453 1465 2530 Jendrecz,
1483 2451 1538 2514 sed

275 2563 334 2624 sibi
361 2563 392 2623 in
425 2575 590 2644 posterum
623 2579 733 2643 pacem
763 2560 877 2637 mittat,
910 2559 988 2641 quid
1021 2560 1080 2621 sibi
1113 2563 1208 2621 frater
1240 2561 1369 2621 miserat
1393 2557 1454 2620 hoc
1478 2558 1539 2619 sibi

275 2683 360 2730 extra
386 2668 497 2730 datum
523 2666 592 2744 fuit,
618 2666 707 2748 quod
732 2667 923 2748 comprobat
947 2666 1014 2748 ipsa
1043 2666 1175 2726 domina
1201 2665 1365 2728 Jendrecz.

382 2773 458 2836 ltem
485 2774 515 2834 in
542 2792 636 2834 causa
661 2772 744 2834 inter
772 2771 981 2832 Valentinum
1013 2772 1172 2832 seniorem
1205 2771 1344 2852 judicem
1370 2787 1400 2832 et
1423 2771 1540 2832 Valen-

275 2883 378 2944 tinum
411 2894 552 2942 sutorem
586 2878 677 2958 jurati
711 2877 933 2958 judicaverunt
965 2892 1094 2960 propter
1128 2879 1303 2959 quamdam
1336 2879 1448 2940 silvam
1486 2879 1539 2956 ita,

276 2987 363 3068 quod
388 2987 413 3047 si
439 2986 630 3047 Valentinus
654 2997 743 3046 sutor
760 2985 861 3065 ipsam
878 2985 990 3045 silvam
1018 2984 1134 3045 habere
1153 2997 1183 3045 et
1199 3005 1324 3048 servare
1350 2986 1428 3063 vult,
1451 2985 1539 3046 satis-

276 3093 369 3154 faciat
394 3114 430 3154 ex
456 3105 544 3174 parte
563 3092 657 3152 unius
674 3091 836 3172 porcionis
861 3091 955 3151 unius
972 3091 1074 3172 pueri,
1099 3091 1249 3152 videlicet
1277 3112 1312 3151 ex
1339 3105 1426 3172 parte
1444 3091 1539 3151 trium

276 3212 305 3260 et
330 3198 427 3259 medii
453 3197 522 3260 flor.
547 3197 626 3274 nuri,
651 3211 682 3258 et
706 3197 794 3278 quod
819 3215 921 3278 usque
951 3217 1035 3258 nunc
1067 3198 1204 3258 servavit
1228 3197 1353 3276 silvam,
1378 3197 1539 3278 potencia·

276 3305 347 3366 liter
371 3305 519 3367 servavit.

383 3411 460 3473 Item
487 3411 676 3473 Valentinus
700 3423 788 3471 sutor
820 3410 890 3492 ipso
915 3409 1035 3489 judicio
1068 3411 1244 3491 juratorum
1270 3429 1334 3471 non
1361 3425 1539 3489 contentus,

277 3519 377 3600 ipsam
402 3538 529 3580 causam
555 3516 729 3600 appellavit
754 3517 785 3577 in
813 3517 1010 3598 presenciam
1036 3517 1199 3579 seniorum
1224 3515 1378 3597 judicum.

278 3753 373 3827 Faria
403 3763 500 3827 sexta
529 3762 604 3844 post
632 3755 757 3826 festam
776 3753 1038 3842 Epiphaniarnm
1063 3753 1203 3838 Domini,
1232 3772 1290 3822 seu
1321 3759 1396 3840 post
1416 3751 1539 3823 festum

633 3876 722 3948 beati
752 3877 846 3949 Pauli
875 3879 975 3967 primi
1004 3877 1181 3948 Heremite.

674 4030 737 4109 (12.
755 4033 908 4106 januarii,
932 4049 1002 4092 ann.
1027 4029 1147 4110 1476).

382 4171 459 4233 ltem
484 4170 675 4232 Valentinus
708 4169 848 4252 lrenipar
880 4169 1096 4253 juramentum
1122 4170 1210 4251 quod
1242 4169 1353 4232 babuit
1377 4169 1538 4252 deponere

276 4291 406 4361 propter
430 4277 573 4338 debitum
599 4276 735 4338 condam
763 4276 942 4338 Frankonis
966 4277 1054 4359 quod
1083 4277 1141 4338 sibi
1168 4275 1341 4338 Valentino
1367 4275 1539 4356 debuisset,

276 4382 425 4466 deposuit
448 4383 506 4444 rite
531 4395 562 4443 et
590 4382 758 4464 legittime.

381 4488 459 4551 Item
485 4489 614 4550 Domlto
639 4487 723 4549 filius
748 4488 903 4550 Johannis
920 4489 1061 4572 Peroycz
1086 4503 1195 4550 contra
1220 4489 1341 4551 dictum
1360 4489 1537 4551 Johannem

275 4593 415 4678 Peroycz
428 4595 571 4656 secundo
585 4596 699 4656 citatus
717 4616 779 4656 non
795 4597 985 4678 comparuit,
1000 4597 1032 4656 in
1049 4595 1148 4658 tercio
1166 4615 1351 4677 comparere
1368 4597 1538 4658 tenebitur.

382 4700 457 4761 ltem
484 4701 624 4782 quedam
650 4721 742 4763 causa
768 4701 849 4762 inter
874 4702 1073 4764 Demetrium
1096 4715 1249 4763 sartorem
1275 4701 1466 4763 modernum
1493 4701 1539 4780 ju„

275 4819 378 4867 ratum
404 4821 434 4868 et
466 4808 639 4888 quemdam
673 4808 757 4869 iwan
792 4807 949 4868 famulum
981 4808 1125 4868 eiusdem
1158 4828 1216 4869 nec
1248 4827 1313 4868 non
1346 4807 1538 4889 Gregorium

277 4909 406 4973 fratrem
431 4913 592 4974 seniorem
618 4914 717 4995 ipsius
749 4914 845 4992 Iwan,
878 4914 932 4995 qui
959 4914 1043 4975 iwan
1076 4915 1229 4975 recedens
1253 4915 1292 4975 ab
1317 4914 1387 4995 ipso
1413 4915 1539 4975 Domko

277 5037 349 5079 cum
375 5017 515 5100 quadam
534 5020 641 5080 tunica
659 5021 791 5082 vestitus
815 5040 911 5102 quam
935 5021 1001 5102 ipse
1020 5021 1203 5083 Demetrius
1231 5021 1350 5102 juratus
1367 5021 1540 5082 modernus

1433 5127 1473 5192 ²9
