3838 5786
420 570 487 632 444
817 555 904 613 Anno
927 565 1015 633 1475.
1041 589 1083 598 -
1105 569 1136 633 4.
1161 558 1290 630 augusti.

1578 665 1682 672 —-

422 766 563 827 cundum
589 767 865 848 adjudicacionem
883 766 1078 848 juratorum3
1103 767 1142 828 de
1160 787 1226 848 quo
1242 766 1363 850 judicIo
1388 768 1453 849 ipsa
1473 767 1605 828 domIna
1619 787 1685 829 non

421 886 570 934 contenta
595 873 770 956 appellavit
795 874 826 934 in
852 875 1050 955 presenciam
1076 875 1239 936 seniorum
1264 873 1418 955 judicum.

526 979 602 1040 Item
628 999 756 1041 causam
781 981 862 1042 inter
880 979 1073 1042 Michaelem
1098 993 1240 1042 sutorem
1265 993 1296 1041 et
1314 978 1514 1060 Stephanum
1537 980 1685 1042 slmiliter

420 1099 560 1146 sutorem
586 1085 680 1166 jurati
705 1085 981 1166 adjudicaverunt,
1006 1087 1170 1147 convictus
1199 1100 1246 1148 est
1270 1085 1451 1166 Stephanus
1476 1085 1625 1147 Michaeli
1651 1089 1683 1147 In

419 1191 494 1252 vivo
529 1191 681 1273 homagIo
706 1212 764 1275 pro
799 1193 901 1272 dictis,
933 1193 1021 1274 quod
1059 1193 1126 1274 ipse
1159 1212 1223 1254 non
1257 1191 1337 1253 dixit
1368 1191 1440 1270 sibi,
1473 1192 1561 1272 quod
1586 1194 1682 1254 simili

419 1312 522 1360 morte
548 1299 644 1362 debet
667 1299 750 1361 mori
773 1300 865 1362 sicuti
891 1298 986 1362 irater
1009 1312 1065 1361 aut
1088 1313 1177 1381 pater
1201 1318 1286 1361 suus.

525 1405 602 1467 Item
635 1426 763 1468 causam
795 1406 877 1467 inter
909 1405 1086 1486 Georgium
1118 1405 1333 1487 presbiterum
1370 1404 1546 1486 plebanum
1581 1407 1681 1467 sancti

418 1511 546 1572 Martini
560 1525 590 1574 et
607 1511 772 1573 dominam
789 1513 906 1573 Nesam
925 1512 1066 1574 relictam
1082 1512 1180 1572 Marci
1198 1509 1348 1592 Ven(e)ti‚
1364 1511 1431 1592 ipsa
1449 1510 1580 1573 domina
1598 1513 1680 1574 Nesa

416 1616 591 1698 appellavit
615 1617 647 1678 in
671 1618 870 1699 presenciam
893 1619 1058 1680 seniorum
1082 1617 1237 1698 judicum.

523 1723 599 1784 Item
623 1723 716 1805 jurati
742 1744 869 1785 causam
894 1725 1141 1806 suprascriptam
1166 1725 1391 1807 adjudicarunt
1418 1747 1514 1809 quam
1539 1726 1678 1808 appella·

417 1842 490 1890 runt
515 1828 624 1907 modo,
649 1830 724 1910 quia
748 1845 952 1911 aggravatam
977 1851 1010 1892 se
1036 1843 1150 1911 putans
1174 1832 1206 1892 In
1224 1832 1468 1916 adjudicatione
1492 1833 1681 1916 juratorum,

418 1935 473 2014 qui
498 1935 763 2016 adjudicaverunt
787 1937 875 2018 quod
898 1937 1029 1998 domiue
1054 1937 1137 1999 Nesa
1162 1938 1273 2000 relitta
1290 1940 1389 2001 Marci
1413 1953 1476 2001 tres
1499 1938 1569 2000 flor.
1593 1953 1680 2000 tene·

417 2055 487 2101 atur
512 2043 676 2104 restituere
703 2043 761 2125 ipsi
788 2042 930 2125 Georgio
955 2045 1131 2126 presbitero
1157 2045 1297 2126 plebano
1322 2047 1422 2107 sancti
1448 2045 1588 2122 Martini,
1613 2047 1680 2126 ipse

416 2163 523 2209 autem
550 2147 709 2230 Georgius
734 2150 890 2232 plebanus
914 2149 1054 2232 predicte
1079 2150 1211 2212 domine
1236 2152 1317 2212 Nese
1337 2171 1415 2214 unas
1439 2152 1556 2232 caligas
1580 2167 1611 2212 et
1635 2150 1679 2212 ia-

415 2254 529 2337 cholya
553 2269 699 2317 teneatur
723 2256 875 2336 reddere;
900 2256 967 2339 ipsa
992 2269 1097 2318 autem
1132 2257 1263 2318 domina
1289 2258 1370 2319 Nesa
1398 2278 1456 2339 pro
1481 2258 1608 2319 victIma
1633 2272 1679 2318 te·

414 2375 526 2422 neatur
551 2360 626 2423 dare
652 2382 753 2424 unum
778 2362 847 2424 flor.

519 2467 598 2529 Item
623 2467 785 2530 Iohannes
815 2469 1024 2554 SoldInarycz
1056 2470 1349 2551 proclamacionem
1376 2469 1450 2532 iecit
1473 2490 1568 2552 super
1585 2490 1678 2552 quas·

414 2573 487 2634 dam
511 2587 610 2636 terras
634 2575 695 2636 sibi
721 2576 939 2656 iangnoratas
961 2595 978 2636 a
1004 2575 1078 2636 filiis
1104 2575 1235 2637 Peronis
1251 2576 1344 2658 jurati
1369 2577 1522 2658 Wolawy
1547 2576 1635 2655 dicu,
1652 2577 1677 2636 si

414 2680 486 2760 quis
511 2700 547 2741 ex
573 2680 746 2742 heredibus
777 2683 842 2742 suis
874 2681 1032 2744 redimere
1063 2681 1162 2744 vellet
1194 2701 1246 2744 eas
1278 2682 1330 2743 vel
1361 2683 1478 2764 ailquis
1508 2683 1588 2743 alter
1618 2703 1678 2766 pro

412 2787 525 2848 eadem
549 2807 698 2870 sumpma
722 2789 856 2871 pecunie
882 2808 940 2870 pro
970 2808 1033 2870 qua
1058 2789 1125 2870 ipse
1150 2789 1182 2849 in
1199 2789 1333 2870 pignore
1357 2789 1454 2852 habet
1470 2789 1540 2851 illas
1569 2811 1676 2852 emere

413 2893 509 2954 vellet
532 2895 710 2957 secundum
736 2895 1002 2956 consvetudinem
1027 2895 1174 2958 civitatis.

518 3001 596 3064 Item
621 3021 748 3064 causam
782 3003 864 3064 iuter
889 3002 1089 3064 Hocchewar
1120 3017 1151 3065 et
1174 3002 1366 3065 Michaelem
1398 3017 1539 3066 sutorem
1564 3023 1676 3086 proro-

410 3123 566 3187 gaverunt
589 3107 682 3189 jurati
708 3128 809 3190 usque
833 3107 1009 3170 adventum
1042 3109 1118 3171 dicti
1144 3108 1344 3171 Hocchewar
1369 3122 1400 3172 et
1426 3109 1523 3171 Blasii
1548 3108 1673 3188 judicia.

603 3308 700 3383 Faria
727 3320 826 3383 sexta
854 3315 1010 3401 proxima
1038 3319 1117 3384 ante
1146 3312 1268 3385 festum
1295 3311 1479 3386 laurencii.

930 3471 977 3543 (4.
1002 3463 1145 3546 augusta).

516 3605 593 3667 Item
627 3605 751 3667 Blasius
786 3605 963 3690 Jakcheycz
999 3619 1109 3668 contra
1148 3606 1290 3668 Blasium
1323 3606 1464 3686 judicem
1500 3607 1674 3688 appellavit

410 3731 538 3773 causam
564 3714 596 3773 in
621 3713 819 3793 presenciam
853 3713 1001 3792 ciuitatis,
1031 3713 1222 3774 secundario
1253 3713 1367 3774 citatus
1392 3733 1456 3774 non
1482 3713 1672 3794 comparuit.

516 3819 592 3880 Item
619 3818 844 3902 MilichInycza
869 3820 974 3901 prImo
1004 3820 1098 3881 citata
1131 3833 1240 3881 contra
1266 3820 1402 3881 Paulum
1427 3819 1672 3901 phistulatorem

409 3942 473 3984 non
499 3925 688 4006 comparuit.

514 4030 591 4093 Item
617 4031 754 4092 Mathias
784 4051 894 4092 servus
927 4032 1108 4116 Symunycz
1141 4045 1250 4093 contra
1285 4031 1494 4093 KatherInam
1527 4031 1670 4114 puellam

408 4136 512 4216 primo
537 4137 650 4198 citatus
675 4157 740 4198 non
765 4139 955 4220 comparuit.

513 4242 591 4304 Item
616 4243 803 4306 Franciscus
827 4264 900 4305 cum
926 4244 1039 4305 Mauro
1064 4243 1182 4305 debent
1198 4243 1301 4326 jurare
1326 4241 1404 4305 feria
1421 4257 1507 4305 serta
1533 4245 1671 4328 quilibet

407 4349 643 4428 secundusmet,
676 4350 764 4431 quod
797 4352 863 4432 ipse
888 4369 953 4412 non
986 4351 1141 4433 percussit
1172 4370 1247 4412 eum
1280 4370 1338 4411 nec
1370 4363 1416 4412 est
1437 4370 1606 4432 percussus
1629 4351 1669 4412 de

407 4455 505 4516 domo
529 4476 596 4519 sua.

513 4561 592 4624 Item
618 4562 755 4623 Michael
780 4577 869 4624 sutor
893 4563 988 4624 debet
1019 4562 1123 4644 jurare
1152 4577 1264 4624 contra
1297 4575 1431 4623 matrem
1456 4563 1543 4644 quod
1569 4563 1668 4625 nichil

406 4668 568 4749 obligatur
592 4669 632 4748 el,
658 4669 774 4730 eodem
798 4669 861 4730 die.

511 4774 588 4836 Item
613 4776 691 4836 Vrsa
717 4775 824 4857 puella
849 4775 887 4835 de
914 4775 1178 4859 Cranosynapola
1212 4775 1308 4837 debet
1332 4775 1417 4836 exire
1442 4776 1666 4838 deterritorio

406 4881 552 4944 civitatis.

510 4988 587 5050 Item
621 4988 708 5049 Elias
741 5001 947 5071 campanator
986 5001 1096 5050 contra
1131 4987 1331 5049 Anthonium
1368 4987 1564 5070 lutifigulum
1599 5007 1665 5050 non

403 5095 582 5177 comparuit
605 5096 710 5178 prImo
735 5095 861 5158 citatus.
