3738 5786
402 588 442 668 96
805 588 892 644 Anno
915 597 1004 664 1455.
1030 617 1070 630 -
1094 598 1145 647 20.
1163 585 1256 662 junii.

401 819 480 861 voce
505 798 701 881 proferendo
726 798 856 879 reliquit
872 809 903 860 et
927 797 1049 862 dimisit
1065 799 1222 881 quietum,
1244 795 1412 878 pacificum
1432 809 1462 856 et
1486 815 1543 878 per
1559 795 1669 856 omnia

402 906 586 967 absolutum
613 919 709 988 prout
733 905 793 966 hoc
818 905 850 966 in
875 905 967 986 copia
989 905 1080 967 litere
1106 903 1302 986 expeditorie
1321 902 1420 985 ipsius
1445 901 1528 963 Petri
1554 901 1671 963 sutoris

404 1013 547 1074 concivis
573 1012 671 1074 nostri
708 1010 792 1093 apud
819 1011 922 1092 ipsum
950 1010 1078 1072 Petrum
1104 1010 1210 1071 habita
1242 1028 1388 1091 expresse
1413 1007 1606 1070 continetur.
1631 1007 1671 1068 Et

403 1119 566 1200 quiajam
602 1139 685 1180 nunc
710 1119 806 1179 tercia
838 1118 906 1177 vice
940 1118 1006 1198 ipse
1040 1117 1151 1178 Petrus
1175 1115 1335 1198 Gundych
1369 1134 1441 1176 cum
1475 1113 1669 1195 quibusdam

402 1226 505 1286 tribus
529 1225 630 1286 literis
653 1223 887 1306 supersticiosis
912 1237 942 1284 et
966 1223 1135 1284 inutilibus
1160 1235 1300 1283 nostram
1325 1221 1458 1283 veniens
1483 1221 1514 1281 in
1540 1239 1668 1302 presen-

402 1331 483 1392 ciam
510 1331 624 1393 iterum
650 1330 824 1413 predictam
850 1348 978 1390 causam
1004 1347 1062 1410 pro
1087 1327 1238 1410 predictis
1261 1328 1326 1388 suis
1350 1328 1445 1388 rebus
1469 1339 1580 1388 contra
1598 1345 1669 1408 pre·

403 1436 503 1498 latum
530 1438 659 1499 Petrum
683 1450 826 1498 sutorem
861 1435 1027 1496 concivem
1053 1449 1196 1496 nostrum
1223 1449 1254 1495 et
1285 1447 1395 1494 contra
1420 1434 1522 1515 ipsam
1546 1433 1670 1493 literam

402 1543 645 1625 expeditoriam,
657 1562 755 1625 quam
770 1542 810 1603 ad
827 1556 1039 1624 spontaneam
1057 1540 1229 1602 sessionem
1244 1541 1388 1602 eiusdem
1407 1540 1492 1602 Petri
1511 1538 1670 1622 Gundych

402 1650 546 1731 predicto
572 1650 666 1711 Petro
691 1648 790 1710 sutori
815 1648 940 1709 concivi
966 1663 1075 1709 nostro
1100 1650 1159 1709 sub
1177 1647 1284 1728 sigillo
1309 1646 1422 1729 prefati
1441 1647 1604 1708 Valentini
1622 1645 1670 1726 ju·

403 1756 482 1817 dicis
505 1769 652 1838 tempore
676 1755 841 1837 prescripti
867 1755 1026 1836 judicatus
1050 1755 1097 1816 sui
1124 1755 1283 1832 dedimus,
1313 1753 1535 1836 calumpniose
1560 1771 1656 1835 proce

403 1862 511 1924 dendo
536 1861 704 1944 replicavit
727 1874 758 1923 et
782 1862 954 1943 resumpsit
978 1881 1014 1922 ac
1031 1861 1218 1944 replicando
1244 1875 1275 1922 et
1299 1859 1493 1921 resumendo
1518 1859 1668 1940 litigiose,

402 1970 523 2051 precise
549 1969 664 2030 eodem
691 1968 790 2030 modo
815 1969 983 2050 proposuit
1007 1968 1089 2030 sicut
1122 1981 1153 2029 et
1177 1968 1265 2049 prius
1289 1979 1519 2049 proposuerat;
1544 1979 1670 2027 etcum

404 2077 471 2157 ipse
495 2075 607 2137 Petrus
624 2073 785 2157 Gundych
810 2073 928 2136 dictam
947 2093 1074 2136 causam
1094 2093 1184 2136 suam
1203 2075 1351 2135 terciario
1376 2087 1485 2135 contra
1511 2071 1670 2155 prelatum

404 2183 532 2244 Petrum
558 2195 699 2244 sutorem
718 2181 883 2242 concivem
910 2195 1054 2243 nostrum
1073 2182 1252 2263 proposuit,
1269 2195 1345 2242 tunc
1370 2181 1437 2262 ipse
1456 2181 1566 2241 Petrus
1583 2193 1671 2240 sutor

404 2289 546 2351 concivis
562 2301 669 2350 noster
687 2289 788 2370 ipsam
806 2288 932 2351 literam
958 2287 1187 2371 expeditoriam
1214 2307 1270 2368 per
1286 2285 1445 2368 prelatum
1462 2286 1670 2347 Valentinum

403 2393 543 2475 judicem
570 2409 715 2476 tempore
740 2395 905 2476 prescripti
931 2394 1090 2475 judicatus
1122 2394 1170 2455 sui
1196 2394 1236 2454 ad
1261 2392 1433 2454 iussionem
1458 2407 1669 2474 spontaneam

405 2515 435 2562 et
460 2501 644 2563 benivolam
662 2501 762 2583 ipsius
779 2500 862 2562 Petri
882 2499 1043 2583 Gundych
1069 2500 1175 2560 eidem
1194 2499 1287 2560 Petro
1306 2500 1405 2561 sutori
1419 2501 1544 2560 concivi
1562 2513 1671 2560 nostro

405 2607 511 2669 datam
537 2626 644 2668 coram
669 2606 763 2668 nobis
786 2607 990 2689 presentavit,
1023 2621 1054 2667 et
1082 2606 1159 2666 dum
1186 2606 1321 2666 eandem
1356 2606 1481 2667 literam
1507 2604 1671 2686 expedito·

406 2715 484 2776 riam
510 2714 610 2775 nostri
635 2713 666 2774 in
692 2713 855 2794 presencia
881 2731 988 2773 coram
1018 2711 1133 2774 eodem
1160 2712 1254 2773 Petro
1288 2710 1450 2794 Gundych
1475 2711 1590 2772 iterum
1615 2729 1671 2791 per

404 2820 585 2903 predictum
620 2820 808 2900 magistrum
851 2819 1015 2880 Matheum
1057 2819 1217 2880 notarium
1252 2832 1287 2880 ut
1323 2819 1496 2900 predicitur
1528 2832 1671 2879 nostrum

405 2926 533 2989 fidelem
559 2926 680 3008 perlegi
706 2939 737 2986 et
760 2925 934 3006 vulgariter
951 2945 1111 3007 exponere
1137 2923 1333 3002 fecissemus,
1357 2939 1432 2986 tunc
1450 2925 1535 2985 idem
1561 2924 1672 2984 Petrus

406 3030 566 3115 Gundych
585 3031 719 3093 audiens
744 3047 774 3092 et
791 3032 974 3112 intelligens
987 3033 1089 3113 ipsam
1105 3033 1229 3092 literam
1248 3031 1494 3112 expeditoriam,
1513 3029 1672 3112 predictas

406 3138 514 3200 literas
537 3138 779 3220 supersticiosas
804 3151 835 3198 et
859 3137 988 3198 inutiles
1009 3157 1144 3199 numero
1167 3152 1230 3200 tres
1249 3137 1342 3198 nobis
1366 3137 1669 3218 presentavit,·asse·

407 3351 584 3434 predictam
610 3351 750 3432 priorem
775 3351 901 3412 literam
918 3349 1114 3432 prefatorum
1141 3349 1274 3411 Fabiani
1293 3348 1442 3412 officialis
1466 3364 1496 3412 et
1520 3349 1619 3411 villici
1636 3371 1672 3412 ac

409 3457 514 3518 tocius
546 3456 787 3518 communitatis
818 3457 857 3517 de
890 3456 1032 3538 predicta
1064 3456 1319 3518 Klolroehewecz
1352 3469 1383 3518 et
1415 3457 1513 3539 ipsius
1540 3455 1671 3536 Georgii

412 3563 653 3647 Symunovvych
677 3563 717 3624 de
749 3563 833 3625 dicta
859 3563 1060 3646 Myletyncz,
1092 3583 1189 3644 quam
1215 3563 1273 3645 ipsi
1306 3563 1401 3624 nobis
1431 3577 1576 3644 tempore
1601 3581 1672 3644 pre·

410 3670 518 3752 scripti
543 3669 701 3752 judicatus
725 3670 824 3750 ipsius
849 3669 991 3731 Conradi
1017 3669 1131 3749 judicis
1155 3669 1194 3730 ad
1224 3669 1459 3731 siscitacionem
1484 3685 1515 3732 et
1537 3669 1672 3752 requisi-

406 3777 532 3838 cionem
564 3789 705 3838 nostram
733 3776 941 3838 literatoriam
971 3774 1133 3856 fidedigne
1158 3776 1413 3855 transmiserunt,
1444 3795 1596 3839 revocare
1623 3777 1670 3837 di-

407 3895 592 3960 noscuntur,
617 3901 690 3944 cum
714 3895 821 3943 tamen
848 3881 1090 3944 conscienciose
1119 3896 1149 3944 et
1173 3901 1232 3964 pro
1257 3882 1300 3943 rei
1326 3883 1456 3943 veritate
1481 3883 1619 3943 dicimus
1643 3897 1674 3944 et

409 3989 613 4067 asseruimus,
638 3989 726 4070 quod
759 4007 833 4050 cum
865 3989 1007 4070 predicta
1039 3989 1129 4050 litera
1155 3989 1242 4070 prior
1274 3989 1416 4070 ipsorum
1442 3985 1576 4050 Fabiani
1602 3987 1672 4050 offi-

408 4095 497 4156 cialis
521 4107 553 4156 et
575 4095 674 4155 villici
698 4114 734 4156 ac
750 4095 854 4156 tocius
878 4095 1116 4156 communitatis
1133 4095 1173 4156 de
1191 4095 1333 4177 predicta
1360 4095 1616 4157 Klokochewecz
1643 4110 1674 4157 et

409 4201 510 4283 ipsius
541 4200 673 4281 Georgii
706 4201 744 4262 de
788 4200 871 4262 dicta
905 4201 1088 4283 Myletyncz
1123 4201 1155 4262 in
1188 4201 1352 4283 presencia
1393 4201 1491 4262 nostri
1523 4213 1670 4283 tempore

407 4307 572 4391 prescripti
608 4306 768 4386 judicatus
800 4307 898 4384 ipsius
930 4306 1092 4368 Valentini
1128 4307 1242 4388 judicis
1274 4325 1381 4368 coram
1418 4304 1542 4388 prelato
1577 4307 1671 4370 Petro

410 4411 570 4496 Gundych
589 4433 645 4495 per
668 4413 827 4495 prefatum
846 4413 1034 4494 magistrum
1053 4413 1219 4474 Matheum
1237 4413 1397 4475 notarium
1424 4429 1457 4476 ut
1480 4415 1676 4497 premittitur

408 4531 553 4582 nostrum
586 4519 713 4582 fidelem
748 4520 829 4581 lecta
861 4533 892 4582 et
928 4520 1103 4602 vulgariter
1136 4521 1278 4602 exposita
1316 4519 1387 4600 fuit,
1422 4537 1497 4583 tunc
1534 4521 1675 4604 prelatus

409 4626 522 4687 Petrus
546 4624 708 4708 Gundych
726 4625 835 4688 audita
860 4640 890 4687 et
916 4627 1076 4688 intellecta
1095 4627 1161 4708 ipsa
1187 4627 1277 4688 litera
1302 4627 1407 4689 eidem
1425 4627 1515 4688 litere
1533 4629 1565 4688 in
1583 4628 1674 4690 nullo

409 4731 601 4794 contradixit
624 4731 679 4792 sed
705 4733 818 4813 pocius
842 4733 1012 4810 consensit,
1037 4746 1068 4793 et
1101 4752 1177 4793 mox
1202 4733 1342 4795 eundem
1379 4733 1506 4795 Petrum
1531 4749 1673 4796 sutorem

409 4839 574 4901 concivem
600 4853 745 4900 nostrum
770 4839 801 4898 in
827 4839 969 4921 predicta
994 4859 1087 4901 causa
1109 4840 1250 4921 ipsarum
1268 4859 1373 4902 rerum
1399 4859 1527 4902 suarum
1554 4841 1585 4903 in
1602 4857 1672 4904 toto

409 4946 554 5029 quietum
579 4959 611 5008 et
635 4945 820 5027 expeditum
842 4965 949 5006 coram
975 4945 1068 5008 nobis
1092 4946 1221 5028 publice
1247 4946 1279 5007 in
1310 4947 1451 5029 pretorio
1476 4967 1583 5009 coram
1608 4962 1674 5010 tota

410 5052 641 5114 communitate
667 5051 788 5113 dimisit
816 5065 847 5114 et
878 5051 1018 5134 reliquit.
1052 5052 1092 5113 Et
1116 5051 1191 5133 quia
1225 5066 1334 5114 contra
1367 5054 1469 5134 ipsam
1502 5053 1672 5116 tassionem
