3694 5782
565 533 758 613 Ann01467.
783 570 824 578 —
846 550 879 611 9.
895 536 1049 612 januarii.
1381 558 1442 619 3¹3

181 762 394 830 receptarum,
418 747 513 830 jurati
537 749 643 810 taliter
667 747 901 830 adjudicarunt,
933 749 1020 830 quod
1047 749 1113 831 ipse
1139 749 1323 813 Anthonius
1347 750 1442 832 judex

183 854 264 934 justo
292 855 391 916 modo
416 856 502 936 ipsos
526 857 625 916 boves
650 855 819 935 recepisset
836 874 908 916 cum
926 855 991 916 suis
1015 855 1142 934 juratis;
1167 857 1206 917 de
1232 876 1297 938 quo
1321 856 1442 938 judicio

183 962 323 1043 ipsorum
343 961 519 1042 juratorum
545 981 609 1022 non
627 974 797 1023 contentus
814 961 949 1022 eandem
968 982 1094 1022 causam
1118 962 1157 1023 ad
1176 963 1318 1024 seniores
1335 965 1443 1045 appel-

180 1068 274 1129 lasset
298 1068 429 1148 judices.

273 1174 361 1236 ·ltem
386 1193 513 1235 causam
540 1175 622 1236 inter
647 1176 810 1237 Thomam
835 1175 936 1236 filium
967 1175 1102 1236 condam
1129 1175 1253 1236 Nicolai
1280 1175 1444 1255 aurifabri,

179 1293 213 1342 ut
237 1295 391 1359 actorem,
417 1293 448 1342 et
472 1281 554 1342 inter
580 1282 720 1342 blasium
754 1281 947 1342 modernum
980 1280 1117 1361 juratum
1151 1283 1279 1343 racione
1304 1283 1443 1364 aprecia-

179 1389 280 1450 tionis
305 1390 422 1451 domus
446 1409 462 1450 a
488 1389 624 1450 condam
651 1389 786 1450 Nicolao
814 1387 976 1450 aurifabro
1002 1403 1032 1449 et
1056 1389 1244 1450 assertionis
1268 1409 1332 1450 non
1356 1390 1443 1450 solu·

179 1495 290 1573 donis,
315 1496 407 1576 iurati
440 1496 544 1558 taliter
575 1495 809 1576 adjudicarunt,
842 1516 879 1557 ex
912 1516 950 1556 eo
983 1496 1057 1576 quia
1091 1496 1157 1578 ipse
1183 1497 1307 1558 blasius
1339 1497 1443 1576 jurare

179 1603 339 1664 tenebitur
355 1603 511 1665 solusmet
527 1601 606 1664 feria
630 1616 714 1664 serta
732 1603 876 1684 proxime
898 1617 1030 1664 ventura
1056 1603 1087 1662 in
1117 1623 1169 1663 ara
1195 1617 1300 1664 sancte
1319 1603 1443 1683 Crucis,

180 1709 267 1790 quod
292 1711 360 1791 ipse
388 1711 510 1771 Blasius
535 1710 661 1771 institor
685 1709 907 1770 omnimodam
925 1708 1124 1769 solucionem
1150 1709 1278 1770 racione
1303 1710 1443 1791 apretia-

182 1817 283 1878 tionis
308 1818 425 1879 domus
449 1817 548 1899 ipsius
580 1817 716 1879 condam
742 1816 879 1894 Nicolai,
911 1815 1015 1876 eidem
1041 1816 1175 1878 Nicolao
1205 1817 1281 1878 dum
1306 1818 1444 1894 vixisset,

183 1923 400 2005 impendisset.

286 2030 362 2092 ltem
388 2050 515 2092 causam
542 2030 623 2091 inter
648 2031 817 2090 Nicolaum
836 2029 1055 2111 Wrecharych
1079 2029 1212 2108 dictum,
1237 2045 1388 2108 sutorem,
1414 2044 1444 2091 et

182 2135 263 2197 inter
288 2137 407 2198 Lucam
442 2149 595 2213 sutorem,
619 2137 779 2197 seniorem
813 2135 962 2216 juratum,
991 2135 1077 2196 cives
1108 2135 1191 2196 dicte
1217 2136 1363 2214 civitatis,
1396 2155 1443 2196 ra-

182 2242 273 2303 cione
305 2243 438 2303 lesionis
470 2263 526 2324 per
556 2243 695 2304 vitulum
727 2242 883 2320 eiusdem,
916 2255 946 2303 et
978 2241 1052 2322 qula
1082 2257 1147 2302 erat
1179 2242 1284 2302 eidem
1309 2243 1443 2303 Nicolao

180 2349 278 2409 sutori
304 2349 520 2429 juramentum
540 2347 758 2424 adjudicatum
784 2367 856 2408 cum
882 2367 947 2408 uno
965 2348 1032 2408 cive
1051 2347 1133 2408 dicte
1159 2347 1304 2426 civitatis,
1322 2349 1443 2430 etquis

182 2454 246 2534 ipse
271 2455 426 2515 Nicolaus
450 2469 538 2516 sutor
562 2454 777 2534 juramentum
803 2453 915 2534 (quod)
934 2467 1000 2515 erat
1017 2453 1076 2514 sibi
1102 2453 1332 2533 adjudicatum,
1350 2468 1444 2535 prout

181 2560 318 2622 debebat
342 2581 406 2622 non
432 2561 581 2643 deposuit
606 2562 681 2643 quia
706 2581 778 2622 cum
805 2581 869 2621 non
895 2560 974 2637 cive,
1004 2561 1077 2620 ideo
1102 2561 1168 2642 ipse
1194 2560 1347 2622 Nicolaus
1370 2580 1443 2622 cau-

181 2687 246 2728 sam
271 2687 328 2728 sue
353 2667 592 2750 prosecutionis
625 2680 734 2728 contra
767 2668 872 2748 ipsum
899 2667 1019 2728 Lucam
1053 2667 1159 2728 amisit
1184 2681 1214 2729 et
1240 2667 1271 2728 in
1305 2667 1443 2749 birsagio

181 2775 402 2836 communitati
428 2775 515 2855 quod
535 2774 713 2856 promeruit
738 2788 784 2835 est
801 2773 984 2850 convictus;
1009 2774 1048 2834 de
1073 2793 1138 2854 quo
1164 2773 1283 2850 judicio
1301 2775 1442 2856 ipsorum

182 2879 356 2958 juratorum
382 2881 448 2962 ipse
465 2881 620 2942 Nicolaus
643 2893 733 2942 sutor
758 2900 822 2940 non
841 2893 1011 2941 contentus
1028 2879 1164 2940 eandem
1191 2899 1318 2942 causam
1336 2881 1443 2962 appel-

182 2985 257 3047 lavit
280 2987 320 3048 ad
346 2987 487 3047 seniores
512 2986 633 3068 judices
657 2987 740 3047 dicte
766 2986 913 3047 civitatis.

286 3093 364 3154 ltem
390 3092 542 3154 Clemens
567 3093 751 3173 Hungarus,
769 3093 945 3153 modernus
966 3090 1087 3171 juratus
1111 3106 1141 3153 et
1166 3092 1243 3152 civis
1268 3093 1350 3153 dicte
1368 3093 1443 3153 civi-

183 3200 262 3277 tatis,
287 3199 502 3279 juramentum
527 3200 587 3260 sibi
612 3198 830 3278 adjudicatum
853 3211 963 3258 contra
989 3198 1181 3280 Dyonisium
1208 3197 1376 3280 Sypchych
1396 3218 1443 3258 ra-

182 3305 272 3366 cione
300 3303 466 3366 cuiusdam
492 3305 556 3366 vini
583 3305 759 3382 educillati,
785 3304 933 3386 deposuit
958 3319 1053 3386 prout
1077 3305 1197 3365 debuit.
