3838 5786
419 523 482 584 390
784 505 870 562 Anno
896 514 982 581 1471.
1008 537 1049 546 —
1074 515 1120 580 17.
1143 505 1314 580 septembris.

416 716 516 797 ipsius
541 715 671 798 Endrey
696 715 755 796 ipsi
781 715 946 778 Domkoni
970 713 1098 794 factam,
1129 715 1255 778 firmam
1279 736 1348 780 esse
1379 717 1556 798 reperimus
1580 732 1611 779 et
1638 719 1683 779 in-

417 821 565 885 venimus
589 841 625 884 ac
649 820 917 904 adjudicavimus,
948 823 999 884 cui
1023 823 1189 884 Domkoni
1214 823 1362 884 dedimus
1386 825 1559 886 terminum
1585 824 1685 887 refor-

416 929 572 990 macionis
604 929 703 1011 ipsius
735 929 852 990 domus
884 949 985 1011 usque
1021 927 1137 991 festum
1178 931 1262 992 beati
1296 930 1464 993 Michaelis
1495 932 1684 1013 archangeli

415 1035 560 1118 proxime
584 1049 772 1112 venturum;
806 1036 938 1118 insuper
962 1035 1051 1118 quod
1076 1036 1348 1118 quandocumque
1380 1051 1451 1098 taxa
1475 1038 1561 1119 regie
1587 1039 1685 1100 Maie-

416 1143 504 1204 statis
528 1161 624 1223 super
648 1141 784 1204 eandem
809 1143 1018 1224 inponeretur
1041 1143 1108 1225 ipse
1131 1144 1259 1205 Domlto
1284 1145 1449 1207 exsolvere
1473 1159 1619 1223 tenetur3
1644 1145 1684 1208 de

416 1268 482 1329 quo
506 1247 627 1328 judicio
653 1249 795 1330 ipsorum
813 1250 976 1311 seniorum
1002 1249 1145 1332 judicum
1171 1251 1237 1333 ipse
1256 1251 1386 1335 Endrey
1412 1270 1476 1313 non
1501 1267 1685 1330 contentus,

415 1355 550 1416 candem
576 1375 704 1417 causam
729 1375 803 1417 cum
827 1356 917 1418 totali
935 1376 994 1418 suo
1018 1376 1170 1439 processu
1195 1358 1227 1419 in
1246 1358 1444 1438 presenciam
1469 1358 1611 1439 magistri
1637 1371 1682 1420 ta·

386 1463 629 1525 'warnicorum
661 1461 817 1542 regalium
849 1463 1038 1545 appellavit,
1071 1465 1189 1545 quibus
1221 1465 1377 1526 ambabus
1408 1465 1552 1546 partibus
1577 1484 1682 1526 coram

416 1571 488 1653 ipso
523 1571 677 1650 magistro
719 1568 989 1631 thawarnicorum
1032 1571 1205 1632 terminum
1250 1571 1459 1654 comparendi
1496 1570 1680 1653 preficimus

416 1676 697 1758 quadragesimum
730 1675 815 1736 diem
848 1675 996 1738 datorum
1029 1678 1241 1759 presencium.
1274 1713 1315 1722 -
1349 1678 1456 1740 Partes
1489 1678 1680 1740 concordate

415 1795 490 1844 sunt
513 1795 637 1843 mutuo

522 1887 599 1948 ltem
632 1906 761 1949 causam
792 1888 873 1950 inter
906 1888 1099 1971 Mayhenam
1132 1903 1163 1952 et
1194 1890 1276 1951 inter
1313 1890 1484 1952 Nicolaum
1516 1890 1679 1952 literatum

416 1993 656 2076 Chehkoyczyn
682 1994 804 2055 dictum
821 2009 852 2057 et
875 1993 1093 2078 Gywrkonem
1120 1995 1248 2058 fratrem
1267 1997 1426 2060 Werczek
1449 1999 1578 2061 racione
1594 1999 1681 2060 solu·

417 2101 519 2162 cionis
543 2099 710 2162 cuiusdam
728 2100 818 2162 litere
845 2101 971 2163 notario
988 2116 1094 2164 nostre
1113 2102 1249 2164 civitatis
1273 2117 1304 2165 et
1321 2103 1418 2176 judici
1437 2104 1520 2166 dicte
1546 2104 1684 2166 civitatis

416 2227 473 2289 per
504 2206 624 2288 juratos
655 2205 880 2286 adjudicatam,
904 2223 936 2270 et
959 2210 999 2269 ab
1024 2208 1144 2271 eisdem
1170 2209 1279 2290 juratis
1303 2211 1342 2271 ad
1368 2230 1426 2271 nos
1461 2211 1604 2273 seniores
1627 2231 1684 2294 per

417 2315 521 2395 ipsum
545 2313 716 2374 Nicolaum
734 2313 895 2375 literatum
914 2315 1110 2396 appellatam
1128 2315 1260 2395 judices,
1277 2317 1383 2378 taliter
1401 2317 1588 2399 reperimus,
1606 2318 1682 2398 quia

419 2421 485 2502 ipse
511 2419 653 2502 Gywrlto
686 2417 781 2480 frater
805 2420 966 2482 Werchek
999 2441 1062 2482 non
1095 2421 1179 2503 justo
1216 2423 1315 2484 modo
1341 2423 1441 2485 fassus
1473 2422 1533 2484 fuit
1556 2425 1683 2485 literam

417 2527 475 2608 ipsi
503 2525 673 2608 Mayhene,
698 2546 795 2606 quam
821 2527 888 2609 ipse
912 2527 1066 2590 Nicolaus
1083 2528 1227 2590 literatus
1251 2529 1468 2610 prohibuerat,
1493 2529 1569 2612 quia
1594 2529 1682 2610 juxta

416 2632 694 2712 adjudicationem
719 2633 895 2712 juratorum
921 2635 1023 2715 jurare
1057 2655 1122 2697 non
1147 2637 1253 2718 potuit
1277 2657 1335 2699 nec
1368 2637 1489 2716 debuit,
1515 2639 1588 2700 ideo
1615 2639 1684 2720 ipse

418 2739 560 2822 Gywrlto
584 2758 649 2800 non
683 2751 787 2819 potest
811 2739 893 2801 effici
926 2741 1128 2803 consiliarius
1160 2762 1218 2804 nec
1250 2743 1381 2824 juratus,
1406 2765 1464 2806 nec
1489 2745 1521 2805 in
1546 2744 1682 2826 aliquod

417 2845 620 2908 consorcium
645 2845 780 2906 civitatis
796 2849 960 2926 assummi,
977 2861 1008 2910 et
1025 2848 1125 2930 ipsam
1143 2849 1268 2912 literam
1286 2851 1362 2932 ipsis
1379 2851 1503 2912 notario
1528 2865 1560 2913 et
1582 2850 1684 2932 judici

417 2952 533 3014 nostris
556 2951 681 3012 solvere
706 2955 911 3017 tenebuntur.

435 3191 531 3265 Faria
559 3191 665 3268 tercia
694 3193 845 3282 proxima
874 3202 951 3283 post
983 3194 1107 3266 leston
1135 3193 1365 3267 Exaltacionis
1393 3204 1510 3266 sancte
1539 3193 1667 3268 Crucis.

913 3347 975 3424 (17.
998 3349 1184 3422 septembris).

523 3488 601 3549 ltem
634 3507 761 3549 causam
795 3488 876 3549 inter
908 3488 1052 3550 Marcum
1084 3489 1243 3552 Venetum
1269 3502 1300 3552 et
1334 3490 1416 3553 inter
1441 3491 1583 3552 Blasium
1610 3492 1685 3554 Zte·

417 3593 555 3677 nychlty,
580 3593 730 3674 judicem,
764 3609 794 3655 et
826 3613 958 3655 uxorem
991 3595 1136 3656 eiusdem
1160 3596 1290 3658 racione
1322 3597 1549 3678 occupacionis
1574 3598 1684 3659 celarii

418 3715 448 3762 et
473 3701 634 3782 porcionis
660 3701 804 3762 eiusdem
831 3701 950 3780 celarii,
975 3701 1068 3783 jurati
1100 3701 1337 3784 adjudicarunt,
1361 3704 1437 3786 quia
1463 3705 1529 3784 ipse
1556 3706 1685 3768 Marcus

417 3827 481 3868 non
514 3807 684 3869 honoravit
716 3821 878 3869 caternum
911 3809 1152 3870 communitatis
1182 3823 1213 3871 et
1244 3829 1317 3872 cum
1349 3811 1415 3872 suis
1439 3811 1588 3873 manibus
1613 3832 1684 3894 per·

417 3913 515 3974 cussit
539 3914 578 3974 ad
606 3929 782 3994 caternum,
807 3935 870 3976 non
889 3915 986 3977 debet
1008 3915 1067 3976 sibi
1086 3915 1175 3977 nulla
1197 3916 1320 3996 justicia
1338 3916 1553 3978 administrari
1580 3917 1684 3980 donec

418 4035 448 4081 et
471 4039 640 4101 quousque
665 4041 729 4082 non
764 4022 905 4084 inveniet
937 4023 997 4083 sibi
1029 4023 1170 4102 graciam
1202 4035 1309 4085 atota
1342 4025 1574 4086 communitate
1599 4025 1683 4086 dicte

417 4125 571 4202 civitatis;
596 4127 635 4186 de
660 4146 725 4208 quo
743 4126 863 4208 judicio
889 4128 954 4209 ipse
980 4128 1106 4190 Marcus
1122 4148 1187 4190 non
1205 4142 1375 4191 contentus
1399 4129 1535 4192 eandem
1554 4151 1683 4193 causam

418 4231 592 4312 appellavit
616 4233 647 4292 in
672 4234 871 4314 presenciam
895 4235 1059 4296 seniorum
1084 4235 1239 4316 judicum.

524 4337 600 4399 Item
635 4358 762 4400 causam
787 4340 869 4402 inter
901 4340 981 4401 Pero
1013 4340 1153 4421 juratum
1185 4355 1216 4403 ct
1240 4342 1321 4404 inter
1352 4342 1511 4424 prefatum
1538 4345 1682 4407 Marcum

419 4445 577 4505 Venatum
610 4447 737 4507 racione
770 4447 999 4508 convencionis
1030 4448 1197 4509 cuiusdam
1227 4449 1302 4530 equi
1333 4449 1393 4528 sui,
1417 4470 1512 4530 quem
1538 4453 1683 4533 equitare

418 4549 492 4611 lecit
516 4571 573 4632 pro
592 4565 677 4613 certo
707 4553 814 4634 precio
833 4553 873 4614 ad
892 4553 1043 4635 Segniam
1061 4568 1092 4616 et
1108 4575 1208 4636 usque
1227 4556 1265 4616 ad
1284 4556 1429 4634 domum,
1447 4577 1543 4638 quem
1562 4578 1682 4640 equum

418 4657 577 4737 hispidare
604 4657 678 4720 lecit
702 4659 769 4740 ipsc
794 4661 921 4721 Marcus
946 4661 1088 4722 Venetus
1111 4675 1143 4723 et
1174 4662 1352 4744 dampnum
1377 4663 1438 4724 sibi
1463 4663 1589 4726 illatum
1616 4665 1682 4747 ipse

419 4764 499 4825 Pero
525 4764 650 4826 dicebat
674 4766 734 4826 sibi
759 4785 859 4848 usque
884 4767 923 4828 ad
949 4768 1030 4828 duos
1063 4787 1188 4830 menses
1212 4767 1340 4848 inferre,
1373 4769 1460 4852 quod
1486 4791 1551 4832 non
1577 4773 1683 4853 potuit

419 4870 542 4951 aliquid
567 4871 644 4932 lucri
670 4873 720 4933 vel
746 4873 865 4934 laboris
889 4874 949 4935 sibi
974 4872 1088 4954 facere,
1112 4874 1205 4956 jurati
1230 4875 1465 4956 adjudicarunt,
1490 4877 1579 4959 quod
1598 4879 1683 4960 quit-

420 4977 498 5057 quid
523 4977 589 5059 ipse
616 4978 695 5039 Pero
721 4977 798 5039 feria
823 4993 909 5042 sexta
934 4981 1078 5062 proxime
1096 4995 1228 5044 ventura
1252 4984 1407 5046 solusmet
1431 4983 1535 5066 jurare
1552 4986 1683 5068 poterit,
