3852 5814
640 555 726 612 Anno
745 549 840 632 1480.
866 587 906 596 —
931 568 980 631 14.
998 556 1147 628 januarii.
1474 553 1538 634 489

329 773 424 846 Feria
454 783 580 864 quarta
610 777 761 863 proxima
799 783 878 846 ante
915 776 1037 846 festum
1076 775 1251 846 beatorum
1280 773 1422 863 Philippi
1452 785 1482 846 et

713 900 831 990 Jacobi
862 901 1101 989 apostolorum.

787 1050 852 1127 (28.
885 1053 1015 1128 aprilis).

382 1195 459 1256 Item
484 1213 612 1255 causam
639 1195 721 1255 inter
753 1194 919 1255 dominam
946 1193 1143 1255 Dorotheam
1176 1207 1359 1257 consortem
1385 1194 1540 1255 lohannis

276 1299 397 1384 Polyak
423 1313 454 1361 et
478 1299 675 1380 Stephanum
703 1301 864 1362 literatum
884 1301 1032 1360 maritum
1059 1300 1195 1361 condam
1214 1299 1344 1362 domine
1363 1299 1536 1362 Katherine

275 1405 337 1467 filie
363 1406 500 1467 condam
525 1405 681 1467 lohannis
707 1407 861 1468 Perouich
881 1427 935 1488 per
959 1407 1078 1488 juratos
1096 1407 1311 1488 adjudicatam
1336 1421 1366 1468 et
1390 1427 1446 1488 per
1464 1427 1537 1468 ean·

275 1513 349 1574 dem
374 1513 540 1574 dominam
565 1512 763 1574 Dorotheam
789 1513 828 1574 de
853 1513 973 1592 judicio
1005 1513 1182 1593 juratorum
1208 1533 1271 1574 non
1298 1527 1483 1575 contentam
1508 1527 1538 1574 et

274 1620 313 1680 ad
339 1620 480 1681 seniores
504 1618 626 1699 judices
650 1620 855 1701 appellatam,
879 1620 1022 1680 seniores
1054 1619 1176 1700 judices
1208 1620 1399 1681 invenerunt
1424 1633 1454 1681 et
1479 1619 1533 1680 ad-

278 1727 461 1806 judicarunt
485 1739 515 1786 et
544 1724 733 1787 confirmant
757 1725 911 1806 judicium
942 1725 1138 1806 juratorum
1164 1727 1294 1808 insuper
1319 1726 1419 1787 eciam
1452 1725 1537 1786 idem

275 1831 457 1913 Stephanus
482 1833 625 1893 literatus
642 1831 784 1893 exhibuit
805 1833 967 1913 quandam
986 1833 1109 1894 literam
1137 1833 1167 1893 in
1185 1833 1298 1915 papiro
1316 1851 1423 1894 coram
1443 1833 1536 1894 nobis

275 1938 455 2000 confectam
481 1953 511 2000 et
534 1941 593 1999 sub
618 1939 725 2018 sigillo
743 1939 866 2000 anulari
893 1940 1112 2021 circumspecti
1130 1940 1188 2001 viri
1208 1939 1303 2001 Blasii
1322 1937 1379 2000 filii
1405 1938 1537 2020 Georgii

279 2045 452 2126 sigillatam
478 2060 508 2106 et
533 2046 619 2126 quod
643 2045 709 2126 ipsa
728 2045 837 2108 civitas
861 2066 933 2106 cum
958 2047 1076 2108 talibus
1092 2045 1191 2107 literis
1209 2066 1273 2107 non
1299 2047 1462 2108 consvevit
1480 2048 1537 2108 uti.

380 2151 457 2212 ltem
483 2171 610 2212 causam
636 2153 717 2213 inter
749 2151 915 2213 dominam
948 2152 1144 2214 Dorotheam
1177 2167 1358 2214 consortem
1384 2153 1538 2214 lohannis

275 2259 396 2341 Polyak
421 2274 452 2319 et
476 2258 675 2341 Stephanum
694 2259 856 2321 literatum
875 2259 1024 2320 maritum
1050 2259 1187 2320 condam
1206 2259 1338 2320 domine
1364 2258 1537 2320 Katherine

274 2364 339 2427 filie
363 2365 500 2426 condam
526 2364 681 2426 lohannis
708 2365 860 2426 Perouicz
883 2385 937 2447 per
962 2365 1082 2446 juratos
1099 2365 1312 2446 adjudicatam
1338 2380 1368 2426 et
1385 2386 1440 2448 per
1464 2385 1537 2426 ean-

274 2471 346 2532 dem
372 2471 538 2532 dominam
565 2471 762 2533 Dorotheam
788 2472 826 2531 de
851 2471 971 2551 judicio
1004 2472 1181 2553 juratorum
1207 2491 1271 2533 non
1297 2485 1481 2534 contentam
1507 2486 1537 2533 et

273 2579 403 2640 tandem
429 2578 468 2638 ad
493 2579 636 2641 seniores
660 2579 781 2658 judices
806 2581 997 2661 appellatam
1029 2601 1065 2641 ac
1090 2599 1146 2661 per
1169 2581 1299 2641 eosdem
1324 2580 1466 2642 seniores
1490 2579 1537 2661 ju·

274 2684 359 2746 dices
383 2683 609 2764 adjudicatam,
635 2685 719 2746 idern
746 2685 877 2746 domina
892 2685 1054 2747 Dorothea
1072 2687 1111 2748 de
1128 2687 1248 2768 judicio
1266 2687 1429 2748 seniorum
1454 2687 1535 2768 judi-

274 2810 345 2851 cum
358 2809 420 2851 non
432 2804 581 2852 contenta
593 2791 692 2872 ipsam
702 2811 828 2853 causam
839 2793 878 2853 ad
888 2794 1074 2874 magistrum
1085 2793 1341 2855 thavernicorum
1354 2793 1535 2875 appellavit.

382 2897 458 2958 ltem
484 2897 639 2957 terminus
663 2898 738 2978 ipsis
763 2899 905 2980 partibus
923 2915 969 2960 est
992 2900 1162 2982 deputatus
1180 2901 1330 2982 prosequi
1349 2920 1419 2961 cum
1439 2921 1532 2961 causa

274 3004 535 3086 supranominata
560 3017 631 3085 post
663 3004 835 3066 adventum
861 3007 892 3066 in
919 3027 1051 3088 regnum
1079 3008 1243 3088 Hungarie
1269 3006 1535 3088 quadragesimus

275 3111 354 3186 dies,
379 3111 522 3192 partibus
547 3111 702 3172 ambabus
727 3111 921 3193 prefigimus.

336 3345 431 3420 Faria
460 3358 560 3421 sexta
589 3353 742 3438 proxima
770 3359 847 3438 post
875 3357 1015 3421 octavas
1044 3347 1305 3438 Epiphaniarum
1333 3349 1473 3421 Domini.

669 3502 733 3582 (14.
750 3505 903 3577 januarii,
926 3522 996 3563 ann.
1021 3499 1144 3582 1480).

381 3641 459 3702 Item
486 3642 666 3725 Stephanus
691 3641 786 3704 frater
816 3644 945 3724 plebani
972 3645 1003 3704 in
1029 3643 1112 3705 facto
1138 3644 1292 3706 lobannis
1318 3645 1535 3706 Kelemichicz

273 3767 330 3828 per
354 3747 458 3829 ipsum
484 3747 579 3828 facto,
612 3749 760 3830 deposuit
780 3749 994 3830 juramentum
1028 3765 1123 3832 prout
1147 3751 1253 3812 eidem
1279 3751 1338 3814 fuit
1362 3773 1417 3834 per
1449 3772 1535 3812 com·

273 3853 463 3915 munitatem
488 3854 717 3935 adjudicatum.

378 3960 456 4022 ltem
482 3961 701 4044 circumspecti
727 3963 785 4023 viri
812 3963 974 4025 lohannes
999 3965 1097 4025 Pazar
1126 3977 1156 4026 et
1182 3964 1305 4025 Blasius
1330 3965 1464 4026 Sclauus
1488 3987 1534 4026 se-

273 4066 379 4128 niores
403 4067 525 4148 judices
550 4070 648 4129 nostri
674 4068 746 4130 fassi
772 4085 855 4148 sunt,
881 4071 1048 4151 quomodo
1081 4071 1214 4153 provida
1240 4070 1371 4131 domina
1397 4071 1533 4131 condam

274 4172 475 4253 Margaretha
499 4173 729 4255 Walpochicza
762 4175 857 4254 dicta,
890 4177 920 4236 in
954 4178 1017 4238 suis
1046 4178 1194 4238 extremis
1227 4179 1257 4238 in
1284 4178 1533 4259 disposicionem

272 4278 320 4338 sui
345 4279 526 4340 testamenti
551 4279 629 4340 dixit
654 4294 684 4342 et
708 4279 789 4342 fassa
815 4296 871 4361 est,
896 4284 984 4364 quod
1010 4285 1075 4366 ipsa
1102 4283 1235 4344 domum
1261 4304 1351 4345 suam
1376 4299 1533 4345 muratam

273 4404 345 4445 curn
370 4385 449 4447 turri
474 4399 505 4446 et
537 4386 623 4447 curia
649 4407 684 4448 ac
717 4387 818 4449 fundo
851 4390 969 4469 legavit
999 4390 1194 4452 monasterio
1227 4391 1325 4452 sancti
1354 4391 1479 4451 Nicolai
1505 4404 1536 4452 et

273 4490 423 4552 fratribus
447 4492 591 4554 eiusdem
616 4492 684 4574 jure
709 4510 864 4577 perpetuo
891 4509 921 4557 et
939 4497 1189 4558 irrevocabiliter
1214 4517 1286 4558 cum
1303 4499 1454 4559 omnibus
1472 4498 1533 4559 cle·

274 4597 379 4658 nodiis
404 4598 520 4660 domus
545 4599 589 4660 uti
615 4601 747 4680 provida
773 4601 910 4663 condam
929 4603 1060 4664 domina
1079 4609 1170 4666 Anna
1195 4606 1343 4666 consocia
1367 4625 1423 4665 sua
1447 4605 1534 4665 simi-

272 4703 344 4764 liter
369 4705 529 4784 legaverat
554 4706 652 4766 modo
677 4708 833 4788 premisso
858 4709 897 4770 ita
924 4711 1012 4790 quod
1037 4709 1147 4772 fratres
1180 4711 1324 4774 eiusdem
1349 4713 1533 4773 monasterii

272 4825 346 4872 sunt
371 4811 462 4872 liberi
488 4813 622 4874 eandem
649 4813 781 4876 domurn
802 4836 874 4877 cum
899 4818 987 4894 turri,
1013 4819 1099 4879 curia
1117 4832 1148 4880 et
1172 4817 1272 4879 fundo
1298 4839 1333 4879 ac
1358 4819 1428 4879 aliis
1445 4819 1483 4879 ad
1503 4819 1533 4878 id

273 4917 504 4999 pertinentibus
529 4919 614 4999 dare,
632 4921 770 4982 vendere
789 4935 819 4983 et
843 4937 1030 5004 perpetuare
1055 4924 1138 5003 juxta
1158 4927 1300 5008 ipsorum
1324 4925 1533 4987 voluntatem.

379 5024 455 5086 Item
482 5045 609 5087 causam
635 5027 715 5087 inter
741 5027 947 5091 Dominicum
973 5031 1127 5092 scolarem
1153 5031 1254 5094 filium
1281 5032 1478 5094 Jakchewicz
1503 5045 1534 5094 et
