3838 5786
355 457 420 533 408
658 535 660 540 Ι
739 456 826 514 Anno
848 445 937 533 147'2.
961 488 1005 500 —
1029 469 1078 532 14.
1102 457 1228 528 augusti.

1275 559 1617 566 ——--———--——-

463 669 539 729 item
577 670 652 750 quia
686 667 866 750 Stephanus
903 666 1044 728 Berthun
1084 685 1148 727 non
1179 664 1330 748 produxit
1360 683 1493 726 uxorem
1527 683 1617 724 suam

357 776 396 838 ad
421 774 577 857 judicium
602 774 641 835 ad
666 773 903 855 querimoniam
920 772 1111 849 vicinorum,
1136 786 1210 854 puta
1236 771 1375 849 Martini,
1401 770 1567 832 Michaelis
1591 786 1623 833 et

359 880 537 942 Fabianum
562 893 702 942 sutorem
728 897 882 960 generum
908 877 1018 957 Falen,
1043 897 1105 958 que
1131 877 1239 940 evasit.

463 987 541 1049 Item
567 987 643 1068 quia
668 985 806 1048 Mathias
829 985 931 1046 Wura
957 1003 1022 1046 non
1054 983 1234 1066 comparuit
1257 983 1288 1044 in
1314 982 1435 1064 judicio
1459 982 1509 1043 cui
1534 1000 1621 1042 com·

358 1095 489 1156 missurn
516 1093 576 1154 tuit
600 1111 786 1174 comparere
810 1091 850 1152 ad
875 1091 1016 1173 primum
1041 1089 1208 1172 judicium.

463 1203 541 1266 item
567 1203 643 1284 quia
668 1201 830 1264 Johannes
859 1199 1020 1282 Soldynar
1043 1199 1076 1260 in
1108 1217 1236 1261 causam
1260 1209 1422 1275 attractus,
1445 1198 1527 1258 trina
1552 1197 1621 1258 vice

357 1330 428 1374 corn
455 1325 548 1372 aruit.

432 1332 542 1478 pItem
575 1416 650 1498 quia
684 1413 865 1498 Stephanus
896 1425 927 1474 et
960 1413 1063 1476 Lucas
1093 1427 1232 1490 sutores,
1263 1425 1404 1490 actores,
1436 1427 1502 1470 non
1535 1427 1622 1470 com-

356 1537 541 1607 paruerunt.
841 1593 844 1601 ¹

464 1629 540 1691 Item
567 1627 800 1711 proclamatum
826 1641 872 1688 est
896 1627 1001 1708 primo
1022 1625 1063 1686 ad
1080 1625 1269 1686 instanciam
1294 1622 1449 1686 Johannis
1465 1620 1523 1683 filii
1549 1621 1620 1683 Sol-

357 1737 468 1821 dynar,
493 1734 640 1798 moderni
665 1733 771 1815 jurati,
797 1747 827 1795 et
851 1733 983 1794 domine
1008 1731 1183 1794 Katherine
1208 1730 1318 1792 matris
1342 1729 1498 1806 eiusdem,
1522 1747 1621 1810 penes

356 1844 464 1905 literas
488 1840 697 1922 obligatorias
720 1839 859 1901 condam
884 1838 1039 1901 iohannis
1067 1836 1123 1900 filii
1150 1837 1230 1899 Pero
1256 1835 1387 1897 Wblani
1414 1835 1502 1912 dicti,
1526 1852 1621 1915 super

357 1949 449 2012 terris
475 1947 650 2010 arabilibus
674 1961 704 2007 et
721 1945 810 2007 fenili
829 1946 861 2006 in
885 1945 1046 2008 territorio
1063 1943 1145 2005 dicte
1171 1943 1317 2022 civitatis,
1342 1961 1422 2024 quas
1445 1941 1505 2024 ipsi
1523 1960 1622 2024 penes

358 2058 466 2119 literas
488 2055 572 2117 dicte
596 2054 733 2116 civitatis
756 2053 894 2114 vendere
919 2052 1029 2115 velint.

411 2290 507 2366 Feria
535 2301 633 2364 sexta
661 2293 817 2382 proxima
846 2291 878 2362 in
907 2291 1026 2380 vigilia
1054 2288 1308 2380 Assumpcionts
1336 2289 1433 2360 beate
1463 2288 1569 2360 trane

913 2413 1066 2503 virginis.

867 2591 933 2664 (14.
958 2585 1101 2666 augusta).

465 2745 541 2804 Item
574 2743 789 2824 juramentum
822 2743 958 2826 provido
990 2745 1059 2805 viro
1087 2743 1253 2806 Anthonio
1284 2744 1398 2825 jurato,
1422 2743 1532 2822 sutori,
1565 2763 1622 2826 per

359 2853 480 2932 juratos
504 2851 587 2912 dicte
612 2851 748 2912 civitatis
779 2850 1009 2932 adjudicatum,
1041 2851 1170 2913 racione
1202 2848 1276 2912 furti
1309 2851 1525 2932 quorumdam
1551 2851 1621 2932 pul·

358 2959 463 3020 lorum
497 2957 620 3040 Gywan
655 2957 797 3018 Barbetii
830 2957 1052 3020 inhabitatoris
1083 2957 1167 3019 dicte
1203 2957 1349 3036 civitatis,
1380 2970 1488 3018 contra
1515 2956 1620 3038 ipsum

358 3064 482 3148 Gywan
507 3063 656 3144 deposuit
681 3077 714 3125 ut
737 3063 858 3125 debuit.

464 3169 539 3230 Item
558 3169 774 3250 juramentum
791 3184 901 3232 contra
915 3170 1053 3231 eundern
1073 3169 1210 3256 Gywan,
1224 3170 1358 3251 provida
1375 3170 1491 3231 mulier
1509 3170 1623 3254 Elyza·

358 3275 431 3338 beth
457 3275 564 3336 relicta
590 3275 727 3336 condam
754 3275 908 3358 Stephlyn
943 3275 1109 3354 carnificis,
1142 3275 1257 3338 eodem
1290 3277 1390 3338 modo
1415 3276 1565 3358 deposuit
1588 3291 1623 3338 ut

358 3383 469 3444 debuit
493 3381 620 3442 racione
646 3382 791 3462 premissi
817 3381 891 3443 furti
920 3401 1052 3444 suorum
1078 3383 1253 3464 pullorum.

463 3505 540 3567 Item
567 3505 684 3567 Paulus
717 3506 860 3568 Croacus
891 3507 1024 3568 maritus
1056 3507 1165 3569 relicte
1197 3506 1335 3568 condam
1365 3507 1529 3568 Benedicti
1554 3507 1622 3589 My·

358 3612 447 3696 lycza
481 3611 568 3690 dicti,
593 3612 648 3693 qui
681 3613 843 3676 interemit
875 3614 1033 3675 Briccium
1060 3613 1183 3676 Phister
1215 3613 1254 3676 de
1286 3627 1388 3675 castro
1415 3614 1550 3692 Medwe,
1574 3633 1621 3675 se·

359 3717 514 3779 cundario
539 3737 603 3779 non
629 3719 727 3797 venit,
751 3719 806 3782 sed
825 3739 904 3780 uror
928 3720 996 3781 eius
1016 3720 1197 3802 comparuit
1214 3739 1272 3801 pro
1296 3741 1341 3798 se,
1358 3733 1389 3781 et
1413 3720 1489 3801 quia
1514 3721 1622 3782 nullus

358 3824 480 3886 amicus
504 3837 535 3885 et
550 3839 739 3907 procurator
756 3826 855 3908 ipsius
878 3826 1002 3906 Briccii,
1027 3845 1131 3907 neque
1149 3826 1216 3908 ipse
1242 3827 1360 3888 Paulus
1377 3825 1520 3888 Croacus
1536 3845 1621 3888 com·

358 3930 463 4012 paruit
487 3949 596 3992 coram
621 3931 724 3994 nobis.

465 4053 542 4116 Item
568 4055 643 4135 quia
669 4055 780 4116 Stansa
813 4054 953 4117 famulus
981 4055 1110 4117 Thome
1143 4054 1260 4116 sutoris
1293 4053 1386 4136 jurati
1412 4055 1451 4118 de
1475 4057 1547 4118 vico
1570 4076 1621 4117 su·

360 4175 466 4222 torum
493 4173 601 4222 contra
628 4161 741 4245 Elyam
766 4175 913 4223 sutorem
946 4162 1051 4244 primo
1076 4162 1190 4224 citatus
1214 4181 1280 4222 non
1313 4163 1494 4244 comparuit
1518 4163 1550 4224 in
1574 4163 1621 4244 ju-

359 4267 445 4328 dicio
469 4287 577 4328 coram
602 4269 706 4330 nobis.

465 4374 543 4434 Item
569 4375 643 4455 quia
670 4375 788 4435 Paulek
807 4371 956 4454 carnifex,
981 4388 1079 4454 actor,
1097 4389 1206 4438 contra
1232 4375 1357 4461 Gurrey
1380 4377 1476 4439 tercia
1503 4377 1571 4438 vice
1588 4377 1620 4437 in

358 4480 478 4561 judicio
504 4501 568 4540 non
594 4481 785 4562 comparuit,
810 4495 840 4543 et
866 4479 983 4543 Gwran
1009 4482 1149 4562 agricola
1174 4483 1205 4544 in
1239 4503 1366 4545 causam
1391 4497 1542 4545 attractus
1565 4482 1621 4545 sed

360 4587 540 4669 comparuit
564 4607 670 4648 coram
697 4587 800 4650 nobis.

465 4710 541 4772 ltem
568 4731 694 4772 causam
725 4713 806 4773 inter
839 4713 967 4796 Endrey
998 4725 1153 4775 sartorem
1186 4728 1215 4774 et
1248 4715 1330 4775 inter
1355 4714 1527 4775 Martinam
1553 4734 1618 4775 car·

358 4819 539 4899 pentariurn
565 4819 693 4879 racione
718 4820 916 4902 recepcionis
940 4820 1113 4900 lignorum,
1139 4821 1204 4902 ipse
1231 4821 1387 4881 Martinus
1408 4821 1504 4882 debet
1533 4840 1619 4882 com·

357 4926 493 5005 probare
526 4945 582 5007 per
615 4925 784 4986 dominum
818 4926 955 4988 Paulum
987 4927 1260 5006 archidiaconum,
1292 4928 1380 5009 quod
1413 4928 1479 5010 ipse
1513 4929 1617 4990 eidem
