3738 5786
393 453 434 514 86
770 451 857 508 Anno
880 459 968 527 1455.
995 483 1036 492 -
1060 463 1111 525 24.
1129 445 1282 523 januarii.

1173 556 1307 562 ———
1327 555 1514 562 ...—--..——-
1528 553 1661 561 --—.—-

398 667 438 728 ad
464 665 616 748 premissa
634 683 689 746 per
707 684 765 725 nos
783 663 945 724 amonitus
962 660 1076 724 eadem
1101 679 1163 741 que
1182 660 1241 742 ipsi
1260 659 1418 741 Gregorio
1436 678 1547 722 socero
1565 659 1663 741 ipsius

401 773 526 835 Nicolai
551 771 655 834 lacere
680 771 954 848 commiseramus,
980 769 1083 830 lacere
1101 768 1228 851 penitus
1252 768 1420 846 recusavit,
1447 780 1478 829 et
1501 766 1576 848 quia
1594 785 1662 848 pre·

397 879 499 942 dictus
524 880 626 941 Lucas
650 891 749 956 sutor,
782 876 913 958 juratus,
946 874 1087 958 predicta
1113 874 1204 935 dacia
1237 873 1445 935 dominorum
1479 887 1662 934 nostrorum

395 986 614 1069 predictorum
638 997 669 1045 et
693 997 816 1046 nostras
833 1001 1022 1044 communes
1046 995 1133 1042 taxas
1150 1000 1185 1042 ac
1203 980 1388 1061 vigilaturas
1412 999 1449 1040 ac
1473 979 1535 1040 alia
1552 978 1662 1040 debita

396 1107 427 1154 et
451 1105 632 1175 opportuna
656 1091 788 1152 servicia
813 1103 919 1151 nostra
949 1087 1135 1150 communia
1168 1087 1262 1169 plene
1287 1085 1440 1168 persolvit
1463 1099 1494 1146 et
1518 1085 1663 1147 exhibuit

395 1199 436 1262 de
461 1199 602 1281 predicta
628 1198 726 1259 domo
751 1212 782 1258 et
806 1194 908 1257 fundo
940 1215 975 1256 ac
1000 1194 1119 1256 celario
1152 1193 1227 1254 dicti
1254 1191 1404 1273 Gregorii
1430 1190 1661 1274 Wrecharych,

397 1307 537 1386 ideoque
561 1304 655 1385 jurati
681 1303 779 1364 nostri
797 1301 945 1364 moderni
970 1300 1144 1383 supradicti
1162 1299 1337 1382 predictam
1364 1299 1509 1377 domurn,
1526 1296 1663 1359 fundum

397 1425 428 1474 et
454 1411 607 1473 celarium
632 1410 738 1471 medie
763 1410 849 1470 curie
867 1409 967 1490 ipsius
991 1406 1140 1487 Gregorii
1158 1405 1378 1488 Wrecharych
1395 1424 1467 1466 curn
1485 1405 1550 1466 suis
1568 1404 1663 1486 perti-

397 1519 519 1581 nenciis
543 1517 667 1600 prelato
694 1518 778 1579 Luce
804 1515 918 1598 jurato,
943 1515 1068 1576 concivi
1098 1527 1220 1593 nostro,
1245 1533 1280 1575 ac
1304 1533 1361 1596 per
1386 1532 1460 1576 eum
1484 1513 1549 1574 suis
1573 1512 1664 1574 here-

399 1627 495 1688 dibus
518 1624 775 1705 adjudicavimus
792 1638 823 1685 et
839 1621 1078 1684 cofirmavimus
1095 1636 1252 1703 perpetuo
1277 1620 1504 1702 possidendam
1529 1632 1561 1682 et
1584 1639 1663 1702 quo·

397 1732 640 1812 modocumque
664 1731 803 1792 voluerit
822 1728 1062 1811 ‘disponendam
1080 1727 1167 1810 juxta
1189 1727 1415 1789 condicionem
1442 1727 1578 1788 civitatis
1594 1747 1663 1809 pre·

398 1851 507 1900 notate
531 1837 766 1918 privilegiatam
792 1837 831 1898 ab
856 1837 990 1916 antiquo
1018 1835 1238 1917 approbatam.

503 1944 582 2007 ltem
601 1943 737 2006 Cosmas
754 1943 957 2005 barbitonsor
977 1955 1088 2004 contra
1108 1941 1293 2024 Philippum
1312 1941 1501 2003 servitorem
1526 1940 1664 2003 Emerici

399 2052 554 2114 Zuetania
579 2051 684 2133 primo
708 2051 822 2113 citatus
846 2069 911 2111 non
936 2049 1128 2131 comparuit.

505 2157 583 2219 Item
609 2157 733 2219 Blasius
759 2155 976 2239 Kylawchych
995 2167 1106 2217 contra
1132 2155 1313 2218 iohannem
1338 2153 1520 2217 carnificem
1545 2153 1664 2216 Plakan

398 2264 680 2330 seeundoreitatus
704 2283 770 2325 non
795 2263 985 2345 comparuit.

506 2369 584 2431 ltem
609 2368 762 2432 Clemens
778 2367 918 2451 lrenipar
942 2367 1063 2448 juratus
1081 2381 1190 2431 contra
1216 2367 1382 2429 Thomam
1407 2366 1546 2448 juratum
1563 2365 1665 2428 filium

399 2476 510 2539 Jacobi
534 2475 639 2558 primo
663 2476 777 2538 citatus
801 2495 866 2537 non
891 2475 1080 2557 comparuit.

507 2581 584 2642 ltem
610 2601 683 2642 cum
718 2581 879 2642 lohannes
912 2581 1003 2642 aliter
1036 2581 1125 2642 Hans
1149 2593 1293 2660 vocatus,
1324 2598 1497 2661 germanus
1528 2579 1666 2641 condam

402 2688 536 2751 Seboldi
561 2689 673 2770 Mayar
697 2688 785 2770 olym
817 2688 975 2770 capitanei
1007 2688 1118 2766 nostri,
1143 2701 1287 2770 tempore
1322 2688 1478 2769 presentis
1509 2686 1666 2768 judicatus

399 2793 512 2878 prelati
537 2795 700 2856 Valentini
732 2792 847 2876 judicis
878 2794 1051 2876 quemdam
1080 2793 1235 2875 (h)ortum
1267 2793 1408 2872 civilem,
1446 2793 1501 2875 qui
1528 2791 1665 2854 condam

400 2901 540 2964 Ladislai
566 2902 682 2964 sutoris
707 2901 959 2984 Fudrichewych
987 2899 1125 2984 prefuit,
1157 2903 1197 2963 ab
1230 2921 1329 2962 uxore
1353 2901 1497 2962 eiusdem
1524 2898 1663 2961 Ladislai

401 3009 518 3070 sutoris
542 3009 670 3070 emisset
695 3022 726 3070 et
742 3009 867 3070 literam
892 3008 1027 3070 civitatis
1044 3007 1278 3090 privilegialem
1304 3027 1400 3090 super
1417 3007 1532 3068 eodem
1550 3005 1668 3088 (h)orto

403 3115 488 3176 civili
515 3135 571 3196 per
602 3113 760 3196 prelatum
794 3114 1002 3176 Valentinum
1035 3113 1174 3194 judicem
1200 3113 1313 3175 confici
1347 3127 1379 3175 et
1403 3113 1544 3174 emanari
1569 3131 1604 3173 ac
1628 3111 1668 3172 si·

401 3220 508 3303 gillari
533 3225 637 3282 facere
662 3221 866 3303 postulasset,
890 3233 966 3282 tunc
991 3221 1076 3281 idem
1107 3219 1268 3281 lohannes
1291 3239 1465 3300 germanus
1490 3219 1589 3300 ipsius
1614 3217 1668 3280 Se·

403 3327 493 3389 boldi
519 3328 705 3410 peripsum
737 3327 946 3390 Valentinum
975 3326 1117 3408 judicem
1149 3325 1188 3387 ad
1213 3326 1420 3408 prestandum
1452 3325 1669 3405 juramentum

403 3453 493 3495 more
519 3434 656 3494 aliorum
682 3453 841 3495 novorum
866 3433 985 3494 civium
1011 3431 1146 3493 civitatis
1173 3431 1314 3514 predicte
1339 3431 1371 3492 in
1396 3451 1435 3493 eo
1459 3445 1598 3514 prestare
1615 3431 1669 3492 de·

405 3541 480 3602 bere
512 3540 675 3602 amonitus
699 3553 729 3601 et
760 3541 893 3602 allectus
924 3538 1045 3617 luisset,
1080 3552 1115 3600 ut
1147 3539 1214 3621 ipse
1239 3539 1402 3601 lohannes
1427 3539 1458 3600 in
1484 3558 1537 3600 ara
1562 3551 1669 3599 sancte

404 3647 517 3711 Crucis
541 3649 573 3709 in
599 3648 732 3710 ecclesia
757 3661 865 3709 nostra
889 3646 1065 3729 parochiali
1103 3647 1186 3709 beati
1212 3647 1311 3709 Marci
1336 3646 1542 3727 ewangeliste
1566 3645 1669 3726 jurare

403 3755 577 3834 debuisset,
600 3768 635 3816 ut
659 3755 726 3837 ipse
751 3755 885 3816 domino
902 3767 1012 3815 nostro
1041 3754 1211 3836 temporali
1236 3774 1295 3836 pro
1319 3767 1467 3837 tempore
1490 3774 1586 3836 super
1611 3773 1670 3816 nos

403 3861 589 3941 constituto,
607 3863 712 3943 primo
730 3876 760 3923 et
776 3861 905 3922 tandem
924 3861 1147 3923 communitati
1165 3875 1270 3922 nostre
1289 3861 1393 3922 fidelis
1409 3881 1475 3922 esse
1490 3861 1670 3936 debuisset;

403 3981 434 4028 et
458 3967 535 4029 dum
558 3967 642 4028 idem
669 3968 831 4030 lohannes
855 3987 911 4049 per
937 3968 1041 4049 ipsum
1064 3968 1272 4029 Valentinum
1298 3968 1438 4050 judicem
1462 3968 1502 4030 ad
1527 3981 1670 4050 prestan-

404 4075 481 4136 dum
507 4075 612 4156 ipsum
630 4074 846 4155 juramentum
871 4075 903 4135 in
921 4074 1062 4156 pretorio
1080 4088 1189 4136 nostro
1207 4076 1375 4136 communi
1400 4089 1431 4137 et
1448 4076 1480 4136 in
1506 4075 1670 4158 presencia

402 4181 507 4242 tocius
531 4182 772 4244 communitatis
796 4182 957 4243 amonitus
982 4195 1012 4243 et
1029 4181 1162 4242 allectus
1186 4178 1306 4260 fuisset,
1323 4195 1400 4243 tunc
1424 4183 1491 4264 ipse
1508 4181 1671 4244 lohannes

404 4286 524 4348 ibidem
550 4307 657 4349 coram
682 4301 748 4350 tota
773 4288 1003 4349 communitate
1032 4307 1071 4348 eo
1104 4288 1202 4350 modo
1227 4288 1394 4370 respondit
1425 4289 1489 4350 alta
1512 4309 1603 4368 voce,
1635 4301 1671 4351 ut

404 4393 470 4474 ipse
503 4413 661 4475 supereo
694 4395 828 4456 omnino
860 4395 963 4476 jurare
994 4394 1109 4473 noluit,
1141 4395 1229 4476 quod
1258 4396 1325 4476 ipse
1358 4397 1502 4478 predicto
1535 4396 1670 4458 domino

405 4511 514 4559 nostro
546 4513 576 4560 et
600 4499 659 4580 ipsi
694 4501 917 4562 communitati
950 4499 1054 4561 lidelis
1086 4520 1153 4562 esse
1185 4502 1340 4564 voluisset
1363 4517 1393 4566 et
1418 4503 1591 4583 debuisset,
1614 4503 1669 4565 sed

405 4603 516 4684 pocius
534 4604 619 4666 idem
637 4606 799 4668 lohannes
815 4626 909 4688 super
926 4607 987 4667 boc
1003 4606 1106 4687 jurare
1129 4608 1292 4688 voluisset,
1311 4610 1399 4690 quod
1417 4611 1485 4692 ipse
1501 4629 1669 4692 nunquam

405 4709 465 4790 ipsi
490 4712 712 4772 communitati
737 4727 842 4774 nostre
867 4711 970 4773 fidelis
992 4727 1059 4774 esse
1084 4713 1238 4778 voluisset
1266 4736 1372 4798 neque
1397 4717 1495 4780 vellet
1518 4718 1587 4780 ullo
1610 4738 1669 4780 un·

408 4835 504 4898 quam
530 4829 674 4898 ternpore
699 4838 799 4899 usque
825 4819 863 4879 ad
888 4819 985 4879 vitam
1011 4838 1112 4882 suam.

929 4965 1139 4984 -φο-ο-ιῌ
