3818 5786
407 534 448 594 34
820 517 906 575 Anno
929 529 1019 595 1452.
1044 553 1085 561 -
1110 531 1158 578 12.
1182 520 1262 579 mari.

403 727 436 790 in
460 749 499 790 eo
523 728 742 808 adjudicatum
759 729 895 810 prestitit
920 744 950 790 et
974 730 1124 813 deposuit
1147 731 1200 792 tali
1220 732 1331 811 mode,
1355 745 1390 793 ut
1410 731 1478 814 ipse
1503 732 1674 793 Emericus·

403 833 527 916 prefato
552 834 682 896 Thome
704 833 843 896 carnifici
869 854 969 898 unum
995 834 1154 898 florenum
1173 835 1329 900 debitorie
1354 837 1570 919 obligaretur;
1595 836 1669 899 ideo

404 947 508 1022 ipsum
534 941 698 1002 Thomam
723 940 904 1004 carnificem
929 962 1024 1025 super
1048 943 1256 1025 deposicione
1281 944 1380 1025 ipsius
1404 943 1575 1026 juramenti
1599 942 1669 1004 red·

404 1047 546 1109 didimus
569 1046 638 1110 fore
662 1048 858 1131 expeditum,
891 1049 953 1131 ipsi
986 1063 1093 1111 autern
1118 1050 1268 1113 Emerico
1294 1050 1325 1111 id
1357 1049 1552 1132 judicialiter
1582 1068 1669 1112 com-

404 1155 550 1216 misimus
573 1168 608 1218 ut
631 1155 737 1238 ipsum
762 1155 922 1217 florenum
946 1156 1013 1217 auri
1031 1156 1211 1238 predictum
1237 1155 1360 1240 prelato
1378 1156 1508 1218 Thome
1530 1154 1670 1218 carnifici

403 1280 505 1343 usque
530 1261 773 1344 quindecimum
798 1262 884 1324 diem
910 1262 1092 1344 persolvere
1112 1263 1209 1326 debet
1233 1262 1318 1344 juxta
1342 1262 1501 1346 justiciam
1527 1275 1669 1326 nostram

402 1369 649 1451 privilegiatam.

511 1474 588 1536 Item
613 1475 689 1557 quia
713 1474 815 1538 Elena
833 1475 942 1538 relicta
967 1476 1105 1538 condam
1123 1476 1252 1558 Mathye
1278 1476 1393 1540 sutoris
1411 1476 1493 1558 nigri
1511 1476 1543 1537 in
1568 1475 1669 1538 mani-

405 1579 485 1643 festo
510 1579 672 1644 surricinio
697 1595 854 1644 certarum
880 1583 1089 1664 pecuniarum
1122 1582 1290 1644 cuiusdam
1314 1583 1399 1644 Petri
1423 1583 1541 1645 sutoris
1563 1582 1670 1643 taliter

403 1701 527 1771 reperta
553 1701 609 1767 est,
644 1688 734 1770 quod
758 1688 825 1772 ipsa
850 1701 924 1750 octo
947 1708 1062 1770 pensas
1087 1689 1293 1750 denariorum
1317 1689 1553 1751 viennensium
1571 1689 1670 1771 ipsius

368 1821 370 1826 ’
402 1794 487 1856 Petri
511 1796 627 1856 sutoris
651 1796 690 1856 ab
716 1795 832 1857 eodem
856 1795 950 1857 Petro
974 1809 1081 1857 sutore
1106 1795 1371 1858 certitudinaliter
1395 1797 1568 1873 subtraxit;
1593 1796 1668 1858 ideo

403 1901 504 1983 ipsam
529 1921 587 1983 pro
611 1901 714 1983 prima
738 1902 941 1964 correccione
974 1903 1013 1963 de
1046 1903 1173 1964 civitate
1198 1916 1229 1964 et
1253 1903 1321 1964 eius
1352 1903 1512 1965 territorio
1536 1903 1669 1984 judicia·

403 2007 475 2070 liter
499 2007 700 2069 decrevimus
724 2007 792 2096 fore
817 2009 1042 2092 expellendam
1067 2029 1103 2069 ex
1123 2009 1281 2092 expellere
1303 2007 1437 2071 fecimus
1460 2009 1545 2092 juxta
1563 2010 1669 2091 legem

402 2127 544 2176 nostram
568 2113 815 2196 privilegiatam,
840 2115 1064 2176 commitentes
1080 2115 1197 2194 eidem,
1222 2129 1257 2177 ut
1273 2115 1312 2177 de
1336 2129 1442 2178 cetero
1467 2130 1497 2177 et
1522 2135 1578 2198 per
1602 2136 1669 2176 am-

403 2221 489 2303 plius
513 2219 552 2281 ad
571 2221 731 2282 civitatem
757 2235 788 2282 et
812 2221 880 2282 eius
896 2223 1093 2284 territorium
1112 2222 1223 2283 eadem
1243 2223 1344 2285 Elena
1368 2224 1484 2286 mulier
1502 2243 1668 2305 nunquam

404 2327 522 2388 intrare
546 2327 672 2406 debeat,
697 2347 760 2408 que
777 2328 803 2388 si
828 2329 859 2388 in
879 2329 1005 2390 civitate
1031 2341 1062 2390 et
1086 2328 1154 2390 eius
1170 2330 1331 2390 territorio
1348 2329 1546 2412 deprehensa
1563 2329 1669 2408 luerit,

404 2431 491 2514 juxta
516 2432 670 2495 demerita
694 2453 751 2495 sua
775 2453 890 2516 penam
914 2454 1011 2516 quam
1042 2434 1236 2496 demeruerit
1260 2450 1474 2517 consequetur
1489 2436 1575 2518 juxta
1592 2455 1669 2498 con-

403 2552 490 2602 tenta
514 2540 676 2622 privilegii
701 2541 801 2602 nostri
827 2542 1018 2604 communis.

484 2739 581 2814 Feria
611 2749 709 2814 sexta
737 2746 891 2832 proxima
920 2751 997 2833 post
1029 2744 1152 2816 festum
1180 2747 1290 2816 sancti
1319 2745 1483 2835 Johannis
1513 2751 1589 2816 ante

878 2876 1014 2958 portam
1043 2868 1195 2940 latinam.

948 3025 1011 3100 (12.
1036 3019 1133 3102 maie).

512 3161 590 3222 ltem
616 3161 691 3242 quia
723 3161 878 3223 discretus
902 3162 949 3222 vir
980 3161 1131 3223 dominus
1156 3160 1309 3224 Clemens
1339 3162 1495 3245 presbiter
1518 3163 1669 3244 magister

405 3266 571 3349 hospitalis
595 3267 695 3328 nostri
720 3267 902 3328 communis
934 3268 1026 3329 beate
1061 3267 1161 3329 Marie
1186 3267 1328 3349 virginis,
1360 3282 1547 3351 procurator
1576 3269 1669 3350 legit·

404 3373 502 3434 timus
525 3373 584 3434 viri
609 3373 735 3455 providi
761 3386 791 3433 et
813 3373 938 3434 honesti
958 3374 1073 3435 Marini
1098 3375 1186 3456 olym
1203 3373 1318 3455 judicis
1342 3389 1372 3436 et
1388 3375 1529 3437 concivis
1553 3375 1664 3454 nostri,

404 3476 461 3539 lilii
479 3477 634 3539 lobannis
652 3477 728 3540 dicti
745 3478 885 3561 Klarych
910 3479 949 3539 de
976 3479 1113 3562 Segnya,
1144 3499 1201 3562 per
1218 3481 1356 3543 eundem
1375 3482 1536 3543 Marinum
1561 3482 1667 3544 litera-

403 3584 483 3646 torie
508 3597 539 3646 et
562 3583 719 3664 legittime
745 3584 946 3664 constitutus,
971 3585 1003 3646 id
1036 3604 1110 3646 cum
1134 3584 1304 3648 sufficienti
1337 3599 1367 3648 et
1391 3586 1556 3668 fidedigno
1580 3589 1667 3650 testi·

404 3690 515 3751 monio
539 3690 666 3752 discreti
690 3691 750 3751 viri
775 3690 899 3752 domini
922 3692 1047 3753 Nicolai
1066 3693 1232 3774 presbiteri
1257 3693 1386 3774 plebani
1411 3694 1543 3756 ecclesie
1561 3708 1667 3756 nostre

402 3795 595 3878 parochialis
619 3797 702 3858 beati
728 3797 827 3858 Marci
855 3799 1062 3879 ewangeliste
1095 3811 1126 3859 et
1151 3799 1312 3860 Valentini
1344 3799 1501 3862 tributarii
1527 3802 1668 3862 concivis

403 3903 503 3963 nostri
528 3922 636 3964 coram
661 3903 755 3964 nobis
777 3903 876 3964 hodie
895 3904 927 3964 in
945 3903 1065 3985 judicio
1082 3905 1166 3966 clare
1191 3906 1425 3988 comprobavit,
1448 3919 1483 3967 ut
1506 3906 1583 3968 dum
1601 3911 1668 3968 An·

402 4008 534 4070 thonius
557 4009 691 4070 servitor
713 4006 827 4092 prelati
851 4010 990 4071 condam
1014 4011 1130 4072 Marini
1154 4010 1270 4092 judicis
1294 4011 1326 4073 in
1351 4012 1500 4074 extremis
1523 4013 1586 4074 vite
1610 4033 1668 4076 sue

402 4114 589 4196 temporalis
612 4115 796 4194 laborasset,
827 4129 903 4178 tunc
936 4117 1003 4198 ipse
1034 4117 1168 4179 domum
1192 4138 1282 4180 suam
1309 4120 1341 4180 in
1372 4118 1500 4180 civitate
1523 4119 1667 4201 predicta

403 4219 489 4299 juxta
513 4233 661 4282 contenta
685 4221 847 4303 privilegii
864 4223 1035 4304 superinde
1057 4243 1116 4305 pro
1133 4239 1221 4306 parte
1246 4225 1294 4286 sui
1313 4223 1449 4287 confecti
1474 4239 1505 4286 et
1528 4227 1667 4288 emanati

401 4327 507 4388 taliter
531 4329 670 4389 vendere
687 4329 824 4410 legasset
840 4342 871 4390 et
888 4329 1070 4410 dimisisset,
1092 4345 1127 4393 ut
1142 4331 1169 4392 si
1186 4331 1314 4394 Cherna
1332 4331 1448 4394 mulier
1472 4352 1552 4394 uxor
1569 4333 1668 4416 ipsius

401 4432 556 4494 Anthonii
589 4448 661 4516 post
691 4448 829 4496 mortem
861 4435 1006 4498 eiusdem
1042 4436 1198 4499 Anthonii
1232 4438 1263 4500 in
1299 4439 1455 4500 viduitate
1492 4460 1595 4522 usque
1627 4441 1667 4503 ad

401 4551 539 4600 mortem
570 4559 661 4600 suam
693 4560 896 4622 perseverare
927 4542 1067 4604 voluerit
1098 4556 1129 4606 et
1160 4546 1420 4626 perseveraverit,
1452 4560 1528 4609 tunc
1559 4548 1666 4610 eidem

402 4643 529 4706 Cherne
553 4645 681 4707 mulieri
706 4647 773 4728 ipse
798 4649 941 4709 Marinus
958 4649 1052 4731 judex
1070 4664 1125 4711 aut
1149 4650 1217 4733 ipse
1241 4666 1430 4734 procurator
1446 4673 1523 4715 suus
1548 4655 1580 4716 in
1598 4675 1668 4736 pre·

402 4749 485 4812 dicta
511 4751 609 4813 domo
635 4753 734 4834 ipsius
757 4754 913 4816 Anthonii
941 4776 1038 4817 unam
1057 4777 1216 4819 cameram
1242 4760 1282 4820 ad
1308 4759 1554 4822 inhabitandum
1579 4761 1613 4822 in
1630 4782 1667 4823 ea

401 4858 567 4937 usquead
592 4872 728 4919 mortem
753 4880 842 4920 suam
876 4862 951 4921 dare
983 4863 1099 4924 debeat
1131 4878 1162 4926 et
1185 4867 1358 4946 assignare,
1392 4866 1527 4929 domum
1559 4881 1666 4930 autem

401 4961 576 5042 predictam
602 4964 740 5027 vendere
765 4967 880 5028 debeat
905 4981 936 5030 et
960 4989 1017 5050 pro
1042 4971 1149 5032 anima
1177 4973 1277 5054 ipsius
1300 4973 1458 5036 Anthonii
1483 4976 1665 5057 expendere
