<?xml version="1.0" encoding="UTF-8"?>
<!DOCTYPE html PUBLIC "-//W3C//DTD XHTML 1.0 Transitional//EN"
    "http://www.w3.org/TR/xhtml1/DTD/xhtml1-transitional.dtd">
<html xmlns="http://www.w3.org/1999/xhtml" xml:lang="en" lang="en">
 <head>
  <title>
</title>
<meta http-equiv="Content-Type" content="text/html;charset=utf-8" />
  <meta name='ocr-system' content='tesseract 3.04.00' />
  <meta name='ocr-capabilities' content='ocr_page ocr_carea ocr_par ocr_line ocrx_word'/>
</head>
<body>
  <div class='ocr_page' id='page_1' title='image "./monumentahistor13laszgoog_0357.png"; bbox 0 0 3694 5782; ppageno 0'>
   <div class='ocr_carea' id='block_1_1' title="bbox 590 523 1435 606">
    <p class='ocr_par' dir='ltr' id='par_1_1' title="bbox 590 523 1435 606">
     <span class='ocr_line' id='line_1_1' title="bbox 590 523 1435 606; baseline -0.005 -20"><span class='ocrx_word' id='word_1_1' title='bbox 590 531 674 586; x_wconf 84' lang='lat' dir='ltr'>Anno</span> <span class='ocrx_word' id='word_1_2' title='bbox 698 525 792 605; x_wconf 80' lang='lat'><em>1466.</em></span> <span class='ocrx_word' id='word_1_3' title='bbox 819 562 859 570; x_wconf 95' lang='lat'><em>-</em></span> <span class='ocrx_word' id='word_1_4' title='bbox 882 542 913 606; x_wconf 72' lang='lat'>4.</span> <span class='ocrx_word' id='word_1_5' title='bbox 931 529 1016 604; x_wconf 81' lang='lat' dir='ltr'>julii.</span> <span class='ocrx_word' id='word_1_6' title='bbox 1047 523 1052 533; x_wconf 86' lang='lat'>&#39;</span> <span class='ocrx_word' id='word_1_7' title='bbox 1375 543 1435 605; x_wconf 83' lang='lat'>²97</span> 
     </span>
    </p>
   </div>
   <div class='ocr_carea' id='block_1_2' title="bbox 175 637 221 644">
    <p class='ocr_par' dir='ltr' id='par_1_2' title="bbox 175 637 221 644">
     <span class='ocr_line' id='line_1_2' title="bbox 175 637 221 644; baseline -0.022 -2"><span class='ocrx_word' id='word_1_8' title='bbox 175 637 221 644; x_wconf 65' lang='grc' dir='ltr'><strong>μ..-</strong></span> 
     </span>
    </p>
   </div>
   <div class='ocr_carea' id='block_1_3' title="bbox 172 739 1436 1358">
    <p class='ocr_par' dir='ltr' id='par_1_3' title="bbox 173 739 1434 930">
     <span class='ocr_line' id='line_1_3' title="bbox 174 739 1434 823; baseline -0.003 -21"><span class='ocrx_word' id='word_1_9' title='bbox 174 743 292 822; x_wconf 77' lang='lat' dir='ltr'>judicio</span> <span class='ocrx_word' id='word_1_10' title='bbox 318 742 493 823; x_wconf 87' lang='lat' dir='ltr'>juratorum</span> <span class='ocrx_word' id='word_1_11' title='bbox 520 742 586 822; x_wconf 91' lang='lat' dir='ltr'>ipse</span> <span class='ocrx_word' id='word_1_12' title='bbox 605 741 758 802; x_wconf 87' lang='lat' dir='ltr'>Nicolaus</span> <span class='ocrx_word' id='word_1_13' title='bbox 782 755 883 800; x_wconf 85' lang='lat' dir='ltr'>sartor</span> <span class='ocrx_word' id='word_1_14' title='bbox 904 759 967 800; x_wconf 92' lang='lat' dir='ltr'>non</span> <span class='ocrx_word' id='word_1_15' title='bbox 986 753 1155 800; x_wconf 89' lang='lat' dir='ltr'>contentus</span> <span class='ocrx_word' id='word_1_16' title='bbox 1180 740 1211 799; x_wconf 92' lang='lat' dir='ltr'>in</span> <span class='ocrx_word' id='word_1_17' title='bbox 1237 739 1434 820; x_wconf 84' lang='lat' dir='ltr'>presenciam</span> 
     </span>
     <span class='ocr_line' id='line_1_4' title="bbox 173 847 713 930; baseline 0 -22"><span class='ocrx_word' id='word_1_18' title='bbox 173 849 334 910; x_wconf 89' lang='lat' dir='ltr'>seniorum</span> <span class='ocrx_word' id='word_1_19' title='bbox 361 847 535 930; x_wconf 84' lang='lat' dir='ltr'>appellavit</span> <span class='ocrx_word' id='word_1_20' title='bbox 559 847 713 929; x_wconf 87' lang='lat' dir='ltr'>judicum.</span> 
     </span>
    </p>

    <p class='ocr_par' dir='ltr' id='par_1_4' title="bbox 172 951 1436 1358">
     <span class='ocr_line' id='line_1_5' title="bbox 277 951 1434 1015; baseline -0.003 0"><span class='ocrx_word' id='word_1_21' title='bbox 277 955 354 1015; x_wconf 91' lang='lat' dir='ltr'>ltem</span> <span class='ocrx_word' id='word_1_22' title='bbox 380 973 507 1014; x_wconf 87' lang='lat' dir='ltr'>causam</span> <span class='ocrx_word' id='word_1_23' title='bbox 541 955 622 1014; x_wconf 91' lang='lat' dir='ltr'>inter</span> <span class='ocrx_word' id='word_1_24' title='bbox 654 953 817 1014; x_wconf 88' lang='lat' dir='ltr'>Thomam</span> <span class='ocrx_word' id='word_1_25' title='bbox 851 951 984 1014; x_wconf 90' lang='lat' dir='ltr'>Cheden</span> <span class='ocrx_word' id='word_1_26' title='bbox 1010 965 1041 1013; x_wconf 89' lang='lat' dir='ltr'>et</span> <span class='ocrx_word' id='word_1_27' title='bbox 1073 952 1264 1013; x_wconf 88' lang='lat' dir='ltr'>Michaelem</span> <span class='ocrx_word' id='word_1_28' title='bbox 1291 952 1434 1013; x_wconf 86' lang='lat' dir='ltr'>baccula-</span> 
     </span>
     <span class='ocr_line' id='line_1_6' title="bbox 173 1058 1436 1142; baseline -0.003 -20"><span class='ocrx_word' id='word_1_29' title='bbox 173 1062 252 1122; x_wconf 89' lang='lat' dir='ltr'>rium</span> <span class='ocrx_word' id='word_1_30' title='bbox 278 1061 370 1140; x_wconf 79' lang='lat' dir='ltr'>jurati</span> <span class='ocrx_word' id='word_1_31' title='bbox 397 1073 650 1142; x_wconf 84' lang='lat' dir='ltr'>prorogaverunt</span> <span class='ocrx_word' id='word_1_32' title='bbox 674 1079 776 1140; x_wconf 90' lang='lat' dir='ltr'>usque</span> <span class='ocrx_word' id='word_1_33' title='bbox 794 1059 932 1140; x_wconf 88' lang='lat' dir='ltr'>primurn</span> <span class='ocrx_word' id='word_1_34' title='bbox 955 1058 1123 1140; x_wconf 85' lang='lat' dir='ltr'>judicium,</span> <span class='ocrx_word' id='word_1_35' title='bbox 1147 1073 1182 1120; x_wconf 92' lang='lat' dir='ltr'>ut</span> <span class='ocrx_word' id='word_1_36' title='bbox 1200 1060 1264 1140; x_wconf 89' lang='lat' dir='ltr'>ipse</span> <span class='ocrx_word' id='word_1_37' title='bbox 1290 1060 1436 1120; x_wconf 83' lang='lat' dir='ltr'><strong>Thomas</strong></span> 
     </span>
     <span class='ocr_line' id='line_1_7' title="bbox 172 1165 1432 1248; baseline -0.002 -19"><span class='ocrx_word' id='word_1_38' title='bbox 172 1167 304 1229; x_wconf 90' lang='lat' dir='ltr'>Cheden</span> <span class='ocrx_word' id='word_1_39' title='bbox 329 1181 425 1228; x_wconf 86' lang='lat' dir='ltr'>testes</span> <span class='ocrx_word' id='word_1_40' title='bbox 449 1167 627 1248; x_wconf 88' lang='lat' dir='ltr'>producere</span> <span class='ocrx_word' id='word_1_41' title='bbox 652 1167 823 1243; x_wconf 81' lang='lat' dir='ltr'>tenebitur,</span> <span class='ocrx_word' id='word_1_42' title='bbox 849 1185 929 1246; x_wconf 89' lang='lat' dir='ltr'>quos</span> <span class='ocrx_word' id='word_1_43' title='bbox 954 1179 1063 1227; x_wconf 89' lang='lat' dir='ltr'>contra</span> <span class='ocrx_word' id='word_1_44' title='bbox 1090 1166 1193 1248; x_wconf 91' lang='lat' dir='ltr'>ipsum</span> <span class='ocrx_word' id='word_1_45' title='bbox 1221 1165 1432 1226; x_wconf 86' lang='lat' dir='ltr'>baccalarium</span> 
     </span>
     <span class='ocr_line' id='line_1_8' title="bbox 172 1274 552 1358; baseline -0.008 -22"><span class='ocrx_word' id='word_1_46' title='bbox 172 1275 347 1358; x_wconf 90' lang='lat' dir='ltr'>producere</span> <span class='ocrx_word' id='word_1_47' title='bbox 372 1274 552 1356; x_wconf 84' lang='lat' dir='ltr'>assumpsit.</span> 
     </span>
    </p>
   </div>
   <div class='ocr_carea' id='block_1_4' title="bbox 399 1511 1208 1748">
    <p class='ocr_par' dir='ltr' id='par_1_5' title="bbox 399 1511 1208 1748">
     <span class='ocr_line' id='line_1_9' title="bbox 399 1511 1208 1600; baseline 0 -18"><span class='ocrx_word' id='word_1_48' title='bbox 399 1513 545 1582; x_wconf 84' lang='lat' dir='ltr'>Sabbata</span> <span class='ocrx_word' id='word_1_49' title='bbox 575 1514 728 1600; x_wconf 87' lang='lat' dir='ltr'>proximo</span> <span class='ocrx_word' id='word_1_50' title='bbox 758 1519 836 1582; x_wconf 86' lang='lat' dir='ltr'>ante</span> <span class='ocrx_word' id='word_1_51' title='bbox 865 1511 985 1583; x_wconf 84' lang='lat' dir='ltr'>testum</span> <span class='ocrx_word' id='word_1_52' title='bbox 1014 1511 1208 1584; x_wconf 83' lang='lat' dir='ltr'>Trinitatis.</span> 
     </span>
     <span class='ocr_line' id='line_1_10' title="bbox 711 1664 897 1748; baseline 0.022 -25"><span class='ocrx_word' id='word_1_53' title='bbox 711 1664 775 1744; x_wconf 76' lang='lat'><em>(31.</em></span> <span class='ocrx_word' id='word_1_54' title='bbox 799 1665 897 1748; x_wconf 70' lang='lat' dir='ltr'>araia).</span> 
     </span>
    </p>
   </div>
   <div class='ocr_carea' id='block_1_5' title="bbox 166 1806 1435 3911">
    <p class='ocr_par' dir='ltr' id='par_1_6' title="bbox 167 1806 1435 3594">
     <span class='ocr_line' id='line_1_11' title="bbox 276 1806 1435 1888; baseline 0.002 -21"><span class='ocrx_word' id='word_1_55' title='bbox 276 1806 353 1867; x_wconf 90' lang='lat' dir='ltr'>ltem</span> <span class='ocrx_word' id='word_1_56' title='bbox 386 1807 527 1867; x_wconf 87' lang='lat' dir='ltr'>seniores</span> <span class='ocrx_word' id='word_1_57' title='bbox 551 1806 673 1888; x_wconf 89' lang='lat' dir='ltr'>judices</span> <span class='ocrx_word' id='word_1_58' title='bbox 704 1807 788 1868; x_wconf 88' lang='lat' dir='ltr'>dicte</span> <span class='ocrx_word' id='word_1_59' title='bbox 822 1807 969 1886; x_wconf 85' lang='lat' dir='ltr'>civitatis,</span> <span class='ocrx_word' id='word_1_60' title='bbox 1001 1826 1127 1868; x_wconf 89' lang='lat' dir='ltr'>causam</span> <span class='ocrx_word' id='word_1_61' title='bbox 1161 1807 1279 1870; x_wconf 89' lang='lat' dir='ltr'>nobilis</span> <span class='ocrx_word' id='word_1_62' title='bbox 1304 1807 1435 1869; x_wconf 87' lang='lat' dir='ltr'>domine</span> 
     </span>
     <span class='ocr_line' id='line_1_12' title="bbox 170 1912 1434 1996; baseline 0.002 -24"><span class='ocrx_word' id='word_1_63' title='bbox 170 1912 295 1992; x_wconf 83' lang='lat' dir='ltr'>Agatha</span> <span class='ocrx_word' id='word_1_64' title='bbox 313 1927 436 1990; x_wconf 89' lang='lat' dir='ltr'>vocate,</span> <span class='ocrx_word' id='word_1_65' title='bbox 454 1913 562 1974; x_wconf 90' lang='lat' dir='ltr'>relicte</span> <span class='ocrx_word' id='word_1_66' title='bbox 581 1913 718 1974; x_wconf 92' lang='lat' dir='ltr'>condam</span> <span class='ocrx_word' id='word_1_67' title='bbox 738 1913 856 1974; x_wconf 88' lang='lat' dir='ltr'>Mathie</span> <span class='ocrx_word' id='word_1_68' title='bbox 874 1913 1111 1996; x_wconf 83' lang='lat' dir='ltr'>Knnoberych,</span> <span class='ocrx_word' id='word_1_69' title='bbox 1127 1914 1434 1994; x_wconf 88' lang='lat' dir='ltr'>supranominatam,</span> 
     </span>
     <span class='ocr_line' id='line_1_13' title="bbox 173 2019 1435 2102; baseline 0.002 -24"><span class='ocrx_word' id='word_1_70' title='bbox 173 2020 302 2079; x_wconf 88' lang='lat' dir='ltr'>racione</span> <span class='ocrx_word' id='word_1_71' title='bbox 335 2019 504 2098; x_wconf 82' lang='lat' dir='ltr'>juramenti</span> <span class='ocrx_word' id='word_1_72' title='bbox 529 2020 588 2079; x_wconf 90' lang='lat' dir='ltr'>sibi</span> <span class='ocrx_word' id='word_1_73' title='bbox 622 2019 753 2079; x_wconf 90' lang='lat' dir='ltr'>domiue</span> <span class='ocrx_word' id='word_1_74' title='bbox 785 2019 921 2080; x_wconf 89' lang='lat' dir='ltr'>solemet</span> <span class='ocrx_word' id='word_1_75' title='bbox 953 2041 1008 2102; x_wconf 90' lang='lat' dir='ltr'>per</span> <span class='ocrx_word' id='word_1_76' title='bbox 1040 2019 1159 2101; x_wconf 86' lang='lat' dir='ltr'>juratos</span> <span class='ocrx_word' id='word_1_77' title='bbox 1184 2021 1267 2082; x_wconf 85' lang='lat' dir='ltr'>dicte</span> <span class='ocrx_word' id='word_1_78' title='bbox 1300 2021 1435 2081; x_wconf 88' lang='lat' dir='ltr'>civitatis</span> 
     </span>
     <span class='ocr_line' id='line_1_14' title="bbox 174 2124 1435 2208; baseline 0.002 -24"><span class='ocrx_word' id='word_1_79' title='bbox 174 2124 359 2205; x_wconf 81' lang='lat' dir='ltr'>adjudicati,</span> <span class='ocrx_word' id='word_1_80' title='bbox 384 2125 526 2185; x_wconf 84' lang='lat' dir='ltr'>seniores</span> <span class='ocrx_word' id='word_1_81' title='bbox 551 2124 670 2205; x_wconf 81' lang='lat' dir='ltr'>judices</span> <span class='ocrx_word' id='word_1_82' title='bbox 687 2125 791 2187; x_wconf 88' lang='lat' dir='ltr'>taliter</span> <span class='ocrx_word' id='word_1_83' title='bbox 810 2127 1011 2204; x_wconf 90' lang='lat' dir='ltr'>invenerunt,</span> <span class='ocrx_word' id='word_1_84' title='bbox 1031 2127 1118 2208; x_wconf 92' lang='lat' dir='ltr'>quod</span> <span class='ocrx_word' id='word_1_85' title='bbox 1144 2128 1197 2187; x_wconf 90' lang='lat' dir='ltr'>illa</span> <span class='ocrx_word' id='word_1_86' title='bbox 1215 2127 1435 2207; x_wconf 85' lang='lat' dir='ltr'>juramentalis</span> 
     </span>
     <span class='ocr_line' id='line_1_15' title="bbox 171 2231 1433 2314; baseline 0.003 -25"><span class='ocrx_word' id='word_1_87' title='bbox 171 2231 336 2312; x_wconf 90' lang='lat' dir='ltr'>deposicio</span> <span class='ocrx_word' id='word_1_88' title='bbox 361 2231 489 2292; x_wconf 86' lang='lat' dir='ltr'>racione</span> <span class='ocrx_word' id='word_1_89' title='bbox 515 2251 724 2314; x_wconf 82' lang='lat' dir='ltr'>expensarum</span> <span class='ocrx_word' id='word_1_90' title='bbox 750 2247 779 2293; x_wconf 92' lang='lat' dir='ltr'>et</span> <span class='ocrx_word' id='word_1_91' title='bbox 798 2231 968 2312; x_wconf 87' lang='lat' dir='ltr'>latigarum</span> <span class='ocrx_word' id='word_1_92' title='bbox 993 2234 1053 2293; x_wconf 90' lang='lat' dir='ltr'>sibi</span> <span class='ocrx_word' id='word_1_93' title='bbox 1079 2233 1259 2313; x_wconf 87' lang='lat' dir='ltr'>adjudicata</span> <span class='ocrx_word' id='word_1_94' title='bbox 1284 2232 1349 2294; x_wconf 89' lang='lat' dir='ltr'>fieri</span> <span class='ocrx_word' id='word_1_95' title='bbox 1369 2253 1433 2294; x_wconf 94' lang='lat' dir='ltr'>non</span> 
     </span>
     <span class='ocr_line' id='line_1_16' title="bbox 170 2339 1433 2422; baseline 0.001 -24"><span class='ocrx_word' id='word_1_96' title='bbox 170 2351 283 2418; x_wconf 92' lang='lat' dir='ltr'>potest,</span> <span class='ocrx_word' id='word_1_97' title='bbox 316 2357 485 2418; x_wconf 85' lang='lat' dir='ltr'>quousque</span> <span class='ocrx_word' id='word_1_98' title='bbox 518 2339 616 2420; x_wconf 90' lang='lat' dir='ltr'>ipsius</span> <span class='ocrx_word' id='word_1_99' title='bbox 648 2340 835 2420; x_wconf 76' lang='lat' dir='ltr'>prosecutio</span> <span class='ocrx_word' id='word_1_100' title='bbox 860 2339 958 2402; x_wconf 87' lang='lat' dir='ltr'>debiti</span> <span class='ocrx_word' id='word_1_101' title='bbox 986 2341 1127 2422; x_wconf 90' lang='lat' dir='ltr'>ipsorum</span> <span class='ocrx_word' id='word_1_102' title='bbox 1162 2339 1300 2401; x_wconf 91' lang='lat' dir='ltr'>duorum</span> <span class='ocrx_word' id='word_1_103' title='bbox 1334 2359 1433 2420; x_wconf 90' lang='lat' dir='ltr'>equo-</span> 
     </span>
     <span class='ocr_line' id='line_1_17' title="bbox 172 2443 1432 2526; baseline 0.003 -24"><span class='ocrx_word' id='word_1_104' title='bbox 172 2463 240 2503; x_wconf 88' lang='lat' dir='ltr'>rum</span> <span class='ocrx_word' id='word_1_105' title='bbox 267 2443 355 2524; x_wconf 90' lang='lat' dir='ltr'>prius</span> <span class='ocrx_word' id='word_1_106' title='bbox 379 2463 444 2504; x_wconf 93' lang='lat' dir='ltr'>non</span> <span class='ocrx_word' id='word_1_107' title='bbox 470 2444 751 2521; x_wconf 81' lang='lat' dir='ltr'>determinabitur3</span> <span class='ocrx_word' id='word_1_108' title='bbox 785 2446 999 2526; x_wconf 82' lang='lat' dir='ltr'>juramentum</span> <span class='ocrx_word' id='word_1_109' title='bbox 1025 2465 1101 2506; x_wconf 87' lang='lat' dir='ltr'>vero</span> <span class='ocrx_word' id='word_1_110' title='bbox 1126 2447 1213 2526; x_wconf 93' lang='lat' dir='ltr'>quod</span> <span class='ocrx_word' id='word_1_111' title='bbox 1239 2459 1304 2506; x_wconf 86' lang='lat' dir='ltr'>erat</span> <span class='ocrx_word' id='word_1_112' title='bbox 1328 2446 1432 2506; x_wconf 89' lang='lat' dir='ltr'>eidem</span> 
     </span>
     <span class='ocr_line' id='line_1_18' title="bbox 170 2549 1434 2634; baseline 0.003 -26"><span class='ocrx_word' id='word_1_113' title='bbox 170 2549 389 2628; x_wconf 87' lang='lat' dir='ltr'>adjudicatum</span> <span class='ocrx_word' id='word_1_114' title='bbox 414 2549 561 2612; x_wconf 88' lang='lat' dir='ltr'>similiter</span> <span class='ocrx_word' id='word_1_115' title='bbox 591 2551 719 2610; x_wconf 88' lang='lat' dir='ltr'>solimet</span> <span class='ocrx_word' id='word_1_116' title='bbox 754 2552 883 2612; x_wconf 80' lang='lat' dir='ltr'>racione</span> <span class='ocrx_word' id='word_1_117' title='bbox 918 2553 994 2613; x_wconf 92' lang='lat' dir='ltr'>dicti</span> <span class='ocrx_word' id='word_1_118' title='bbox 1027 2553 1137 2631; x_wconf 89' lang='lat' dir='ltr'>debiti,</span> <span class='ocrx_word' id='word_1_119' title='bbox 1161 2554 1249 2633; x_wconf 91' lang='lat' dir='ltr'>quod</span> <span class='ocrx_word' id='word_1_120' title='bbox 1275 2573 1332 2614; x_wconf 93' lang='lat' dir='ltr'>nec</span> <span class='ocrx_word' id='word_1_121' title='bbox 1357 2554 1434 2634; x_wconf 87' lang='lat' dir='ltr'>ipsa,</span> 
     </span>
     <span class='ocr_line' id='line_1_19' title="bbox 169 2655 1431 2740; baseline 0.003 -25"><span class='ocrx_word' id='word_1_122' title='bbox 169 2656 221 2717; x_wconf 88' lang='lat' dir='ltr'>sed</span> <span class='ocrx_word' id='word_1_123' title='bbox 249 2676 307 2717; x_wconf 91' lang='lat' dir='ltr'>nec</span> <span class='ocrx_word' id='word_1_124' title='bbox 333 2656 400 2738; x_wconf 90' lang='lat' dir='ltr'>ipse</span> <span class='ocrx_word' id='word_1_125' title='bbox 426 2655 563 2717; x_wconf 90' lang='lat' dir='ltr'>Mathias</span> <span class='ocrx_word' id='word_1_126' title='bbox 587 2657 634 2716; x_wconf 87' lang='lat' dir='ltr'>vir</span> <span class='ocrx_word' id='word_1_127' title='bbox 654 2657 797 2718; x_wconf 89' lang='lat' dir='ltr'>eiusdem</span> <span class='ocrx_word' id='word_1_128' title='bbox 823 2660 862 2718; x_wconf 91' lang='lat' dir='ltr'>ab</span> <span class='ocrx_word' id='word_1_129' title='bbox 888 2659 1003 2719; x_wconf 90' lang='lat' dir='ltr'>eodem</span> <span class='ocrx_word' id='word_1_130' title='bbox 1021 2659 1157 2720; x_wconf 90' lang='lat' dir='ltr'>Nicolao</span> <span class='ocrx_word' id='word_1_131' title='bbox 1181 2659 1343 2720; x_wconf 81' lang='lat' dir='ltr'>aurifabro</span> <span class='ocrx_word' id='word_1_132' title='bbox 1361 2679 1431 2740; x_wconf 92' lang='lat' dir='ltr'>per-</span> 
     </span>
     <span class='ocr_line' id='line_1_20' title="bbox 169 2752 1432 2846; baseline 0.002 -24"><span class='ocrx_word' id='word_1_133' title='bbox 169 2752 329 2843; x_wconf 82' lang='lat' dir='ltr'>cepissent</span> <span class='ocrx_word' id='word_1_134' title='bbox 354 2763 476 2823; x_wconf 89' lang='lat' dir='ltr'>nullam</span> <span class='ocrx_word' id='word_1_135' title='bbox 501 2763 701 2824; x_wconf 87' lang='lat' dir='ltr'>solucionem</span> <span class='ocrx_word' id='word_1_136' title='bbox 728 2765 786 2824; x_wconf 87' lang='lat' dir='ltr'>nisi</span> <span class='ocrx_word' id='word_1_137' title='bbox 812 2765 918 2824; x_wconf 89' lang='lat' dir='ltr'>solum</span> <span class='ocrx_word' id='word_1_138' title='bbox 940 2765 1031 2826; x_wconf 90' lang='lat' dir='ltr'>illurn</span> <span class='ocrx_word' id='word_1_139' title='bbox 1058 2784 1158 2826; x_wconf 91' lang='lat' dir='ltr'>unum</span> <span class='ocrx_word' id='word_1_140' title='bbox 1185 2765 1254 2828; x_wconf 85' lang='lat' dir='ltr'>flor.</span> <span class='ocrx_word' id='word_1_141' title='bbox 1280 2766 1359 2843; x_wconf 88' lang='lat' dir='ltr'>auri,</span> <span class='ocrx_word' id='word_1_142' title='bbox 1378 2766 1432 2846; x_wconf 93' lang='lat' dir='ltr'>qui</span> 
     </span>
     <span class='ocr_line' id='line_1_21' title="bbox 169 2867 1435 2953; baseline 0.002 -25"><span class='ocrx_word' id='word_1_143' title='bbox 169 2868 316 2948; x_wconf 89' lang='lat' dir='ltr'>superius</span> <span class='ocrx_word' id='word_1_144' title='bbox 339 2867 539 2949; x_wconf 84' lang='lat' dir='ltr'>specificatus</span> <span class='ocrx_word' id='word_1_145' title='bbox 569 2883 624 2947; x_wconf 90' lang='lat' dir='ltr'>est,</span> <span class='ocrx_word' id='word_1_146' title='bbox 658 2871 862 2951; x_wconf 85' lang='lat' dir='ltr'>percepisset,</span> <span class='ocrx_word' id='word_1_147' title='bbox 895 2885 925 2931; x_wconf 91' lang='lat' dir='ltr'>et</span> <span class='ocrx_word' id='word_1_148' title='bbox 953 2872 1029 2952; x_wconf 87' lang='lat' dir='ltr'>quia</span> <span class='ocrx_word' id='word_1_149' title='bbox 1062 2871 1121 2953; x_wconf 92' lang='lat' dir='ltr'>ipsi</span> <span class='ocrx_word' id='word_1_150' title='bbox 1147 2873 1289 2932; x_wconf 88' lang='lat' dir='ltr'>seniores</span> <span class='ocrx_word' id='word_1_151' title='bbox 1313 2871 1435 2952; x_wconf 90' lang='lat' dir='ltr'>judices</span> 
     </span>
     <span class='ocr_line' id='line_1_22' title="bbox 173 2974 1433 3059; baseline 0.003 -25"><span class='ocrx_word' id='word_1_152' title='bbox 173 2976 256 3036; x_wconf 90' lang='lat' dir='ltr'>dicte</span> <span class='ocrx_word' id='word_1_153' title='bbox 282 2974 417 3035; x_wconf 85' lang='lat' dir='ltr'>civitatis</span> <span class='ocrx_word' id='word_1_154' title='bbox 442 2975 500 3056; x_wconf 91' lang='lat' dir='ltr'>ipsi</span> <span class='ocrx_word' id='word_1_155' title='bbox 526 2976 655 3036; x_wconf 90' lang='lat' dir='ltr'>domine</span> <span class='ocrx_word' id='word_1_156' title='bbox 681 2975 897 3056; x_wconf 83' lang='lat' dir='ltr'>juramentum</span> <span class='ocrx_word' id='word_1_157' title='bbox 916 2978 1079 3038; x_wconf 91' lang='lat' dir='ltr'>terciemet</span> <span class='ocrx_word' id='word_1_158' title='bbox 1096 2979 1239 3059; x_wconf 92' lang='lat' dir='ltr'>personis</span> <span class='ocrx_word' id='word_1_159' title='bbox 1263 2979 1321 3038; x_wconf 92' lang='lat' dir='ltr'>sibi</span> <span class='ocrx_word' id='word_1_160' title='bbox 1347 2979 1433 3038; x_wconf 88' lang='lat' dir='ltr'>sirni-</span> 
     </span>
     <span class='ocr_line' id='line_1_23' title="bbox 170 3081 1434 3167; baseline 0.003 -27"><span class='ocrx_word' id='word_1_161' title='bbox 170 3081 252 3141; x_wconf 90' lang='lat' dir='ltr'>libus</span> <span class='ocrx_word' id='word_1_162' title='bbox 277 3095 308 3142; x_wconf 92' lang='lat' dir='ltr'>et</span> <span class='ocrx_word' id='word_1_163' title='bbox 334 3082 497 3142; x_wconf 87' lang='lat' dir='ltr'>nobilibus</span> <span class='ocrx_word' id='word_1_164' title='bbox 521 3081 652 3142; x_wconf 89' lang='lat' dir='ltr'>terciam</span> <span class='ocrx_word' id='word_1_165' title='bbox 688 3081 799 3144; x_wconf 86' lang='lat' dir='ltr'>feriam</span> <span class='ocrx_word' id='word_1_166' title='bbox 833 3085 1010 3165; x_wconf 87' lang='lat' dir='ltr'>proximam</span> <span class='ocrx_word' id='word_1_167' title='bbox 1044 3099 1115 3166; x_wconf 91' lang='lat' dir='ltr'>post</span> <span class='ocrx_word' id='word_1_168' title='bbox 1140 3084 1253 3145; x_wconf 88' lang='lat' dir='ltr'>festum</span> <span class='ocrx_word' id='word_1_169' title='bbox 1280 3085 1434 3167; x_wconf 86' lang='lat' dir='ltr'>Corporis</span> 
     </span>
     <span class='ocr_line' id='line_1_24' title="bbox 169 3187 1434 3272; baseline 0.004 -24"><span class='ocrx_word' id='word_1_170' title='bbox 169 3187 288 3248; x_wconf 88' lang='lat' dir='ltr'>Christi</span> <span class='ocrx_word' id='word_1_171' title='bbox 322 3188 526 3268; x_wconf 89' lang='lat' dir='ltr'>prestandum</span> <span class='ocrx_word' id='word_1_172' title='bbox 554 3188 585 3248; x_wconf 91' lang='lat' dir='ltr'>in</span> <span class='ocrx_word' id='word_1_173' title='bbox 619 3209 672 3248; x_wconf 87' lang='lat' dir='ltr'>ara</span> <span class='ocrx_word' id='word_1_174' title='bbox 704 3203 811 3250; x_wconf 89' lang='lat' dir='ltr'>sancte</span> <span class='ocrx_word' id='word_1_175' title='bbox 844 3191 968 3269; x_wconf 84' lang='lat' dir='ltr'>Crucis,</span> <span class='ocrx_word' id='word_1_176' title='bbox 1002 3191 1089 3272; x_wconf 93' lang='lat' dir='ltr'>quod</span> <span class='ocrx_word' id='word_1_177' title='bbox 1124 3211 1180 3252; x_wconf 91' lang='lat' dir='ltr'>nec</span> <span class='ocrx_word' id='word_1_178' title='bbox 1206 3193 1271 3272; x_wconf 86' lang='lat' dir='ltr'>ipsa</span> <span class='ocrx_word' id='word_1_179' title='bbox 1296 3191 1350 3251; x_wconf 91' lang='lat' dir='ltr'>sed</span> <span class='ocrx_word' id='word_1_180' title='bbox 1377 3213 1434 3253; x_wconf 89' lang='lat' dir='ltr'>nec</span> 
     </span>
     <span class='ocr_line' id='line_1_25' title="bbox 169 3294 1431 3375; baseline 0.005 -22"><span class='ocrx_word' id='word_1_181' title='bbox 169 3294 235 3375; x_wconf 90' lang='lat' dir='ltr'>ipse</span> <span class='ocrx_word' id='word_1_182' title='bbox 261 3294 399 3354; x_wconf 88' lang='lat' dir='ltr'>condam</span> <span class='ocrx_word' id='word_1_183' title='bbox 426 3295 561 3355; x_wconf 86' lang='lat' dir='ltr'>Mathias</span> <span class='ocrx_word' id='word_1_184' title='bbox 586 3296 633 3356; x_wconf 91' lang='lat' dir='ltr'>vir</span> <span class='ocrx_word' id='word_1_185' title='bbox 659 3295 802 3356; x_wconf 87' lang='lat' dir='ltr'>eiusdem</span> <span class='ocrx_word' id='word_1_186' title='bbox 821 3299 860 3358; x_wconf 88' lang='lat' dir='ltr'>ab</span> <span class='ocrx_word' id='word_1_187' title='bbox 887 3298 1002 3358; x_wconf 90' lang='lat' dir='ltr'>eodem</span> <span class='ocrx_word' id='word_1_188' title='bbox 1028 3299 1165 3358; x_wconf 89' lang='lat' dir='ltr'>condam</span> <span class='ocrx_word' id='word_1_189' title='bbox 1191 3299 1327 3359; x_wconf 89' lang='lat' dir='ltr'>Nicolao</span> <span class='ocrx_word' id='word_1_190' title='bbox 1351 3300 1431 3359; x_wconf 83' lang='lat' dir='ltr'>auri-</span> 
     </span>
     <span class='ocr_line' id='line_1_26' title="bbox 167 3399 1433 3486; baseline 0.006 -27"><span class='ocrx_word' id='word_1_191' title='bbox 167 3399 257 3460; x_wconf 85' lang='lat' dir='ltr'>fabro</span> <span class='ocrx_word' id='word_1_192' title='bbox 284 3401 330 3460; x_wconf 94' lang='lat' dir='ltr'>nil</span> <span class='ocrx_word' id='word_1_193' title='bbox 355 3401 404 3462; x_wconf 87' lang='lat' dir='ltr'>vel</span> <span class='ocrx_word' id='word_1_194' title='bbox 430 3401 594 3462; x_wconf 89' lang='lat' dir='ltr'>modicum</span> <span class='ocrx_word' id='word_1_195' title='bbox 621 3403 652 3462; x_wconf 93' lang='lat' dir='ltr'>in</span> <span class='ocrx_word' id='word_1_196' title='bbox 677 3417 795 3464; x_wconf 86' lang='lat' dir='ltr'>sortem</span> <span class='ocrx_word' id='word_1_197' title='bbox 816 3404 991 3464; x_wconf 91' lang='lat' dir='ltr'>solucionis</span> <span class='ocrx_word' id='word_1_198' title='bbox 1010 3405 1150 3485; x_wconf 88' lang='lat' dir='ltr'>ipsorum</span> <span class='ocrx_word' id='word_1_199' title='bbox 1178 3405 1316 3466; x_wconf 88' lang='lat' dir='ltr'>duorum</span> <span class='ocrx_word' id='word_1_200' title='bbox 1334 3425 1433 3486; x_wconf 90' lang='lat' dir='ltr'>equo-</span> 
     </span>
     <span class='ocr_line' id='line_1_27' title="bbox 167 3508 1432 3594; baseline 0.006 -28"><span class='ocrx_word' id='word_1_201' title='bbox 167 3527 237 3566; x_wconf 92' lang='lat' dir='ltr'>rum</span> <span class='ocrx_word' id='word_1_202' title='bbox 265 3508 492 3588; x_wconf 88' lang='lat' dir='ltr'>percepissent,</span> <span class='ocrx_word' id='word_1_203' title='bbox 510 3523 614 3589; x_wconf 86' lang='lat' dir='ltr'>preter</span> <span class='ocrx_word' id='word_1_204' title='bbox 630 3509 718 3570; x_wconf 91' lang='lat' dir='ltr'>illurn</span> <span class='ocrx_word' id='word_1_205' title='bbox 738 3531 836 3571; x_wconf 90' lang='lat' dir='ltr'>unum</span> <span class='ocrx_word' id='word_1_206' title='bbox 857 3511 936 3590; x_wconf 71' lang='lat' dir='ltr'>flou,</span> <span class='ocrx_word' id='word_1_207' title='bbox 955 3511 1008 3591; x_wconf 86' lang='lat' dir='ltr'>qui</span> <span class='ocrx_word' id='word_1_208' title='bbox 1035 3513 1139 3572; x_wconf 87' lang='lat' dir='ltr'>eidem</span> <span class='ocrx_word' id='word_1_209' title='bbox 1160 3511 1219 3573; x_wconf 87' lang='lat' dir='ltr'>fuit</span> <span class='ocrx_word' id='word_1_210' title='bbox 1236 3513 1432 3594; x_wconf 85' lang='lat' dir='ltr'>propinatus.</span> 
     </span>
    </p>

    <p class='ocr_par' dir='ltr' id='par_1_7' title="bbox 166 3614 1433 3911">
     <span class='ocr_line' id='line_1_28' title="bbox 278 3614 1432 3700; baseline 0.006 -28"><span class='ocrx_word' id='word_1_211' title='bbox 278 3614 356 3675; x_wconf 91' lang='lat' dir='ltr'>ltem</span> <span class='ocrx_word' id='word_1_212' title='bbox 381 3633 508 3674; x_wconf 88' lang='lat' dir='ltr'>causam</span> <span class='ocrx_word' id='word_1_213' title='bbox 533 3615 658 3676; x_wconf 90' lang='lat' dir='ltr'>Nicolai</span> <span class='ocrx_word' id='word_1_214' title='bbox 692 3618 820 3676; x_wconf 88' lang='lat' dir='ltr'>sartoris</span> <span class='ocrx_word' id='word_1_215' title='bbox 848 3619 977 3678; x_wconf 80' lang='lat' dir='ltr'>racione</span> <span class='ocrx_word' id='word_1_216' title='bbox 1010 3619 1174 3679; x_wconf 86' lang='lat' dir='ltr'>cuiusdam</span> <span class='ocrx_word' id='word_1_217' title='bbox 1200 3632 1281 3679; x_wconf 87' lang='lat' dir='ltr'>terre</span> <span class='ocrx_word' id='word_1_218' title='bbox 1307 3639 1363 3700; x_wconf 89' lang='lat' dir='ltr'>per</span> <span class='ocrx_word' id='word_1_219' title='bbox 1388 3619 1432 3696; x_wconf 81' lang='lat' dir='ltr'>ju·</span> 
     </span>
     <span class='ocr_line' id='line_1_29' title="bbox 167 3719 1433 3806; baseline 0.006 -27"><span class='ocrx_word' id='word_1_220' title='bbox 167 3734 254 3780; x_wconf 87' lang='lat' dir='ltr'>ratos</span> <span class='ocrx_word' id='word_1_221' title='bbox 279 3719 494 3798; x_wconf 80' lang='lat' dir='ltr'>adjudicatam</span> <span class='ocrx_word' id='word_1_222' title='bbox 521 3737 551 3783; x_wconf 91' lang='lat' dir='ltr'>et</span> <span class='ocrx_word' id='word_1_223' title='bbox 575 3721 790 3802; x_wconf 87' lang='lat' dir='ltr'>juramentum</span> <span class='ocrx_word' id='word_1_224' title='bbox 823 3725 882 3785; x_wconf 90' lang='lat' dir='ltr'>sibi</span> <span class='ocrx_word' id='word_1_225' title='bbox 902 3725 1120 3806; x_wconf 87' lang='lat' dir='ltr'>prestandum,</span> <span class='ocrx_word' id='word_1_226' title='bbox 1146 3727 1287 3787; x_wconf 89' lang='lat' dir='ltr'>seniores</span> <span class='ocrx_word' id='word_1_227' title='bbox 1312 3725 1433 3805; x_wconf 75' lang='lat' dir='ltr'>judices</span> 
     </span>
     <span class='ocr_line' id='line_1_30' title="bbox 166 3827 709 3911; baseline 0.009 -25"><span class='ocrx_word' id='word_1_228' title='bbox 166 3827 398 3888; x_wconf 84' lang='lat' dir='ltr'>confirmarunt</span> <span class='ocrx_word' id='word_1_229' title='bbox 422 3841 453 3889; x_wconf 91' lang='lat' dir='ltr'>et</span> <span class='ocrx_word' id='word_1_230' title='bbox 481 3831 709 3911; x_wconf 88' lang='lat' dir='ltr'>approbarunt.</span> 
     </span>
    </p>
   </div>
   <div class='ocr_carea' id='block_1_6' title="bbox 166 4061 1430 4306">
    <p class='ocr_par' dir='ltr' id='par_1_8' title="bbox 166 4061 1430 4306">
     <span class='ocr_line' id='line_1_31' title="bbox 166 4061 1430 4160; baseline 0.007 -26"><span class='ocrx_word' id='word_1_231' title='bbox 166 4061 265 4136; x_wconf 86' lang='lat' dir='ltr'>Feria</span> <span class='ocrx_word' id='word_1_232' title='bbox 293 4075 390 4136; x_wconf 87' lang='lat' dir='ltr'>sexta</span> <span class='ocrx_word' id='word_1_233' title='bbox 419 4071 572 4154; x_wconf 82' lang='lat' dir='ltr'>proxima</span> <span class='ocrx_word' id='word_1_234' title='bbox 600 4077 675 4157; x_wconf 85' lang='lat' dir='ltr'>post</span> <span class='ocrx_word' id='word_1_235' title='bbox 703 4071 826 4141; x_wconf 85' lang='lat' dir='ltr'>festum</span> <span class='ocrx_word' id='word_1_236' title='bbox 856 4071 1075 4143; x_wconf 80' lang='lat' dir='ltr'>visitacionis</span> <span class='ocrx_word' id='word_1_237' title='bbox 1105 4074 1246 4160; x_wconf 81' lang='lat' dir='ltr'>virginis</span> <span class='ocrx_word' id='word_1_238' title='bbox 1276 4073 1430 4160; x_wconf 80' lang='lat' dir='ltr'>gloriose.</span> 
     </span>
     <span class='ocr_line' id='line_1_32' title="bbox 711 4222 883 4306; baseline 0.035 -25"><span class='ocrx_word' id='word_1_239' title='bbox 711 4222 757 4302; x_wconf 65' lang='lat'>(4.</span> <span class='ocrx_word' id='word_1_240' title='bbox 780 4222 883 4306; x_wconf 63' lang='lat' dir='ltr'>sera).</span> 
     </span>
    </p>
   </div>
   <div class='ocr_carea' id='block_1_7' title="bbox 161 4361 1430 5090">
    <p class='ocr_par' dir='ltr' id='par_1_9' title="bbox 161 4361 1430 5090">
     <span class='ocr_line' id='line_1_33' title="bbox 276 4361 1430 4445; baseline 0.007 -24"><span class='ocrx_word' id='word_1_241' title='bbox 276 4361 354 4422; x_wconf 89' lang='lat' dir='ltr'>ltem</span> <span class='ocrx_word' id='word_1_242' title='bbox 380 4364 499 4423; x_wconf 88' lang='lat' dir='ltr'>nobilis</span> <span class='ocrx_word' id='word_1_243' title='bbox 531 4364 662 4425; x_wconf 87' lang='lat' dir='ltr'>domina</span> <span class='ocrx_word' id='word_1_244' title='bbox 695 4363 819 4445; x_wconf 77' lang='lat' dir='ltr'>Agatha</span> <span class='ocrx_word' id='word_1_245' title='bbox 852 4381 973 4444; x_wconf 88' lang='lat' dir='ltr'>vocata,</span> <span class='ocrx_word' id='word_1_246' title='bbox 1006 4367 1114 4427; x_wconf 89' lang='lat' dir='ltr'>relicta</span> <span class='ocrx_word' id='word_1_247' title='bbox 1147 4369 1283 4427; x_wconf 89' lang='lat' dir='ltr'>condam</span> <span class='ocrx_word' id='word_1_248' title='bbox 1312 4369 1430 4431; x_wconf 85' lang='lat' dir='ltr'>Mathie</span> 
     </span>
     <span class='ocr_line' id='line_1_34' title="bbox 167 4469 1429 4553; baseline 0.007 -26"><span class='ocrx_word' id='word_1_249' title='bbox 167 4469 396 4550; x_wconf 79' lang='lat' dir='ltr'>Kwnoberyclr</span> <span class='ocrx_word' id='word_1_250' title='bbox 422 4469 460 4530; x_wconf 93' lang='lat' dir='ltr'>de</span> <span class='ocrx_word' id='word_1_251' title='bbox 494 4470 699 4548; x_wconf 68' lang='lat' dir='ltr'>Adamou&#39;cz,</span> <span class='ocrx_word' id='word_1_252' title='bbox 733 4472 893 4533; x_wconf 90' lang='lat' dir='ltr'>districtus</span> <span class='ocrx_word' id='word_1_253' title='bbox 925 4475 963 4533; x_wconf 86' lang='lat' dir='ltr'>de</span> <span class='ocrx_word' id='word_1_254' title='bbox 991 4474 1182 4552; x_wconf 85' lang='lat' dir='ltr'>Marowcha,</span> <span class='ocrx_word' id='word_1_255' title='bbox 1216 4475 1429 4553; x_wconf 79' lang='lat' dir='ltr'>juramentum</span> 
     </span>
     <span class='ocr_line' id='line_1_35' title="bbox 163 4574 1428 4663; baseline 0.007 -31"><span class='ocrx_word' id='word_1_256' title='bbox 163 4574 225 4634; x_wconf 87' lang='lat' dir='ltr'>sibi</span> <span class='ocrx_word' id='word_1_257' title='bbox 242 4595 299 4655; x_wconf 90' lang='lat' dir='ltr'>per</span> <span class='ocrx_word' id='word_1_258' title='bbox 315 4576 456 4635; x_wconf 88' lang='lat' dir='ltr'>seniores</span> <span class='ocrx_word' id='word_1_259' title='bbox 473 4576 594 4655; x_wconf 91' lang='lat' dir='ltr'>judices</span> <span class='ocrx_word' id='word_1_260' title='bbox 608 4579 690 4639; x_wconf 87' lang='lat' dir='ltr'>dicte</span> <span class='ocrx_word' id='word_1_261' title='bbox 708 4580 843 4640; x_wconf 82' lang='lat' dir='ltr'>civitatis</span> <span class='ocrx_word' id='word_1_262' title='bbox 858 4579 933 4640; x_wconf 82' lang='lat' dir='ltr'>feria</span> <span class='ocrx_word' id='word_1_263' title='bbox 953 4583 1045 4642; x_wconf 88' lang='lat' dir='ltr'>tercia</span> <span class='ocrx_word' id='word_1_264' title='bbox 1061 4583 1204 4663; x_wconf 89' lang='lat' dir='ltr'>proxima</span> <span class='ocrx_word' id='word_1_265' title='bbox 1222 4595 1294 4642; x_wconf 90' lang='lat' dir='ltr'>ante</span> <span class='ocrx_word' id='word_1_266' title='bbox 1308 4581 1428 4654; x_wconf 82' lang='lat' dir='ltr'>¹festum</span> 
     </span>
     <span class='ocr_line' id='line_1_36' title="bbox 166 4681 1429 4769; baseline 0.006 -29"><span class='ocrx_word' id='word_1_267' title='bbox 166 4681 254 4741; x_wconf 87' lang='lat' dir='ltr'>beati</span> <span class='ocrx_word' id='word_1_268' title='bbox 279 4681 425 4741; x_wconf 89' lang='lat' dir='ltr'>Barnabe</span> <span class='ocrx_word' id='word_1_269' title='bbox 443 4683 590 4762; x_wconf 87' lang='lat' dir='ltr'>apostoli,</span> <span class='ocrx_word' id='word_1_270' title='bbox 616 4685 760 4764; x_wconf 87' lang='lat' dir='ltr'>proxime</span> <span class='ocrx_word' id='word_1_271' title='bbox 778 4699 958 4758; x_wconf 89' lang='lat' dir='ltr'>venturum,</span> <span class='ocrx_word' id='word_1_272' title='bbox 977 4689 1139 4748; x_wconf 87' lang='lat' dir='ltr'>terciemet</span> <span class='ocrx_word' id='word_1_273' title='bbox 1155 4690 1299 4769; x_wconf 90' lang='lat' dir='ltr'>personis</span> <span class='ocrx_word' id='word_1_274' title='bbox 1324 4689 1429 4749; x_wconf 88' lang='lat' dir='ltr'>domi·</span> 
     </span>
     <span class='ocr_line' id='line_1_37' title="bbox 164 4787 1430 4854; baseline 0.007 -10"><span class='ocrx_word' id='word_1_275' title='bbox 164 4787 269 4846; x_wconf 89' lang='lat' dir='ltr'>nabus</span> <span class='ocrx_word' id='word_1_276' title='bbox 294 4787 460 4846; x_wconf 89' lang='lat' dir='ltr'>nobilibus</span> <span class='ocrx_word' id='word_1_277' title='bbox 484 4789 514 4847; x_wconf 93' lang='lat' dir='ltr'>in</span> <span class='ocrx_word' id='word_1_278' title='bbox 534 4808 587 4848; x_wconf 88' lang='lat' dir='ltr'>ara</span> <span class='ocrx_word' id='word_1_279' title='bbox 612 4803 719 4850; x_wconf 89' lang='lat' dir='ltr'>sancte</span> <span class='ocrx_word' id='word_1_280' title='bbox 745 4791 857 4850; x_wconf 86' lang='lat' dir='ltr'>Crucis</span> <span class='ocrx_word' id='word_1_281' title='bbox 883 4793 913 4850; x_wconf 95' lang='lat' dir='ltr'>in</span> <span class='ocrx_word' id='word_1_282' title='bbox 933 4794 1064 4852; x_wconf 84' lang='lat' dir='ltr'>ecclesia</span> <span class='ocrx_word' id='word_1_283' title='bbox 1082 4794 1181 4854; x_wconf 88' lang='lat' dir='ltr'>sancti</span> <span class='ocrx_word' id='word_1_284' title='bbox 1209 4795 1305 4854; x_wconf 77' lang='lat' dir='ltr'>Marci</span> <span class='ocrx_word' id='word_1_285' title='bbox 1325 4815 1430 4853; x_wconf 72' lang='lat' dir='ltr'>enarr-</span> 
     </span>
     <span class='ocr_line' id='line_1_38' title="bbox 161 4893 1429 4980; baseline 0.008 -29"><span class='ocrx_word' id='word_1_286' title='bbox 161 4893 289 4969; x_wconf 75' lang='lat' dir='ltr'>geliste,</span> <span class='ocrx_word' id='word_1_287' title='bbox 316 4893 346 4950; x_wconf 92' lang='lat' dir='ltr'>in</span> <span class='ocrx_word' id='word_1_288' title='bbox 373 4911 410 4953; x_wconf 90' lang='lat' dir='ltr'>eo</span> <span class='ocrx_word' id='word_1_289' title='bbox 436 4893 596 4972; x_wconf 88' lang='lat' dir='ltr'>videlicet,</span> <span class='ocrx_word' id='word_1_290' title='bbox 622 4895 710 4975; x_wconf 85' lang='lat' dir='ltr'>quoti</span> <span class='ocrx_word' id='word_1_291' title='bbox 736 4916 793 4956; x_wconf 86' lang='lat' dir='ltr'>nec</span> <span class='ocrx_word' id='word_1_292' title='bbox 816 4897 881 4977; x_wconf 88' lang='lat' dir='ltr'>ipsa</span> <span class='ocrx_word' id='word_1_293' title='bbox 906 4898 1037 4958; x_wconf 86' lang='lat' dir='ltr'>domina</span> <span class='ocrx_word' id='word_1_294' title='bbox 1056 4900 1178 4978; x_wconf 76' lang='lat' dir='ltr'>Agatha</span> <span class='ocrx_word' id='word_1_295' title='bbox 1204 4901 1259 4960; x_wconf 84' lang='lat' dir='ltr'>sed</span> <span class='ocrx_word' id='word_1_296' title='bbox 1285 4919 1343 4960; x_wconf 91' lang='lat' dir='ltr'>nec</span> <span class='ocrx_word' id='word_1_297' title='bbox 1362 4901 1429 4980; x_wconf 88' lang='lat' dir='ltr'>ipse</span> 
     </span>
     <span class='ocr_line' id='line_1_39' title="bbox 161 4997 1428 5090; baseline 0.005 -29"><span class='ocrx_word' id='word_1_298' title='bbox 161 4997 302 5061; x_wconf 85' lang='lat' dir='ltr'>condam</span> <span class='ocrx_word' id='word_1_299' title='bbox 329 4999 464 5063; x_wconf 86' lang='lat' dir='ltr'>Mathias</span> <span class='ocrx_word' id='word_1_300' title='bbox 491 5001 714 5090; x_wconf 78' lang='lat' dir='ltr'>Ktritoberych</span> <span class='ocrx_word' id='word_1_301' title='bbox 744 5004 895 5068; x_wconf 83' lang='lat' dir='ltr'>dontinus</span> <span class='ocrx_word' id='word_1_302' title='bbox 921 5021 950 5069; x_wconf 89' lang='lat' dir='ltr'>et</span> <span class='ocrx_word' id='word_1_303' title='bbox 984 5007 1116 5068; x_wconf 87' lang='lat' dir='ltr'>maritus</span> <span class='ocrx_word' id='word_1_304' title='bbox 1141 5009 1296 5087; x_wconf 83' lang='lat' dir='ltr'>eiusdem,</span> <span class='ocrx_word' id='word_1_305' title='bbox 1323 5008 1428 5076; x_wconf 88' lang='lat' dir='ltr'>nullas</span> 
     </span>
    </p>
   </div>
   <div class='ocr_carea' id='block_1_8' title="bbox 0 0 1852 5782">
    <p class='ocr_par' dir='ltr' id='par_1_10' title="bbox 0 0 1852 5782">
     <span class='ocr_line' id='line_1_40' title="bbox 0 0 1852 5782; baseline 0 3"><span class='ocrx_word' id='word_1_306' title='bbox 0 0 1852 5782; x_wconf 95' lang='lat' dir='ltr'> </span> 
     </span>
    </p>
   </div>
  </div>
 </body>
</html>
