3738 5786
422 571 481 631 124
805 555 891 612 Anno
918 563 1007 630 1457.
1031 586 1075 596 -
1097 566 1150 628 29.
1174 550 1291 625 apn'lis.

523 763 599 824 ltem
625 784 719 825 causa
744 764 891 846 potencie
916 763 1094 842 cuiusdam,
1119 783 1216 844 quam
1242 763 1431 824 Franciscus
1458 778 1547 824 sutor
1571 778 1682 826 contra

416 869 632 932 Laureucium
658 871 796 953 juratum
815 884 960 932 nostrum
982 871 1175 932 modernum
1193 889 1301 932 coram
1327 871 1421 931 nobis
1444 873 1624 953 proposuit,
1642 872 1682 932 ad

415 975 556 1058 primum
580 977 735 1059 judicium
768 997 827 1060 pro
859 977 1078 1060 produccione
1102 977 1229 1038 testium
1264 977 1432 1038 ambarum
1456 977 1601 1060 parcium
1625 997 1682 1039 seu

416 1082 544 1144 racione
567 1085 795 1166 produccionis
820 1083 1008 1145 eorumdem
1033 1084 1162 1145 testium
1188 1097 1235 1146 est
1258 1097 1441 1166 prorogata.

521 1189 599 1252 ltem
624 1191 699 1272 quia
726 1191 893 1252 Ladislaus
917 1189 1009 1252 aliter
1028 1191 1154 1252 Laczko
1178 1201 1319 1267 vocatus,
1343 1189 1478 1250 servitor
1502 1189 1590 1271 olym
1616 1209 1679 1272 pan

419 1297 524 1378 Myxe,
549 1297 581 1358 in
614 1297 785 1360 manifesto
817 1297 995 1360 homicidio
1019 1297 1186 1358 cuiusdam
1219 1297 1383 1375 institoris,
1414 1315 1510 1377 quem
1537 1296 1568 1356 in
1600 1296 1683 1357 albis

414 1403 579 1464 montibus
611 1404 710 1485 vulgo
742 1404 958 1486 belegorycze
991 1404 1111 1464 vocatis
1142 1401 1311 1480 interfecit,
1340 1415 1371 1463 et
1402 1403 1441 1464 ab
1466 1420 1505 1463 eo
1530 1401 1681 1463 undecim

414 1529 486 1571 cum
512 1511 618 1572 media
642 1531 757 1594 pensas
781 1510 988 1572 denariorum
1006 1511 1127 1592 recepit
1150 1523 1197 1572 est
1214 1524 1399 1591 reppertus;
1423 1522 1454 1570 et
1478 1508 1553 1591 quia
1578 1507 1681 1569 eciam

412 1617 500 1680 idem
527 1619 695 1680 Ladislaus
719 1639 776 1680 seu
794 1619 920 1680 Laczlro
945 1618 977 1679 in
1002 1615 1172 1678 manifesto
1190 1615 1277 1678 furtu
1301 1629 1460 1678 certarum
1484 1635 1590 1677 rerum
1608 1615 1680 1697 plu·

412 1726 494 1787 rium
520 1726 703 1788 concivium
721 1739 905 1787 nostrorum
924 1739 955 1787 et
978 1725 1080 1786 eciam
1104 1724 1135 1785 in
1154 1723 1392 1806 depredacione
1409 1722 1560 1784 territorii
1578 1722 1679 1782 nostri

412 1833 595 1894 communis
619 1852 654 1894 ac
679 1833 780 1895 eciam
799 1833 830 1893 in
855 1829 942 1894 furtu
967 1831 1109 1914 plurium
1127 1849 1235 1892 rerum
1259 1844 1483 1892 extraneorum
1509 1829 1679 1890 hominum

412 1953 458 2000 est
477 1953 652 2022 reppertus,
670 1959 733 2021 que
751 1939 860 2000 omnia
885 1937 1041 2000 maleficia
1059 1957 1115 1998 sua
1133 1936 1219 1998 idem
1239 1937 1406 1999 Ladislaus
1430 1936 1534 1998 dictus
1552 1935 1680 1997 Laczlro

412 2065 518 2106 coram
544 2059 610 2107 tota
635 2046 866 2106 communitate
891 2059 921 2106 et
945 2063 1053 2106 coram
1077 2042 1237 2121 iudicibus
1261 2057 1292 2104 et
1315 2043 1426 2124 juratis
1449 2061 1486 2102 ac
1510 2041 1581 2103 aliis
1604 2041 1679 2124 plu·

411 2151 499 2212 ribus
523 2151 704 2230 justiciariis
728 2152 788 2212 vici
815 2151 1005 2212 Latinorum
1030 2164 1061 2212 et
1077 2151 1168 2211 Nove
1193 2150 1269 2211 ville
1299 2148 1443 2231 Capituli
1469 2149 1602 2210 ecclesie
1625 2169 1681 2209 za·

410 2258 587 2336 grabiensis
609 2279 645 2319 ac
669 2259 730 2319 vici
763 2259 887 2319 abbatis
918 2257 1062 2319 Abbacie
1098 2255 1230 2318 fratrum
1257 2256 1521 2319 Cisterciensium
1546 2255 1679 2337 proprio

411 2382 466 2424 ore
490 2383 549 2424 suo
580 2364 709 2445 publice
735 2377 782 2425 est
814 2361 993 2440 confessus;
1027 2363 1166 2444 ideoque
1199 2361 1338 2424 eundem
1373 2360 1560 2423 Ladislaum
1584 2361 1680 2423 aliter

412 2469 616 2530 Laczkonem
634 2483 783 2531 vocatum
801 2483 967 2551 tamquam
985 2470 1184 2532 homicidam
1205 2484 1235 2530 et
1252 2467 1492 2530 malefactorem
1510 2469 1678 2550 publicum

411 2575 497 2654 juxta
521 2595 577 2637 sua
611 2577 764 2638 demerita
797 2577 895 2657 digne
928 2575 1063 2637 fecimus
1094 2576 1290 2658 suspendere
1323 2576 1355 2636 in
1390 2575 1536 2656 patibulo
1567 2589 1679 2636 nostro

411 2683 577 2745 communi
599 2682 724 2765 justicia
749 2698 855 2744 nostra
885 2683 1086 2766 privilegiata
1111 2683 1303 2764 requirente.

515 2789 593 2852 ltem
618 2789 712 2872 jurati
742 2790 1008 2871 adjudicaverunt
1039 2809 1168 2852 causam
1202 2790 1284 2852 inter
1309 2788 1474 2872 Mathyam
1500 2789 1679 2872 waarych

410 2910 445 2958 ut
469 2897 501 2958 in
526 2917 653 2959 causam
678 2910 834 2960 attactum
860 2909 891 2960 et
915 2897 997 2959 inter
1020 2897 1185 2979 Filippum
1214 2910 1367 2976 sutorem,
1391 2909 1426 2958 ut
1450 2909 1602 2975 actorem,
1626 2915 1679 2957 ra-

409 3003 502 3066 cione
527 3003 744 3085 quorumdam
775 3023 965 3066 cancrorum
999 3003 1153 3082 habitam,
1177 3003 1232 3064 tali
1266 3002 1376 3082 modo,
1401 3001 1490 3084 quod
1515 3003 1582 3084 ipse
1608 3003 1678 3064 Ma·

408 3110 501 3192 thyas
526 3110 700 3194 waarych
724 3124 839 3173 octavo
864 3111 916 3172 die
940 3129 1036 3192 super
1052 3130 1141 3172 aram
1170 3109 1238 3171 sola
1263 3110 1377 3171 suain
1403 3129 1540 3191 persona
1564 3123 1679 3172 contra

408 3217 588 3301 predictum
614 3217 778 3300 Filippum
799 3231 941 3280 sutorem
967 3216 1071 3298 jurare
1088 3217 1249 3278 tenebitur
1265 3236 1361 3299 super
1385 3236 1436 3295 eo,
1461 3230 1496 3278 ut
1520 3216 1587 3299 ipse
1604 3236 1678 3298 pre·

409 3326 513 3387 dictos
537 3344 668 3387 cancros
692 3326 731 3386 ab
757 3325 826 3406 ipso
844 3325 975 3406 Filippo
999 3337 1106 3385 sutore
1124 3323 1347 3406 potencialiter
1372 3341 1438 3384 non
1463 3322 1594 3404 recepit,
1618 3323 1677 3384 sed

409 3433 441 3493 in
468 3433 598 3494 accione
624 3431 768 3493 eiusdem
793 3431 912 3513 Filippi
937 3430 1119 3512 supradicta
1143 3429 1184 3493 sit
1213 3431 1368 3490 innocens
1392 3442 1423 3490 et
1447 3428 1607 3490 innoxius.

514 3539 592 3600 Item
618 3542 712 3598 Anna
729 3538 838 3599 relicta
856 3537 994 3600 condam
1012 3537 1094 3599 Pero
1112 3536 1230 3618 Crispi,
1247 3534 1353 3616 jurati,
1377 3549 1493 3596 octavo
1510 3533 1562 3596 die
1579 3553 1678 3616 super

408 3665 495 3706 aram
520 3659 629 3707 contra
648 3645 841 3727 Dyonisium
858 3643 1035 3726 Wodopya
1060 3643 1164 3724 jurare
1180 3642 1343 3703 tenebitur
1359 3659 1455 3722 super
1479 3659 1529 3718 eu,
1555 3655 1589 3701 ut
1606 3640 1677 3723 ipsa

407 3752 438 3813 in
465 3752 543 3813 silva
568 3771 624 3812 seu
648 3752 742 3813 vinea
766 3751 866 3834 ipsius
891 3750 1038 3832 Dyonisii
1063 3749 1123 3811 sibi
1153 3749 1280 3810 nullum
1304 3747 1482 3830 dampnum
1506 3744 1591 3812 fecit.

513 3859 591 3921 ltem
617 3858 755 3920 Michael
780 3856 962 3940 Jagychych
988 3857 1056 3918 sola
1081 3877 1137 3918 sua
1162 3857 1195 3917 in
1213 3875 1351 3938 persona
1369 3868 1483 3916 octavo
1508 3854 1561 3916 die
1578 3875 1677 3937 super

407 3985 494 4027 aram
519 3979 626 4028 sancte
656 3964 769 4027 Crucis
800 3978 910 4026 contra
943 3965 1073 4025 Petrum
1098 3964 1230 4046 Dragyn
1262 3962 1366 4044 jurare
1390 3962 1553 4024 tenebitur
1577 3982 1677 4045 super

407 4091 456 4151 eu,
481 4086 516 4134 ut
540 4073 607 4154 ipse
631 4070 857 4133 volutabulum
874 4071 973 4151 vulgo
997 4071 1048 4131 val
1074 4070 1207 4148 dictum,
1231 4069 1332 4151 ipsius
1348 4068 1431 4130 Petri
1458 4067 1589 4151 Dragyn
1607 4089 1677 4130 non

406 4178 550 4241 desecuit
573 4198 632 4240 nec
657 4179 689 4240 in
713 4177 829 4239 eodem
862 4177 1051 4240 volutabulo
1076 4190 1123 4238 est
1147 4176 1265 4258 aliquis
1288 4174 1544 4258 dampnificator.

513 4285 590 4348 ltem
616 4285 729 4347 Petrus
754 4285 884 4367 Dragyn
901 4297 1010 4346 contra
1038 4284 1180 4345 Blasium
1197 4283 1337 4365 juratum
1363 4283 1395 4344 in
1418 4282 1524 4364 primo
1549 4281 1676 4364 judicio

405 4393 551 4475 proxime
576 4403 762 4453 occurrente
783 4391 946 4453 tenebitur
969 4391 1174 4473 respondere.

511 4499 588 4559 ltem
621 4498 698 4580 quia
729 4502 837 4579 Agnes
869 4509 969 4559 mater
1001 4511 1031 4558 et
1064 4497 1242 4580 Elyzabeth
1275 4516 1366 4559 soror
1393 4515 1429 4557 ac
1462 4495 1558 4558 Clara
1590 4517 1675 4558 uxor

406 4605 536 4689 Mathye
561 4603 777 4666 malefactoris
802 4604 833 4665 in
851 4601 1017 4665 manifesta
1043 4603 1293 4685 participacione
1311 4603 1469 4684 sacrilegii
1495 4603 1584 4684 quod
1602 4605 1675 4686 ipse

406 4711 554 4794 Mathyas
577 4712 609 4772 in
638 4710 772 4774 ecclesia
804 4711 903 4772 sancti
937 4710 1105 4772 Laureucii
1139 4709 1276 4772 martiris
1313 4709 1518 4790 suprascripti
1556 4729 1675 4792 perpe·

404 4818 509 4895 travit,
533 4831 607 4878 sunt
623 4831 770 4899 repperte
795 4837 832 4879 ex
856 4837 895 4877 eo
922 4817 996 4898 quia
1015 4816 1054 4877 de
1073 4817 1142 4898 ipso
1161 4815 1329 4897 sacrilegio
1346 4829 1377 4877 et
1401 4816 1440 4876 de
1465 4813 1553 4876 furtu
1570 4817 1675 4898 ipsius

407 4923 536 5006 Mathye
550 4943 623 4984 cum
642 4923 756 4984 eodem
772 4922 900 5005 Mathya
919 4923 1015 4984 simul
1031 4923 1180 4984 vixerunt
1195 4923 1342 5000 scienter,
1367 4942 1429 5004 que
1447 4921 1522 4984 licet
1539 4937 1675 5004 propter

406 5032 473 5113 ipsa
507 5049 616 5092 earum
642 5028 798 5090 maleficia
833 5049 950 5112 penam
981 5030 1129 5112 supplicii
1155 5030 1349 5111 condignam
1382 5030 1447 5112 pati
1472 5029 1677 5111 debuissent,
