3694 5782
567 409 653 466 Anno
676 404 771 484 1468.
797 443 838 451 —
864 421 910 483 15.
927 409 1077 484 januarii.

1344 426 1460 522 332

193 619 460 680 inconvenienter
484 635 514 680 et
538 621 606 681 sine
631 621 700 701 lege
726 621 919 702 recepissent
946 620 1006 680 sibi
1040 619 1161 700 palium
1185 639 1279 680 suum
1306 639 1379 680 curn
1402 620 1459 681 ho·

195 747 271 787 nore
296 747 356 787 suo
382 727 486 788 eidem
513 727 646 788 reddere
664 728 849 788 debuissent
874 739 904 787 et
926 726 1109 802 restituere;
1134 727 1224 788 cuius
1242 727 1369 808 birsagii
1396 727 1459 788 due

194 847 298 912 partes
323 833 435 910 actori,
458 831 555 894 tercia
580 854 656 894 vero
682 853 754 914 pars
783 832 894 912 juratis
926 831 1009 894 dicte
1034 833 1170 893 civitatis
1194 833 1307 893 cedere
1333 833 1458 897 debeat.

299 939 378 1000 ltem
412 958 539 1000 causam
573 939 655 1000 inter
687 939 887 999 Demetrium
921 939 1044 1016 Palecz,
1077 937 1116 1000 de
1145 937 1288 1018 Raboch,
1314 953 1345 1000 et
1377 939 1460 1001 inter

197 1043 351 1106 Mathiam
376 1059 530 1106 sartorem
560 1064 716 1125 generum
733 1045 862 1106 Andree
888 1043 1094 1127 Symwnych,
1118 1063 1174 1125 per
1189 1044 1310 1124 juratos
1334 1045 1459 1126 adjudi-

197 1166 298 1214 catam
324 1167 354 1214 et
378 1173 434 1234 per
457 1153 562 1234 ipsum
588 1151 743 1213 Mathiam
777 1152 816 1212 ad
850 1172 908 1213 nos
939 1151 1081 1213 seniores
1112 1151 1234 1232 judices
1266 1153 1459 1234 appellatam

196 1258 299 1320 taliter
325 1261 525 1338 invenerunt,
554 1259 642 1339 quod
676 1260 742 1341 ipse
775 1259 888 1319 Palecz
913 1257 1011 1318 nichil
1043 1258 1140 1320 habet
1164 1277 1257 1338 agere
1282 1278 1354 1319 cum
1389 1261 1459 1342 ipso

198 1366 315 1426 Mathia
340 1385 398 1448 pro
423 1365 487 1426 illis
511 1366 621 1442 literis,
646 1364 700 1425 sed
726 1366 750 1425 si
777 1365 844 1446 ipse
870 1364 983 1425 Palecz
1008 1363 1077 1424 vult
1104 1364 1228 1426 solvere
1254 1364 1313 1447 ipsi
1338 1365 1459 1427 Mathie

195 1471 300 1533 debita
329 1473 446 1553 quibus
469 1472 632 1552 obligatur
655 1471 715 1531 sibi
740 1471 806 1552 ipse
826 1470 987 1551 Georgius
1012 1470 1229 1552 Jelowchych,
1254 1485 1368 1532 extunc
1394 1472 1459 1553 ipse

197 1578 332 1640 Mathias
356 1579 516 1639 tenebitur
533 1577 608 1638 dare
633 1578 740 1638 literas
758 1577 816 1659 ipsi
840 1577 964 1654 Palecz,
990 1591 1020 1638 et
1037 1577 1062 1637 si
1080 1577 1239 1658 persolvet
1261 1578 1329 1660 ipse
1347 1577 1459 1639 Palecz

197 1685 299 1766 ipsum
325 1685 481 1762 debitum,
507 1698 621 1745 extunc
646 1685 781 1745 liberam
814 1683 976 1745 vendendi
1002 1683 1056 1744 illa
1081 1684 1164 1744 bona
1190 1697 1220 1744 et
1243 1684 1460 1765 possessiones

193 1811 256 1872 que
280 1805 396 1852 sonant
420 1792 451 1851 in
478 1791 554 1872 ipsis
576 1791 676 1851 literis
701 1790 956 1872 inpignoraticiis
980 1789 1111 1851 babebit
1136 1789 1330 1852 facultatem.

300 1897 377 1958 ltem
403 1897 434 1958 in
460 1897 544 1958 lacto
569 1897 656 1957 illius
681 1896 779 1957 debiti
805 1897 916 1957 decern
942 1895 1011 1958 flor.
1029 1897 1109 1974 auri,
1133 1915 1198 1977 quo
1216 1896 1354 1958 condam
1379 1896 1459 1958 Gre-

191 2004 305 2083 gorius
327 2004 487 2065 colorator
512 2021 694 2084 pannorum
709 2001 813 2062 eidem
839 2001 992 2063 Conrado
1011 2003 1141 2063 Rawsar
1164 2003 1377 2083 obligabatur,
1395 2021 1459 2084 que

194 2108 255 2170 fuit
279 2129 335 2190 per
358 2108 478 2188 juratos
503 2107 683 2189 adjudicata
708 2123 738 2169 et
762 2108 802 2170 ad
828 2128 886 2169 nos
910 2108 1052 2169 seniores
1071 2107 1192 2188 judices
1216 2108 1386 2190 appellata,
1402 2128 1459 2190 per

192 2215 469 2296 composicionem
494 2216 671 2297 proborum
705 2215 848 2276 virorum
881 2213 1016 2276 eandem
1051 2214 1217 2274 dominam
1249 2214 1458 2276 Katlrerinam

191 2321 335 2381 relictam
362 2321 461 2403 ipsius
485 2321 622 2381 condam
649 2320 804 2382 Anthonii
830 2320 928 2382 Rotth
965 2321 1100 2402 quittam
1124 2335 1154 2381 et
1185 2319 1365 2402 expeditam
1390 2320 1457 2402 ipse

191 2425 365 2487 Conradus
389 2428 521 2488 Rawsar
552 2428 681 2488 demisit
714 2442 744 2488 et
775 2428 916 2508 reliquit,
946 2447 1003 2488 nec
1028 2427 1161 2488 ulterius
1194 2427 1295 2508 ipsam
1328 2447 1456 2488 causam

190 2546 303 2593 contra
337 2534 437 2615 ipsam
470 2535 632 2616 prosequi,
665 2548 696 2596 et
727 2533 788 2595 hoc
820 2553 927 2595 coram
961 2533 1053 2598 nobis
1083 2532 1264 2594 senioribus
1296 2531 1456 2615 judicibus

190 2638 434 2720 complanatum
459 2641 573 2703 existit.

217 2840 314 2914 Feria
345 2850 441 2915 sexta
467 2841 618 2931 proxima
648 2849 725 2914 ante
762 2842 883 2914 festum
913 2840 1002 2914 beati
1029 2839 1187 2914 Anthonii
1216 2841 1430 2920 confessoris.

515 2967 569 3038 vel
597 2974 674 3057 post
701 2967 824 3038 festum
853 2967 1124 3057 Epiphaniarum.

590 3121 650 3198 (15.
665 3121 816 3196 junuarii,
840 3139 909 3180 ann.
936 3116 1046 3198 1468).

298 3263 376 3323 ltem
401 3262 477 3343 quia
509 3281 572 3323 una
603 3261 695 3323 litera
726 3261 853 3343 providi
884 3261 943 3322 viri
978 3260 1166 3323 Thomasko
1198 3261 1327 3323 sartoris
1358 3282 1454 3344 super

190 3370 332 3451 quadam
356 3368 450 3428 vinea
474 3387 530 3428 sua
554 3368 586 3428 in
611 3368 771 3429 territorio
796 3367 879 3429 dicte
902 3367 1038 3429 civitatis
1066 3367 1183 3448 habita,
1210 3369 1313 3450 ipsum
1338 3387 1355 3428 a
1380 3387 1452 3450 pro-

189 3477 266 3537 vido
291 3477 361 3536 viro
386 3475 544 3558 Dyonisio
570 3473 749 3557 Sypchych‚
774 3475 898 3535 seniore
923 3473 1025 3554 jurato
1051 3487 1081 3536 et
1105 3476 1174 3536 cive
1199 3475 1281 3536 dicte
1306 3474 1453 3554 civitatis,

192 3583 412 3664 exempcionis
436 3583 531 3643 titulo
555 3596 778 3661 concernente,
802 3581 919 3659 habita,
937 3600 993 3661 per
1009 3583 1114 3663 ipsum
1140 3581 1327 3643 Thomasko
1351 3595 1452 3642 sarto·

191 3709 258 3750 rem
283 3688 420 3770 provido
444 3689 514 3750 viro
538 3687 647 3750 Blasio
671 3687 820 3767 institori,
850 3687 968 3748 seniori
1000 3686 1103 3766 jurato
1128 3702 1159 3749 et
1183 3688 1306 3776 concivi
1331 3700 1451 3766 nostro,

190 3797 229 3857 ad
255 3795 512 3857 conservandum
545 3795 618 3857 data
642 3810 674 3857 et
705 3794 854 3876 reposita,
886 3807 981 3876 prout
1005 3793 1065 3854 boc
1098 3794 1164 3876 ipse
1189 3794 1313 3856 Blasius
1343 3813 1451 3855 coram

191 3904 285 3964 nobis
310 3901 429 3980 retulit,
453 3903 492 3962 ab
518 3901 634 3964 eodem
659 3902 765 3963 Blasio
794 3900 961 3962 casualiter
993 3901 1158 3983 deperdita
1183 3915 1246 3978 est;
1271 3921 1334 3983 que
1360 3902 1452 3963 litera

191 4011 230 4071 ad
263 4008 508 4071 trinalorensem
540 4007 702 4090 publicam
734 4008 1025 4091 proclamacionem
1057 4029 1113 4090 per
1144 4028 1299 4090 precones
1326 4022 1452 4070 nostros

191 4136 380 4179 communes
403 4135 459 4196 per
477 4134 534 4176 nos
551 4114 618 4176 fieri
642 4116 844 4176 commissam
879 4115 994 4175 nullibi
1013 4115 1143 4196 reperiri
1160 4115 1276 4196 potuit,
1301 4115 1374 4176 ideo
1392 4134 1451 4176 nos

189 4224 315 4284 literam
339 4241 456 4282 novam
481 4241 576 4303 super
599 4222 752 4303 premissa
777 4221 869 4282 vinea
887 4221 991 4281 eidem
1018 4220 1205 4282 Thomasko
1229 4222 1340 4282 sartori
1365 4220 1451 4303 juxta

190 4331 290 4411 ipsius
315 4329 451 4390 civitatis
473 4329 738 4390 consvetudinem
771 4328 838 4389 dari
863 4327 1084 4389 commisimus
1108 4341 1139 4390 et
1162 4328 1298 4390 eandem
1322 4327 1450 4389 vineam

190 4436 297 4496 eidem
322 4435 501 4497 statuimus.

297 4540 375 4602 ltem
401 4542 476 4622 quia
500 4541 596 4603 tercia
620 4541 687 4602 vice
712 4540 946 4624 proclamatum
971 4554 1135 4622 estsuper
1159 4540 1302 4622 quodam
1326 4539 1450 4601 molen·

190 4649 267 4710 dino
293 4669 328 4710 ac
352 4649 443 4710 terris
460 4649 634 4710 arabilibus
658 4647 871 4726 censualibus,
896 4667 959 4728 que
977 4647 1113 4708 condam
1139 4648 1234 4709 Petro
1259 4646 1450 4708 Tewtonico

189 4755 417 4817 archidiacono
443 4755 579 4816 Kemlek
603 4767 634 4817 et
666 4755 822 4816 canonico
848 4754 980 4815 ecclesie
1009 4755 1224 4832 zagrabiensis
1248 4755 1449 4835 inpignorate

190 4881 244 4944 per
268 4861 406 4924 condam
431 4860 624 4941 lohannem,
643 4861 731 4922 Hans
749 4861 881 4940 dictum,
900 4860 1084 4943 lapicidam,
1101 4875 1132 4923 et
1147 4859 1277 4922 tandem
1303 4860 1449 4943 Mylycze
