3694 5782
846 519 1046 599 Ann01467.
1071 557 1112 566 -
1136 519 1187 584 26.
1204 523 1298 598 junii.

643 632 680 637 .—
948 631 1031 638 .——-
1054 632 1061 636 .
1081 631 1186 636 ——..
1197 627 1685 636 —————-—-—-—

561 740 657 815 laria
688 747 795 816 tercia
824 745 977 833 proxima
1006 751 1084 816 aute
1112 743 1235 816 leston
1264 741 1421 832 Corporis
1450 740 1588 814 Christi.

967 875 1036 957 (26.
1059 878 1158 956 nonii).

549 1001 626 1062 ltem
651 1003 763 1063 Benko
788 1001 912 1063 institor
936 1002 1042 1083 primo
1065 1001 1180 1063 citatus
1200 1015 1310 1063 contra
1336 1001 1517 1063 Johannem
1542 1001 1686 1062 Pazarse-

443 1109 567 1169 niorem
585 1107 723 1190 juratum
742 1122 772 1171 et
788 1109 955 1170 concivem
973 1123 1116 1170 nostrum
1135 1109 1263 1169 racione
1286 1120 1445 1169 certorum
1463 1107 1686 1190 vituperiorun,

442 1236 507 1276 non
532 1217 712 1298 comparuit
729 1217 760 1277 in
786 1215 907 1296 judicio
924 1235 1032 1278 coram
1058 1215 1152 1278 nobis
1168 1235 1273 1296 neque
1298 1215 1440 1297 aliquem
1466 1227 1685 1298 procuratorem

442 1342 499 1404 pro
524 1343 558 1384 se
583 1323 678 1392 misit.

547 1428 624 1490 ltem
649 1429 724 1510 quia
749 1429 903 1490 discretus
926 1429 974 1489 vir
1007 1427 1159 1490 dominus
1184 1427 1321 1490 Mathias
1351 1427 1469 1489 sutoris
1492 1426 1609 1504 dictus,
1632 1445 1684 1507 pre·

441 1535 614 1596 bendarius
638 1535 771 1597 ecclesie
796 1535 1021 1616 zagrabiensis,
1047 1535 1304 1618 Herwoyewyeh
1333 1534 1447 1612 dictus,
1471 1553 1508 1596 ac
1526 1533 1686 1615 Stephanus

442 1640 538 1704 frater
562 1641 719 1720 eiusdem,
751 1661 808 1703 nec
834 1661 897 1702 non
924 1641 1009 1703 Rosa
1033 1661 1123 1702 soror
1146 1641 1335 1704 eorumdem
1362 1640 1527 1703 Thomam
1551 1655 1685 1712 sutorem,

440 1767 656 1809 successorem
681 1747 818 1809 condam
844 1747 1014 1809 Francisco
1039 1747 1156 1809 sutoris
1179 1747 1259 1808 olim
1276 1746 1418 1808 concivis
1442 1746 1553 1824 nostri,
1579 1746 1686 1807 racione

441 1855 633 1934 suspicionis
657 1853 769 1916 mortis
794 1853 956 1915 Dorotbee
980 1853 1100 1914 sororis
1131 1853 1331 1932 eorumdem,
1356 1852 1388 1914 in
1414 1853 1559 1935 ipsorum
1584 1866 1614 1913 et
1634 1869 1686 1912 otn-

444 1963 532 2024 nium
566 1960 698 2024 fratrum
731 1975 761 2022 et
792 1961 1013 2043 proximorum
1047 1959 1235 2021 eorumdem
1269 1959 1408 2040 quittum
1445 1958 1686 2020 reddideruntet

441 2069 657 2146 innocentem,
682 2087 740 2129 nec
765 2068 869 2149 ipsum
895 2081 926 2128 et
950 2085 1025 2128 suos
1048 2065 1182 2128 heredes
1210 2065 1338 2127 racione
1363 2066 1472 2147 previa
1497 2065 1582 2127 velle
1606 2065 1685 2144 impe·

441 2174 508 2235 dire
534 2189 588 2235 aut
613 2175 644 2234 in
669 2175 780 2255 aliquo
805 2171 1044 2255 dampnificare.

547 2282 624 2343 ltem
649 2281 782 2363 quidam
807 2281 905 2362 Jurgh
931 2279 1132 2342 Teutonicus
1152 2279 1191 2340 de
1210 2279 1317 2361 Halyn
1342 2298 1443 2361 prope
1463 2279 1683 2361 Salezpurgan,

440 2387 519 2449 dixit
544 2401 574 2450 et
599 2386 699 2448 lassus
730 2401 776 2448 est
800 2388 831 2448 in
865 2386 1008 2448 martirio
1041 2401 1072 2446 et
1101 2386 1202 2448 eciam
1227 2385 1258 2446 in
1291 2385 1482 2446 consistorio
1508 2404 1613 2446 coram
1633 2397 1684 2443 tota

440 2495 672 2556 communitate
697 2493 779 2555 dicte
805 2493 952 2572 civitatis,
977 2493 1064 2574 quod
1095 2490 1283 2554 fabrificavit
1307 2490 1423 2552 falsum
1447 2505 1613 2573 argentum
1627 2507 1683 2551 curo

443 2600 585 2679 salvitro,
609 2613 640 2661 et
664 2620 735 2661 cum
755 2598 934 2662 Cristoloro
958 2600 1107 2661 sellatore
1124 2598 1318 2660 circumcisit
1337 2611 1500 2660 monetam
1519 2612 1550 2658 et
1566 2615 1681 2678 grossos,

440 2719 471 2768 et
494 2707 595 2768 eciam
612 2706 691 2766 dixit
704 2705 791 2786 quod
805 2706 886 2768 cusit
901 2703 998 2767 falsos
1015 2703 1154 2766 florenos
1166 2717 1231 2766 tam
1249 2703 1472 2785 hungaricales
1491 2723 1588 2785 quam
1604 2721 1683 2763 vene·

444 2812 549 2888 ciales,
573 2825 603 2872 et
627 2811 715 2889 dixit,
740 2811 799 2872 sibi
818 2811 918 2872 serius
943 2812 974 2872 in
998 2809 1224 2872 falsificacione
1249 2823 1280 2872 et
1303 2809 1435 2871 cusione
1460 2808 1644 2871 florenorum
1660 2818 1683 2866 et

440 2919 668 3000 peccuniarum
682 2918 816 2978 aliarum
832 2917 1005 2999 quemdam
1022 2917 1111 2978 Hans
1124 2917 1164 2977 de
1178 2917 1337 2978 Zamabor
1353 2929 1384 2978 et
1397 2916 1571 2997 quemdam
1588 2911 1684 2976 Osual·

441 3024 518 3085 dum
544 3023 715 3106 pellificem
734 3023 773 3085 de
799 3023 1035 3106 Syhymbergh,
1057 3023 1112 3106 qui
1136 3022 1235 3104 Jurgh
1253 3041 1310 3105 per
1325 3021 1447 3104 juratos
1471 3022 1554 3084 dicte
1571 3019 1684 3084 civitatis

440 3143 569 3211 propter
592 3149 648 3191 sua
673 3129 828 3191 demerita
846 3144 892 3190 est
915 3129 1116 3211 adjudicatus
1140 3128 1299 3211 supplicio
1316 3149 1373 3191 seu
1398 3129 1549 3190 incendio
1566 3126 1639 3209 ignis
1657 3125 1683 3186 in

439 3235 512 3297 loco
536 3236 631 3297 solito
656 3235 738 3297 dicte
756 3235 908 3308 civitatis;
927 3249 958 3297 et
981 3236 1083 3297 eciam
1101 3235 1180 3296 dixit
1203 3235 1263 3296 sibi
1288 3235 1410 3297 socium
1430 3235 1581 3297 Jacobum
1604 3231 1684 3294 freni·

441 3363 550 3424 parem
576 3343 660 3425 apud
687 3343 852 3426 Duyrnum
883 3343 1035 3404 comitem
1060 3343 1091 3404 in
1118 3343 1197 3404 Slun
1222 3357 1252 3404 et
1277 3361 1350 3403 cum
1377 3341 1466 3403 Hans
1483 3343 1515 3403 in
1540 3340 1683 3403 Samabor.

547 3449 624 3510 ltem
650 3449 840 3511 Valentinus
857 3447 1124 3533 Thergowchych
1140 3468 1214 3510 cum
1232 3468 1331 3511 uxore
1355 3469 1411 3510 sua
1436 3447 1563 3511 Cranda
1585 3457 1679 3506 vocato

438 3568 484 3615 est
508 3554 716 3636 reprehensus
740 3555 771 3616 in
796 3553 958 3617 lurticinio
983 3575 1136 3617 aucarum
1160 3554 1340 3617 Clementis
1366 3555 1523 3636 Hungari,
1547 3549 1676 3615 moderni

442 3662 548 3742 jurati,
571 3675 716 3742 tempore
741 3661 898 3742 judicatus
923 3661 1052 3724 Thome
1077 3661 1245 3743 freniparis
1262 3681 1348 3724 anno
1372 3662 1518 3744 proxime
1542 3658 1683 3743 preterito,

440 3769 495 3849 qui
520 3767 709 3829 Valentinus
746 3768 845 3829 evasit
876 3781 1007 3850 propter
1038 3767 1224 3829 huiusmodi
1259 3765 1380 3830 lurtum
1411 3767 1451 3828 de
1483 3768 1549 3850 ipsa
1571 3763 1682 3827 civitate

441 3893 513 3935 cum
539 3894 637 3936 uxore
661 3895 728 3952 sua,
754 3876 872 3957 quibus
896 3877 1006 3952 (deest).

547 3980 625 4042 ltem
651 3981 849 4043 Cristolorus
864 3981 994 4064 sellipar
1018 3980 1077 4044 luit
1102 3995 1246 4065 repertus
1263 3983 1295 4044 in
1320 3982 1499 4044 abscisione
1520 3993 1682 4062 grossontm

441 4101 471 4149 et
496 4089 597 4149 eciam
622 4089 654 4149 in
679 4088 847 4170 empcione
870 4086 1023 4150 salsorum
1047 4087 1258 4169 florenorum,
1282 4089 1337 4170 qui
1362 4102 1492 4172 propter
1515 4079 1680 4148 huiusmodi

440 4196 626 4257 scissionem
651 4196 790 4277 ipsarum
817 4197 1045 4278 peccuniarum
1070 4199 1170 4259 evasit
1186 4197 1226 4258 de
1251 4197 1317 4280 ipsa
1340 4197 1479 4276 civitate,
1503 4195 1585 4258 cuius
1600 4189 1678 4251 uxori

442 4301 566 4362 mansio
591 4315 621 4362 et
647 4301 794 4363 introitus
819 4301 918 4383 ipsius
942 4302 1077 4364 civitatis
1102 4315 1148 4364 est
1171 4303 1363 4385 prohibitus.

468 4487 562 4560 Feria
591 4498 688 4561 sexta
716 4489 870 4579 proxima
898 4499 975 4580 post
1007 4491 1131 4562 lestutn
1159 4489 1359 4564 Nativitatis
1397 4489 1488 4562 beati
1515 4481 1660 4580 Johaunis

983 4615 1147 4704 Baptiste.

976 4766 1043 4848 (26.
1060 4770 1169 4845 sicarii).

545 4889 622 4951 ltem
647 4890 722 4971 quia
748 4891 935 4952 Leonardus
958 4911 1092 4973 pugnar,
1116 4891 1310 4954 inhabitator
1334 4892 1417 4954 dicte
1450 4888 1584 4963 civitatis,
1606 4882 1680 4964 jura-

440 5011 587 5058 mentum
612 4997 672 5058 sibi
697 4999 828 5079 prestari
852 5018 909 5080 per
933 5019 992 5060 nos
1015 5011 1046 5060 et
1069 4998 1190 5081 juratos
1214 4999 1299 5061 dicte
1324 4998 1462 5061 civitatis
1486 4991 1681 5080 adjudicatum
