3738 5786
603 547 799 627 Ann01457.
825 582 868 592 —
891 563 943 624 29.
968 549 1085 624 aprilis.

258 766 354 841 leria
385 779 485 842 sexta
513 770 664 859 proxima
694 779 772 842 ante
809 772 932 842 festum
962 771 1051 843 beati
1080 771 1247 844 Benedicti
1275 771 1419 846 abbatis.

727 922 792 1004 (18.
829 925 949 1002 martir).

311 1047 393 1110 Item
419 1067 512 1110 causa
538 1049 619 1110 inter
643 1049 829 1132 Philippum
853 1063 994 1112 sutorem
1021 1064 1055 1112 ut
1078 1062 1216 1112 actorem
1245 1063 1276 1113 et
1300 1051 1380 1112 inter
1405 1051 1472 1112 Ma-

205 1152 315 1236 tbyam
334 1154 510 1238 waarych
528 1155 611 1217 utin
630 1175 757 1218 causam
782 1169 948 1234 attactum,
966 1176 1022 1237 per
1038 1157 1157 1238 probos
1173 1157 1259 1218 viros
1274 1156 1315 1218 ad
1331 1157 1471 1238 primum

205 1258 363 1340 judicium
388 1261 534 1342 proxime
559 1281 730 1324 occurrens
753 1281 811 1345 pro
835 1281 913 1344 pace
938 1261 1043 1324 fienda
1069 1276 1115 1324 est
1138 1247 1320 1345 prorogata.

313 1367 391 1430 ltem
426 1369 500 1450 quia
532 1367 716 1430 Anthonius
747 1369 888 1451 agricola
922 1369 1025 1431 dictus
1058 1369 1189 1431 Plezecz
1221 1389 1277 1451 per
1301 1383 1396 1452 caput
1427 1385 1473 1432 est

204 1475 347 1536 maxime
365 1494 534 1556 percussus
559 1495 615 1557 per
633 1476 806 1538 Martinam
832 1474 1030 1538 aurifabrum
1048 1473 1150 1538 filium
1171 1477 1255 1538 Luce
1281 1475 1320 1538 de
1347 1477 1472 1556 Yenno,

205 1581 359 1662 idemque
386 1581 542 1644 Martinus
573 1595 620 1644 est
645 1601 812 1664 percussus
844 1582 992 1644 similiter
1024 1583 1064 1644 ad
1096 1597 1190 1664 caput
1214 1601 1270 1666 per
1292 1582 1470 1664 predictum

204 1687 421 1766 Anthonium,
446 1688 520 1749 ideo
544 1687 686 1771 prefatus
710 1690 866 1751 Martinus
891 1690 1044 1751 remansit
1068 1702 1177 1753 contra
1202 1689 1381 1772 predictum
1405 1693 1472 1750 Au·

205 1792 355 1855 thunium
389 1794 563 1876 agricolam
597 1795 627 1856 in
661 1795 750 1856 XXV
783 1796 889 1878 pensis
920 1795 1146 1875 denariorum,
1180 1795 1267 1858 salva
1305 1795 1471 1858 solucione

205 1900 322 1983 premii
348 1901 465 1963 medici
491 1902 590 1984 ipsius
615 1901 769 1964 Anthonii
795 1903 933 1984 agricole
960 1917 990 1964 et
1018 1903 1170 1986 porcione
1195 1901 1310 1984 judicis
1335 1915 1366 1964 et
1389 1903 1471 1984 jura·

205 2019 314 2068 torum
339 2008 487 2070 similiter
511 2009 615 2086 salva3
640 2023 671 2070 et
694 2009 780 2071 idem
806 2009 989 2071 Anthonius
1013 2009 1153 2092 agricola
1178 2022 1287 2072 contra
1312 2007 1471 2094 prelatum

204 2113 383 2175 Martinum
407 2113 605 2176 aurifabrum
630 2115 781 2176 remansit
805 2115 836 2176 in
868 2115 1039 2177 duodecim
1065 2134 1138 2177 cum
1163 2115 1269 2178 media
1294 2115 1400 2198 pensis
1417 2115 1471 2178 de·

203 2219 372 2282 uariorum
398 2221 485 2282 salva
518 2221 671 2303 porcione
702 2221 850 2283 similiter
880 2220 995 2303 judicia
1026 2235 1057 2284 et
1088 2221 1263 2303 juratorum
1288 2241 1325 2282 ac
1357 2223 1470 2304 premii

204 2326 322 2388 medici
348 2325 435 2406 juxta
459 2327 737 2408 adjudicacionem
762 2328 980 2410 predictorum
1004 2328 1193 2410 juratorum.

311 2432 392 2494 ltem
417 2431 510 2513 jurati
535 2433 800 2514 adjudicaverunt
824 2455 951 2497 causam
970 2435 1052 2496 inter
1076 2434 1158 2496 duos
1182 2433 1359 2516 lutifigulos
1383 2435 1470 2496 vide·

204 2539 279 2601 licet
304 2539 447 2601 Blasium
473 2539 574 2602 lilium
601 2540 729 2604 Thome
755 2555 785 2604 et
818 2541 1012 2624 Gregorium
1037 2541 1140 2604 filium
1175 2543 1304 2626 Matbye
1329 2543 1361 2604 in
1386 2540 1470 2604 iacto

203 2645 329 2726 argilla,
362 2659 393 2707 et
425 2666 507 2708 unus
539 2667 650 2709 eorum
683 2663 792 2710 contra
823 2649 960 2710 alterum
993 2667 1104 2710 eorum
1138 2664 1252 2710 mutuo
1276 2663 1306 2710 et
1330 2649 1469 2711 vicissim

203 2767 428 2815 remanserunt
451 2753 482 2814 in
510 2753 649 2837 birsagio
674 2756 832 2838 potencie.

311 2858 391 2920 ltem
418 2859 542 2922 Blasius
566 2859 745 2942 lutifigulus
769 2882 825 2944 per
853 2861 1132 2943 adjudicacionem
1164 2862 1339 2944 juratorum
1367 2863 1470 2944 jurare

203 2966 367 3028 tenebitur
391 2965 469 3028 feria
486 2979 571 3029 sexta
597 2981 667 3051 post
690 2981 836 3030 octavam
862 2969 958 3030 Pasce
983 2969 1115 3030 Domini
1140 2981 1249 3030 contra
1275 2967 1469 3050 Gregorium

203 3071 403 3154 lutifigulum
429 3093 525 3156 super
550 3093 599 3154 eo,
625 3087 659 3136 ut
676 3075 743 3158 ipse
760 3095 825 3137 non
847 3075 979 3137 donavit
995 3075 1055 3138 sibi
1079 3075 1239 3158 premium
1257 3087 1374 3138 stature
1392 3075 1468 3138 vini.

340 3273 436 3348 Ferin
467 3283 564 3350 sexta
590 3277 743 3367 proxima
772 3287 847 3368 post
877 3287 1034 3352 octavam
1063 3277 1168 3350 Pasce
1195 3277 1334 3350 Domini.

727 3433 790 3508 (29.
815 3435 944 3510 aprilis).

311 3567 390 3631 ltem
407 3570 482 3651 qnia
498 3569 635 3633 Michael
652 3586 785 3635 venator
801 3573 925 3634 domini
941 3571 1104 3654 Hennyng
1122 3571 1153 3632 in
1171 3569 1339 3633 manifesta
1355 3571 1468 3652 depre-

204 3674 342 3736 dacione
367 3689 398 3737 et
421 3677 589 3759 sacrilegio
613 3698 719 3740 rerum
741 3679 873 3742 ecclesie
898 3681 998 3742 sancti
1019 3679 1185 3741 Laurencii
1206 3679 1237 3739 in
1262 3679 1469 3761 pertinenciis

203 3783 306 3857 (deest)
324 3779 457 3845 fundate
478 3797 645 3866 reppertus
662 3798 718 3864 est,
737 3787 811 3868 quia
827 3785 945 3847 ibidem
964 3805 1037 3847 cum
1055 3785 1197 3867 quodam
1223 3784 1353 3868 Mathya
1371 3785 1468 3848 male·

202 3884 326 3949 factore
344 3887 508 3969 sacrilegia
531 3891 680 3954 manibus
697 3911 746 3953 res
764 3892 905 3974 predicte
923 3892 1057 3954 ecclesie
1081 3891 1180 3952 sancti
1201 3891 1369 3952 Laurencii
1387 3911 1467 3953 mar-

201 3993 275 4056 tiris
297 3994 449 4057 videlicet
473 3997 588 4059 calices
613 4011 644 4059 et
666 4000 819 4081 pecunias
855 3997 1061 4081 depredative
1093 3997 1223 4080 recepit,
1248 4011 1343 4080 prout
1367 3997 1467 4059 eciam

202 4101 293 4162 idem
318 4101 455 4165 Michael
481 4117 614 4166 venator
639 4105 726 4166 solus
747 4107 878 4188 proprio
903 4125 958 4168 ore
982 4125 1042 4166 auo
1059 4119 1105 4167 est
1130 4103 1304 4182 confessus,
1329 4104 1468 4186 ideoque

203 4207 347 4270 eundem
372 4208 565 4272 Michaelem
590 4209 675 4292 juxta
694 4231 749 4274 sua
774 4212 930 4274 demerita
947 4213 978 4274 in
997 4211 1143 4293 patibulo
1168 4225 1278 4274 nostro
1303 4211 1467 4273 communi

203 4313 305 4396 digne
330 4315 480 4377 duximus
504 4317 765 4400 suspendendum
793 4333 822 4380 et
847 4339 921 4380 eum
946 4319 1140 4402 suspendere
1170 4317 1303 4380 lecimus
1327 4317 1366 4380 de
1384 4317 1468 4381 lacto

202 4419 331 4502 justicia
356 4435 464 4484 nostra
488 4423 689 4506 privilegiata
715 4426 907 4506 requirente.

313 4526 392 4589 Item
418 4527 595 4612 Dyonisins
615 4547 716 4594 sartor
733 4545 843 4594 contra
862 4533 1012 4616 Ztoysam
1038 4531 1209 4615 pellificem
1227 4531 1331 4614 primo
1356 4533 1469 4594 citatus

202 4652 271 4695 non
297 4635 488 4718 comparuit.

311 4739 388 4802 ltem
414 4761 508 4805 causa
533 4743 614 4806 inter
646 4743 814 4807 dominam
839 4745 1047 4808 Scolasticam
1073 4746 1163 4806 aliter
1186 4745 1285 4806 Ztana
1311 4760 1467 4824 vocatam,

202 4845 348 4908 relictam
374 4847 511 4910 condam
537 4849 665 4913 Andree
693 4851 809 4932 judicis
837 4853 913 4914 dicti
940 4851 1018 4930 lah,
1043 4865 1073 4913 et
1098 4852 1180 4912 inter
1205 4853 1379 4913 Mancinum
1404 4873 1466 4914 sar-

202 4967 307 5014 torem
333 4969 364 5016 et
387 4975 528 5017 rasorem
552 4976 734 5038 pannorum
766 4958 884 5037 habita,
909 4959 949 5019 ad
974 4958 1114 5042 primum
1141 4957 1296 5044 judicium
1324 4959 1468 5041 proxime

201 5077 376 5123 occurrens
400 5075 448 5124 est
470 5083 526 5145 per
549 5063 669 5146 juratos
693 5065 894 5148 prolongata.
