<?xml version="1.0" encoding="UTF-8"?>
<!DOCTYPE html PUBLIC "-//W3C//DTD XHTML 1.0 Transitional//EN"
    "http://www.w3.org/TR/xhtml1/DTD/xhtml1-transitional.dtd">
<html xmlns="http://www.w3.org/1999/xhtml" xml:lang="en" lang="en">
 <head>
  <title>
</title>
<meta http-equiv="Content-Type" content="text/html;charset=utf-8" />
  <meta name='ocr-system' content='tesseract 3.04.00' />
  <meta name='ocr-capabilities' content='ocr_page ocr_carea ocr_par ocr_line ocrx_word'/>
</head>
<body>
  <div class='ocr_page' id='page_1' title='image "./monumentahistor13laszgoog_0364.png"; bbox 0 0 3694 5782; ppageno 0'>
   <div class='ocr_carea' id='block_1_1' title="bbox 425 751 1678 854">
    <p class='ocr_par' dir='ltr' id='par_1_1' title="bbox 425 751 1678 854">
     <span class='ocr_line' id='line_1_1' title="bbox 425 751 1678 854; baseline -0.02 -19"><span class='ocrx_word' id='word_1_1' title='bbox 425 773 506 834; x_wconf 91' lang='lat' dir='ltr'>nihil</span> <span class='ocrx_word' id='word_1_2' title='bbox 531 774 570 834; x_wconf 91' lang='lat' dir='ltr'>de</span> <span class='ocrx_word' id='word_1_3' title='bbox 598 769 716 854; x_wconf 86' lang='lat' dir='ltr'>prefata</span> <span class='ocrx_word' id='word_1_4' title='bbox 742 771 817 830; x_wconf 87' lang='lat' dir='ltr'>cista</span> <span class='ocrx_word' id='word_1_5' title='bbox 843 781 924 829; x_wconf 88' lang='lat' dir='ltr'>esset</span> <span class='ocrx_word' id='word_1_6' title='bbox 948 766 1073 827; x_wconf 89' lang='lat' dir='ltr'>conscia</span> <span class='ocrx_word' id='word_1_7' title='bbox 1098 782 1156 824; x_wconf 92' lang='lat' dir='ltr'>nec</span> <span class='ocrx_word' id='word_1_8' title='bbox 1180 781 1212 822; x_wconf 90' lang='lat' dir='ltr'>se</span> <span class='ocrx_word' id='word_1_9' title='bbox 1235 760 1324 820; x_wconf 88' lang='lat' dir='ltr'>novit</span> <span class='ocrx_word' id='word_1_10' title='bbox 1345 776 1412 818; x_wconf 89' lang='lat' dir='ltr'>esse</span> <span class='ocrx_word' id='word_1_11' title='bbox 1437 774 1523 816; x_wconf 90' lang='lat' dir='ltr'>ream</span> <span class='ocrx_word' id='word_1_12' title='bbox 1547 771 1601 813; x_wconf 88' lang='lat' dir='ltr'>seu</span> <span class='ocrx_word' id='word_1_13' title='bbox 1618 751 1678 811; x_wconf 91' lang='lat' dir='ltr'>cul·</span> 
     </span>
    </p>
   </div>
   <div class='ocr_carea' id='block_1_2' title="bbox 424 876 1680 1045">
    <p class='ocr_par' dir='ltr' id='par_1_2' title="bbox 424 876 1680 1045">
     <span class='ocr_line' id='line_1_2' title="bbox 424 876 907 962; baseline -0.008 -22"><span class='ocrx_word' id='word_1_14' title='bbox 424 881 563 962; x_wconf 92' lang='lat' dir='ltr'>pabilem</span> <span class='ocrx_word' id='word_1_15' title='bbox 592 899 650 961; x_wconf 94' lang='lat' dir='ltr'>pro</span> <span class='ocrx_word' id='word_1_16' title='bbox 675 876 794 959; x_wconf 88' lang='lat' dir='ltr'>prefata</span> <span class='ocrx_word' id='word_1_17' title='bbox 821 876 907 936; x_wconf 87' lang='lat' dir='ltr'>cista.</span> 
     </span>
     <span class='ocr_line' id='line_1_3' title="bbox 530 963 1680 1045; baseline -0.021 0"><span class='ocrx_word' id='word_1_18' title='bbox 530 985 609 1045; x_wconf 92' lang='lat' dir='ltr'>ltem</span> <span class='ocrx_word' id='word_1_19' title='bbox 635 983 780 1044; x_wconf 82' lang='lat' dir='ltr'>Andreas</span> <span class='ocrx_word' id='word_1_20' title='bbox 804 981 947 1041; x_wconf 90' lang='lat' dir='ltr'>mollitor</span> <span class='ocrx_word' id='word_1_21' title='bbox 980 977 1106 1038; x_wconf 85' lang='lat' dir='ltr'>claustri</span> <span class='ocrx_word' id='word_1_22' title='bbox 1132 973 1230 1035; x_wconf 89' lang='lat' dir='ltr'>sancti</span> <span class='ocrx_word' id='word_1_23' title='bbox 1257 968 1416 1031; x_wconf 88' lang='lat' dir='ltr'>Francisci</span> <span class='ocrx_word' id='word_1_24' title='bbox 1451 965 1558 1027; x_wconf 85' lang='lat' dir='ltr'>citavit</span> <span class='ocrx_word' id='word_1_25' title='bbox 1583 963 1680 1044; x_wconf 91' lang='lat' dir='ltr'>primo</span> 
     </span>
    </p>
   </div>
   <div class='ocr_carea' id='block_1_3' title="bbox 426 1085 1063 1172">
    <p class='ocr_par' dir='ltr' id='par_1_3' title="bbox 426 1085 1063 1172">
     <span class='ocr_line' id='line_1_4' title="bbox 426 1085 1063 1172; baseline -0.013 -20"><span class='ocrx_word' id='word_1_26' title='bbox 426 1091 624 1172; x_wconf 84' lang='lat' dir='ltr'>Stephanum</span> <span class='ocrx_word' id='word_1_27' title='bbox 649 1103 789 1150; x_wconf 88' lang='lat' dir='ltr'>sutorem</span> <span class='ocrx_word' id='word_1_28' title='bbox 817 1087 900 1148; x_wconf 86' lang='lat' dir='ltr'>Lach</span> <span class='ocrx_word' id='word_1_29' title='bbox 930 1085 1063 1145; x_wconf 88' lang='lat' dir='ltr'>dictum.</span> 
     </span>
    </p>
   </div>
   <div class='ocr_carea' id='block_1_4' title="bbox 427 1198 1680 1399">
    <p class='ocr_par' dir='ltr' id='par_1_4' title="bbox 427 1198 1680 1399">
     <span class='ocr_line' id='line_1_5' title="bbox 533 1198 1680 1290; baseline -0.02 -14"><span class='ocrx_word' id='word_1_30' title='bbox 533 1216 610 1275; x_wconf 85' lang='lat' dir='ltr'>Item</span> <span class='ocrx_word' id='word_1_31' title='bbox 628 1214 764 1274; x_wconf 90' lang='lat' dir='ltr'>Michael</span> <span class='ocrx_word' id='word_1_32' title='bbox 784 1212 903 1273; x_wconf 89' lang='lat' dir='ltr'>Golecz</span> <span class='ocrx_word' id='word_1_33' title='bbox 930 1211 1031 1270; x_wconf 86' lang='lat' dir='ltr'>dictus</span> <span class='ocrx_word' id='word_1_34' title='bbox 1048 1209 1153 1290; x_wconf 92' lang='lat' dir='ltr'>primo</span> <span class='ocrx_word' id='word_1_35' title='bbox 1171 1206 1283 1266; x_wconf 88' lang='lat' dir='ltr'>citatus</span> <span class='ocrx_word' id='word_1_36' title='bbox 1302 1221 1365 1263; x_wconf 91' lang='lat' dir='ltr'>non</span> <span class='ocrx_word' id='word_1_37' title='bbox 1384 1198 1563 1280; x_wconf 82' lang='lat' dir='ltr'>comparuit</span> <span class='ocrx_word' id='word_1_38' title='bbox 1580 1213 1680 1256; x_wconf 91' lang='lat' dir='ltr'>coram</span> 
     </span>
     <span class='ocr_line' id='line_1_6' title="bbox 427 1305 1504 1399; baseline -0.015 -17"><span class='ocrx_word' id='word_1_39' title='bbox 427 1323 521 1382; x_wconf 89' lang='lat' dir='ltr'>nobis</span> <span class='ocrx_word' id='word_1_40' title='bbox 546 1323 576 1382; x_wconf 94' lang='lat' dir='ltr'>in</span> <span class='ocrx_word' id='word_1_41' title='bbox 604 1321 721 1399; x_wconf 86' lang='lat' dir='ltr'>judicio</span> <span class='ocrx_word' id='word_1_42' title='bbox 747 1334 857 1380; x_wconf 89' lang='lat' dir='ltr'>contra</span> <span class='ocrx_word' id='word_1_43' title='bbox 883 1317 1046 1378; x_wconf 84' lang='lat' dir='ltr'>blatheum</span> <span class='ocrx_word' id='word_1_44' title='bbox 1072 1311 1294 1394; x_wconf 81' lang='lat' dir='ltr'>l&#39;egudowich</span> <span class='ocrx_word' id='word_1_45' title='bbox 1320 1305 1504 1369; x_wconf 88' lang='lat' dir='ltr'>Dudinich.&#39;</span> 
     </span>
    </p>
   </div>
   <div class='ocr_carea' id='block_1_5' title="bbox 427 1427 1687 3223">
    <p class='ocr_par' dir='ltr' id='par_1_5' title="bbox 427 1427 1687 3223">
     <span class='ocr_line' id='line_1_7' title="bbox 533 1427 1680 1506; baseline -0.02 0"><span class='ocrx_word' id='word_1_46' title='bbox 533 1446 608 1506; x_wconf 89' lang='lat' dir='ltr'>lrem</span> <span class='ocrx_word' id='word_1_47' title='bbox 635 1445 806 1506; x_wconf 88' lang='lat' dir='ltr'>concordia</span> <span class='ocrx_word' id='word_1_48' title='bbox 833 1441 911 1503; x_wconf 86' lang='lat' dir='ltr'>facta</span> <span class='ocrx_word' id='word_1_49' title='bbox 939 1443 1019 1502; x_wconf 90' lang='lat' dir='ltr'>inter</span> <span class='ocrx_word' id='word_1_50' title='bbox 1041 1439 1182 1500; x_wconf 85' lang='lat' dir='ltr'>Blasium</span> <span class='ocrx_word' id='word_1_51' title='bbox 1208 1437 1247 1497; x_wconf 93' lang='lat' dir='ltr'>de</span> <span class='ocrx_word' id='word_1_52' title='bbox 1273 1433 1415 1495; x_wconf 82' lang='lat' dir='ltr'>Abbacia</span> <span class='ocrx_word' id='word_1_53' title='bbox 1441 1431 1519 1491; x_wconf 91' lang='lat' dir='ltr'>alias</span> <span class='ocrx_word' id='word_1_54' title='bbox 1543 1427 1680 1488; x_wconf 89' lang='lat' dir='ltr'>villicum</span> 
     </span>
     <span class='ocr_line' id='line_1_8' title="bbox 427 1536 1681 1620; baseline -0.018 -8"><span class='ocrx_word' id='word_1_55' title='bbox 427 1553 465 1612; x_wconf 88' lang='lat' dir='ltr'>de</span> <span class='ocrx_word' id='word_1_56' title='bbox 491 1553 602 1612; x_wconf 90' lang='lat' dir='ltr'>eadem</span> <span class='ocrx_word' id='word_1_57' title='bbox 629 1567 659 1612; x_wconf 92' lang='lat' dir='ltr'>et</span> <span class='ocrx_word' id='word_1_58' title='bbox 683 1552 712 1612; x_wconf 82' lang='lat' dir='ltr'>T</span> <span class='ocrx_word' id='word_1_59' title='bbox 717 1552 845 1610; x_wconf 91' lang='lat' dir='ltr'>homam</span> <span class='ocrx_word' id='word_1_60' title='bbox 865 1563 1005 1608; x_wconf 89' lang='lat' dir='ltr'>sutorem</span> <span class='ocrx_word' id='word_1_61' title='bbox 1031 1547 1070 1606; x_wconf 94' lang='lat' dir='ltr'>de</span> <span class='ocrx_word' id='word_1_62' title='bbox 1094 1543 1248 1605; x_wconf 90' lang='lat' dir='ltr'>suburbio</span> <span class='ocrx_word' id='word_1_63' title='bbox 1266 1540 1412 1617; x_wconf 83' lang='lat' dir='ltr'>civitatis,</span> <span class='ocrx_word' id='word_1_64' title='bbox 1430 1559 1486 1620; x_wconf 89' lang='lat' dir='ltr'>per</span> <span class='ocrx_word' id='word_1_65' title='bbox 1511 1536 1681 1597; x_wconf 86' lang='lat' dir='ltr'>lohannem</span> 
     </span>
     <span class='ocr_line' id='line_1_9' title="bbox 428 1640 1682 1736; baseline -0.018 -16"><span class='ocrx_word' id='word_1_66' title='bbox 428 1659 603 1736; x_wconf 68' lang='lat' dir='ltr'>Perou&#39;ich,</span> <span class='ocrx_word' id='word_1_67' title='bbox 629 1658 801 1718; x_wconf 86' lang='lat' dir='ltr'>Matrinum</span> <span class='ocrx_word' id='word_1_68' title='bbox 828 1658 957 1715; x_wconf 76' lang='lat' dir='ltr'>Raivsar</span> <span class='ocrx_word' id='word_1_69' title='bbox 982 1669 1012 1714; x_wconf 91' lang='lat' dir='ltr'>et</span> <span class='ocrx_word' id='word_1_70' title='bbox 1040 1651 1239 1713; x_wconf 82' lang='lat' dir='ltr'>Anthonium</span> <span class='ocrx_word' id='word_1_71' title='bbox 1269 1648 1411 1709; x_wconf 85' lang='lat' dir='ltr'>seniores</span> <span class='ocrx_word' id='word_1_72' title='bbox 1439 1644 1560 1726; x_wconf 85' lang='lat' dir='ltr'>judices</span> <span class='ocrx_word' id='word_1_73' title='bbox 1584 1640 1682 1700; x_wconf 90' lang='lat' dir='ltr'>taliter</span> 
     </span>
     <span class='ocr_line' id='line_1_10' title="bbox 430 1744 1681 1842; baseline -0.017 -17"><span class='ocrx_word' id='word_1_74' title='bbox 430 1763 522 1840; x_wconf 83' lang='lat' dir='ltr'>lacta,</span> <span class='ocrx_word' id='word_1_75' title='bbox 548 1766 605 1824; x_wconf 89' lang='lat' dir='ltr'>sub</span> <span class='ocrx_word' id='word_1_76' title='bbox 631 1783 741 1823; x_wconf 85' lang='lat' dir='ltr'>eorum</span> <span class='ocrx_word' id='word_1_77' title='bbox 775 1761 836 1822; x_wconf 86' lang='lat' dir='ltr'>lide</span> <span class='ocrx_word' id='word_1_78' title='bbox 862 1763 935 1821; x_wconf 89' lang='lat' dir='ltr'>data</span> <span class='ocrx_word' id='word_1_79' title='bbox 967 1775 1093 1842; x_wconf 83' lang='lat' dir='ltr'>propter</span> <span class='ocrx_word' id='word_1_80' title='bbox 1126 1757 1205 1818; x_wconf 92' lang='lat' dir='ltr'>illud</span> <span class='ocrx_word' id='word_1_81' title='bbox 1238 1755 1359 1836; x_wconf 83' lang='lat' dir='ltr'>nephas</span> <span class='ocrx_word' id='word_1_82' title='bbox 1387 1767 1417 1812; x_wconf 90' lang='lat' dir='ltr'>et</span> <span class='ocrx_word' id='word_1_83' title='bbox 1450 1751 1569 1811; x_wconf 88' lang='lat' dir='ltr'>crimen</span> <span class='ocrx_word' id='word_1_84' title='bbox 1601 1744 1681 1825; x_wconf 93' lang='lat' dir='ltr'>quod</span> 
     </span>
     <span class='ocr_line' id='line_1_11' title="bbox 432 1849 1679 1952; baseline -0.019 -20"><span class='ocrx_word' id='word_1_85' title='bbox 432 1873 498 1952; x_wconf 90' lang='lat' dir='ltr'>ipsc</span> <span class='ocrx_word' id='word_1_86' title='bbox 531 1869 676 1930; x_wconf 84' lang='lat' dir='ltr'>Thomas</span> <span class='ocrx_word' id='word_1_87' title='bbox 709 1869 911 1929; x_wconf 87' lang='lat' dir='ltr'>commiserat</span> <span class='ocrx_word' id='word_1_88' title='bbox 943 1887 1015 1927; x_wconf 90' lang='lat' dir='ltr'>cum</span> <span class='ocrx_word' id='word_1_89' title='bbox 1039 1885 1138 1925; x_wconf 84' lang='lat' dir='ltr'>uxore</span> <span class='ocrx_word' id='word_1_90' title='bbox 1171 1862 1314 1922; x_wconf 89' lang='lat' dir='ltr'>eiusdem</span> <span class='ocrx_word' id='word_1_91' title='bbox 1343 1857 1456 1934; x_wconf 87' lang='lat' dir='ltr'>Blasii,</span> <span class='ocrx_word' id='word_1_92' title='bbox 1489 1867 1520 1916; x_wconf 86' lang='lat' dir='ltr'>et</span> <span class='ocrx_word' id='word_1_93' title='bbox 1551 1854 1608 1913; x_wconf 89' lang='lat' dir='ltr'>sub</span> <span class='ocrx_word' id='word_1_94' title='bbox 1630 1849 1679 1910; x_wconf 90' lang='lat' dir='ltr'>tali</span> 
     </span>
     <span class='ocr_line' id='line_1_12' title="bbox 431 1961 1682 2058; baseline -0.018 -20"><span class='ocrx_word' id='word_1_95' title='bbox 431 1979 647 2058; x_wconf 82' lang='lat' dir='ltr'>obligatione,</span> <span class='ocrx_word' id='word_1_96' title='bbox 672 1978 759 2057; x_wconf 87' lang='lat' dir='ltr'>quod</span> <span class='ocrx_word' id='word_1_97' title='bbox 784 1977 807 2036; x_wconf 91' lang='lat' dir='ltr'>si</span> <span class='ocrx_word' id='word_1_98' title='bbox 835 1977 918 2035; x_wconf 89' lang='lat' dir='ltr'>idem</span> <span class='ocrx_word' id='word_1_99' title='bbox 946 1974 1091 2033; x_wconf 82' lang='lat' dir='ltr'>Thomas</span> <span class='ocrx_word' id='word_1_100' title='bbox 1115 1972 1146 2031; x_wconf 97' lang='lat' dir='ltr'>in</span> <span class='ocrx_word' id='word_1_101' title='bbox 1165 1969 1327 2050; x_wconf 89' lang='lat' dir='ltr'>aliquibus</span> <span class='ocrx_word' id='word_1_102' title='bbox 1343 1963 1543 2045; x_wconf 82' lang='lat' dir='ltr'>temporibus</span> <span class='ocrx_word' id='word_1_103' title='bbox 1569 1961 1597 2019; x_wconf 93' lang='lat' dir='ltr'>in</span> <span class='ocrx_word' id='word_1_104' title='bbox 1617 1975 1682 2038; x_wconf 92' lang='lat' dir='ltr'>pro·</span> 
     </span>
     <span class='ocr_line' id='line_1_13' title="bbox 430 2061 1681 2159; baseline -0.02 -14"><span class='ocrx_word' id='word_1_105' title='bbox 430 2105 518 2146; x_wconf 89' lang='lat' dir='ltr'>cessu</span> <span class='ocrx_word' id='word_1_106' title='bbox 537 2099 645 2144; x_wconf 85' lang='lat' dir='ltr'>contra</span> <span class='ocrx_word' id='word_1_107' title='bbox 664 2083 800 2144; x_wconf 88' lang='lat' dir='ltr'>eundem</span> <span class='ocrx_word' id='word_1_108' title='bbox 826 2082 965 2142; x_wconf 82' lang='lat' dir='ltr'>Blasiunr</span> <span class='ocrx_word' id='word_1_109' title='bbox 985 2080 1034 2139; x_wconf 86' lang='lat' dir='ltr'>vel</span> <span class='ocrx_word' id='word_1_110' title='bbox 1053 2077 1237 2159; x_wconf 89' lang='lat' dir='ltr'>quempiam</span> <span class='ocrx_word' id='word_1_111' title='bbox 1257 2075 1356 2135; x_wconf 92' lang='lat' dir='ltr'>alium</span> <span class='ocrx_word' id='word_1_112' title='bbox 1381 2071 1487 2132; x_wconf 92' lang='lat' dir='ltr'>simile</span> <span class='ocrx_word' id='word_1_113' title='bbox 1505 2067 1623 2148; x_wconf 88' lang='lat' dir='ltr'>nephas</span> <span class='ocrx_word' id='word_1_114' title='bbox 1639 2061 1681 2120; x_wconf 86' lang='lat' dir='ltr'>vel</span> 
     </span>
     <span class='ocr_line' id='line_1_14' title="bbox 430 2173 1684 2270; baseline -0.018 -18"><span class='ocrx_word' id='word_1_115' title='bbox 430 2192 549 2252; x_wconf 90' lang='lat' dir='ltr'>crimen</span> <span class='ocrx_word' id='word_1_116' title='bbox 566 2188 787 2270; x_wconf 84' lang='lat' dir='ltr'>(commiserit)</span> <span class='ocrx_word' id='word_1_117' title='bbox 809 2189 859 2249; x_wconf 81' lang='lat' dir='ltr'>nel</span> <span class='ocrx_word' id='word_1_118' title='bbox 885 2209 917 2248; x_wconf 92' lang='lat' dir='ltr'>se</span> <span class='ocrx_word' id='word_1_119' title='bbox 942 2187 1051 2246; x_wconf 88' lang='lat' dir='ltr'>detali</span> <span class='ocrx_word' id='word_1_120' title='bbox 1079 2183 1251 2264; x_wconf 74' lang='lat' dir='ltr'>jactaverit,</span> <span class='ocrx_word' id='word_1_121' title='bbox 1269 2197 1344 2241; x_wconf 90' lang='lat' dir='ltr'>tunc</span> <span class='ocrx_word' id='word_1_122' title='bbox 1372 2177 1513 2239; x_wconf 87' lang='lat' dir='ltr'>eundem</span> <span class='ocrx_word' id='word_1_123' title='bbox 1531 2173 1684 2234; x_wconf 88' lang='lat' dir='ltr'>Thomam</span> 
     </span>
     <span class='ocr_line' id='line_1_15' title="bbox 429 2281 1684 2377; baseline -0.017 -19"><span class='ocrx_word' id='word_1_124' title='bbox 429 2297 523 2377; x_wconf 85' lang='lat' dir='ltr'>judex</span> <span class='ocrx_word' id='word_1_125' title='bbox 539 2297 675 2357; x_wconf 88' lang='lat' dir='ltr'>civitatis</span> <span class='ocrx_word' id='word_1_126' title='bbox 688 2315 745 2377; x_wconf 92' lang='lat' dir='ltr'>pro</span> <span class='ocrx_word' id='word_1_127' title='bbox 764 2311 907 2376; x_wconf 86' lang='lat' dir='ltr'>tempore</span> <span class='ocrx_word' id='word_1_128' title='bbox 927 2291 1241 2354; x_wconf 88' lang='lat' dir='ltr'>constitutushabeat</span> <span class='ocrx_word' id='word_1_129' title='bbox 1251 2299 1442 2371; x_wconf 88' lang='lat' dir='ltr'>potestatem</span> <span class='ocrx_word' id='word_1_130' title='bbox 1462 2304 1497 2344; x_wconf 89' lang='lat' dir='ltr'>ac</span> <span class='ocrx_word' id='word_1_131' title='bbox 1511 2281 1684 2342; x_wconf 79' lang='lat' dir='ltr'>facultatem</span> 
     </span>
     <span class='ocr_line' id='line_1_16' title="bbox 431 2385 1684 2482; baseline -0.014 -20"><span class='ocrx_word' id='word_1_132' title='bbox 431 2405 551 2482; x_wconf 89' lang='lat' dir='ltr'>absque</span> <span class='ocrx_word' id='word_1_133' title='bbox 576 2402 663 2462; x_wconf 89' lang='lat' dir='ltr'>omni</span> <span class='ocrx_word' id='word_1_134' title='bbox 691 2401 810 2482; x_wconf 83' lang='lat' dir='ltr'>judicio</span> <span class='ocrx_word' id='word_1_135' title='bbox 836 2402 1005 2481; x_wconf 85' lang='lat' dir='ltr'>captivare,</span> <span class='ocrx_word' id='word_1_136' title='bbox 1038 2415 1231 2480; x_wconf 88' lang='lat' dir='ltr'>captumque</span> <span class='ocrx_word' id='word_1_137' title='bbox 1267 2395 1380 2476; x_wconf 90' lang='lat' dir='ltr'>punire</span> <span class='ocrx_word' id='word_1_138' title='bbox 1406 2407 1570 2470; x_wconf 89' lang='lat' dir='ltr'>tamquam</span> <span class='ocrx_word' id='word_1_139' title='bbox 1595 2385 1684 2447; x_wconf 90' lang='lat' dir='ltr'>male·</span> 
     </span>
     <span class='ocr_line' id='line_1_17' title="bbox 433 2490 1684 2587; baseline -0.015 -19"><span class='ocrx_word' id='word_1_140' title='bbox 433 2507 605 2583; x_wconf 85' lang='lat' dir='ltr'>factorem;</span> <span class='ocrx_word' id='word_1_141' title='bbox 630 2523 660 2569; x_wconf 91' lang='lat' dir='ltr'>et</span> <span class='ocrx_word' id='word_1_142' title='bbox 684 2509 707 2567; x_wconf 89' lang='lat' dir='ltr'>si</span> <span class='ocrx_word' id='word_1_143' title='bbox 735 2508 819 2568; x_wconf 88' lang='lat' dir='ltr'>idem</span> <span class='ocrx_word' id='word_1_144' title='bbox 847 2508 970 2567; x_wconf 72' lang='lat' dir='ltr'>blasius</span> <span class='ocrx_word' id='word_1_145' title='bbox 996 2507 1055 2566; x_wconf 90' lang='lat' dir='ltr'>hoc</span> <span class='ocrx_word' id='word_1_146' title='bbox 1081 2505 1196 2587; x_wconf 87' lang='lat' dir='ltr'>poterit</span> <span class='ocrx_word' id='word_1_147' title='bbox 1213 2502 1437 2582; x_wconf 86' lang='lat' dir='ltr'>comprobare,</span> <span class='ocrx_word' id='word_1_148' title='bbox 1464 2513 1494 2557; x_wconf 89' lang='lat' dir='ltr'>et</span> <span class='ocrx_word' id='word_1_149' title='bbox 1512 2495 1596 2554; x_wconf 91' lang='lat' dir='ltr'>idem</span> <span class='ocrx_word' id='word_1_150' title='bbox 1622 2490 1684 2550; x_wconf 87' lang='lat' dir='ltr'>Bla-</span> 
     </span>
     <span class='ocr_line' id='line_1_18' title="bbox 433 2601 1684 2695; baseline -0.017 -19"><span class='ocrx_word' id='word_1_151' title='bbox 433 2617 497 2676; x_wconf 93' lang='lat' dir='ltr'>sius</span> <span class='ocrx_word' id='word_1_152' title='bbox 523 2616 546 2674; x_wconf 91' lang='lat' dir='ltr'>si</span> <span class='ocrx_word' id='word_1_153' title='bbox 573 2615 747 2695; x_wconf 86' lang='lat' dir='ltr'>aliquando</span> <span class='ocrx_word' id='word_1_154' title='bbox 773 2615 877 2675; x_wconf 91' lang='lat' dir='ltr'>eidem</span> <span class='ocrx_word' id='word_1_155' title='bbox 904 2614 1032 2674; x_wconf 88' lang='lat' dir='ltr'>Thome</span> <span class='ocrx_word' id='word_1_156' title='bbox 1066 2613 1125 2672; x_wconf 92' lang='lat' dir='ltr'>hoc</span> <span class='ocrx_word' id='word_1_157' title='bbox 1152 2609 1272 2692; x_wconf 90' lang='lat' dir='ltr'>nephas</span> <span class='ocrx_word' id='word_1_158' title='bbox 1297 2607 1346 2668; x_wconf 85' lang='lat' dir='ltr'>vel</span> <span class='ocrx_word' id='word_1_159' title='bbox 1372 2604 1485 2666; x_wconf 92' lang='lat' dir='ltr'>crimin</span> <span class='ocrx_word' id='word_1_160' title='bbox 1510 2620 1564 2683; x_wconf 91' lang='lat' dir='ltr'>per</span> <span class='ocrx_word' id='word_1_161' title='bbox 1589 2601 1684 2680; x_wconf 87' lang='lat' dir='ltr'>ipsum</span> 
     </span>
     <span class='ocr_line' id='line_1_19' title="bbox 431 2709 1685 2800; baseline -0.016 -18"><span class='ocrx_word' id='word_1_162' title='bbox 431 2742 502 2782; x_wconf 91' lang='lat' dir='ltr'>cum</span> <span class='ocrx_word' id='word_1_163' title='bbox 530 2741 627 2781; x_wconf 86' lang='lat' dir='ltr'>uxore</span> <span class='ocrx_word' id='word_1_164' title='bbox 645 2741 700 2780; x_wconf 90' lang='lat' dir='ltr'>sua</span> <span class='ocrx_word' id='word_1_165' title='bbox 719 2719 927 2781; x_wconf 90' lang='lat' dir='ltr'>commissum</span> <span class='ocrx_word' id='word_1_166' title='bbox 952 2719 1125 2800; x_wconf 85' lang='lat' dir='ltr'>inpinxerit</span> <span class='ocrx_word' id='word_1_167' title='bbox 1149 2731 1179 2777; x_wconf 89' lang='lat' dir='ltr'>et</span> <span class='ocrx_word' id='word_1_168' title='bbox 1197 2728 1303 2798; x_wconf 85' lang='lat' dir='ltr'>posset</span> <span class='ocrx_word' id='word_1_169' title='bbox 1321 2714 1405 2773; x_wconf 92' lang='lat' dir='ltr'>idem</span> <span class='ocrx_word' id='word_1_170' title='bbox 1424 2709 1569 2770; x_wconf 90' lang='lat' dir='ltr'>Thomas</span> <span class='ocrx_word' id='word_1_171' title='bbox 1585 2717 1685 2766; x_wconf 89' lang='lat' dir='ltr'>contra</span> 
     </span>
     <span class='ocr_line' id='line_1_20' title="bbox 431 2813 1687 2907; baseline -0.015 -20"><span class='ocrx_word' id='word_1_172' title='bbox 431 2828 570 2888; x_wconf 89' lang='lat' dir='ltr'>eundem</span> <span class='ocrx_word' id='word_1_173' title='bbox 599 2829 788 2907; x_wconf 89' lang='lat' dir='ltr'>approbare,</span> <span class='ocrx_word' id='word_1_174' title='bbox 813 2840 888 2886; x_wconf 92' lang='lat' dir='ltr'>tunc</span> <span class='ocrx_word' id='word_1_175' title='bbox 912 2826 1016 2886; x_wconf 89' lang='lat' dir='ltr'>statim</span> <span class='ocrx_word' id='word_1_176' title='bbox 1050 2845 1088 2885; x_wconf 91' lang='lat' dir='ltr'>eo</span> <span class='ocrx_word' id='word_1_177' title='bbox 1122 2821 1204 2885; x_wconf 85' lang='lat' dir='ltr'>facto</span> <span class='ocrx_word' id='word_1_178' title='bbox 1237 2820 1377 2903; x_wconf 88' lang='lat' dir='ltr'>prefatus</span> <span class='ocrx_word' id='word_1_179' title='bbox 1402 2817 1527 2878; x_wconf 89' lang='lat' dir='ltr'>Blasius</span> <span class='ocrx_word' id='word_1_180' title='bbox 1550 2813 1588 2872; x_wconf 88' lang='lat' dir='ltr'>sit</span> <span class='ocrx_word' id='word_1_181' title='bbox 1618 2827 1687 2870; x_wconf 90' lang='lat' dir='ltr'>con·</span> 
     </span>
     <span class='ocr_line' id='line_1_21' title="bbox 432 2917 1686 3004; baseline -0.014 -12"><span class='ocrx_word' id='word_1_182' title='bbox 432 2933 533 2994; x_wconf 90' lang='lat' dir='ltr'>victus</span> <span class='ocrx_word' id='word_1_183' title='bbox 558 2945 667 2993; x_wconf 89' lang='lat' dir='ltr'>contra</span> <span class='ocrx_word' id='word_1_184' title='bbox 692 2933 830 2993; x_wconf 90' lang='lat' dir='ltr'>eundem</span> <span class='ocrx_word' id='word_1_185' title='bbox 857 2930 1019 2992; x_wconf 90' lang='lat' dir='ltr'>Thomam</span> <span class='ocrx_word' id='word_1_186' title='bbox 1047 2932 1078 2990; x_wconf 95' lang='lat' dir='ltr'>in</span> <span class='ocrx_word' id='word_1_187' title='bbox 1111 2929 1200 2990; x_wconf 89' lang='lat' dir='ltr'>XXV</span> <span class='ocrx_word' id='word_1_188' title='bbox 1226 2927 1340 2988; x_wconf 88' lang='lat' dir='ltr'>marcis</span> <span class='ocrx_word' id='word_1_189' title='bbox 1365 2939 1395 2986; x_wconf 91' lang='lat' dir='ltr'>et</span> <span class='ocrx_word' id='word_1_190' title='bbox 1419 2921 1516 3004; x_wconf 80' lang='lat' dir='ltr'>judici</span> <span class='ocrx_word' id='word_1_191' title='bbox 1542 2917 1686 2988; x_wconf 87' lang='lat' dir='ltr'>totidem;</span> 
     </span>
     <span class='ocr_line' id='line_1_22' title="bbox 431 3026 1687 3117; baseline -0.014 -19"><span class='ocrx_word' id='word_1_192' title='bbox 431 3039 509 3100; x_wconf 90' lang='lat' dir='ltr'>item</span> <span class='ocrx_word' id='word_1_193' title='bbox 542 3058 653 3099; x_wconf 91' lang='lat' dir='ltr'>eorum</span> <span class='ocrx_word' id='word_1_194' title='bbox 685 3037 796 3099; x_wconf 83' lang='lat' dir='ltr'>iratres</span> <span class='ocrx_word' id='word_1_195' title='bbox 821 3057 856 3098; x_wconf 90' lang='lat' dir='ltr'>ac</span> <span class='ocrx_word' id='word_1_196' title='bbox 888 3037 1118 3117; x_wconf 86' lang='lat' dir='ltr'>consanguinei</span> <span class='ocrx_word' id='word_1_197' title='bbox 1150 3035 1290 3117; x_wconf 90' lang='lat' dir='ltr'>amplius</span> <span class='ocrx_word' id='word_1_198' title='bbox 1323 3052 1381 3114; x_wconf 94' lang='lat' dir='ltr'>pro</span> <span class='ocrx_word' id='word_1_199' title='bbox 1414 3032 1475 3090; x_wconf 91' lang='lat' dir='ltr'>isto</span> <span class='ocrx_word' id='word_1_200' title='bbox 1508 3026 1588 3088; x_wconf 87' lang='lat' dir='ltr'>lacto</span> <span class='ocrx_word' id='word_1_201' title='bbox 1612 3039 1687 3084; x_wconf 87' lang='lat' dir='ltr'>unus</span> 
     </span>
     <span class='ocr_line' id='line_1_23' title="bbox 432 3144 1381 3223; baseline -0.006 -19"><span class='ocrx_word' id='word_1_202' title='bbox 432 3145 567 3204; x_wconf 88' lang='lat' dir='ltr'>alterum</span> <span class='ocrx_word' id='word_1_203' title='bbox 593 3145 786 3205; x_wconf 88' lang='lat' dir='ltr'>contrariare</span> <span class='ocrx_word' id='word_1_204' title='bbox 812 3165 876 3204; x_wconf 95' lang='lat' dir='ltr'>non</span> <span class='ocrx_word' id='word_1_205' title='bbox 902 3144 1041 3204; x_wconf 89' lang='lat' dir='ltr'>audeant</span> <span class='ocrx_word' id='word_1_206' title='bbox 1065 3144 1130 3204; x_wconf 92' lang='lat' dir='ltr'>sive</span> <span class='ocrx_word' id='word_1_207' title='bbox 1148 3154 1381 3223; x_wconf 87' lang='lat' dir='ltr'>presummant.</span> 
     </span>
    </p>
   </div>
   <div class='ocr_carea' id='block_1_6' title="bbox 433 3257 1688 3647">
    <p class='ocr_par' dir='ltr' id='par_1_6' title="bbox 433 3257 1688 3647">
     <span class='ocr_line' id='line_1_24' title="bbox 539 3257 1687 3349; baseline -0.015 -22"><span class='ocrx_word' id='word_1_208' title='bbox 539 3268 615 3328; x_wconf 89' lang='lat' dir='ltr'>Item</span> <span class='ocrx_word' id='word_1_209' title='bbox 641 3267 733 3348; x_wconf 88' lang='lat' dir='ltr'>jurati</span> <span class='ocrx_word' id='word_1_210' title='bbox 752 3267 1017 3347; x_wconf 83' lang='lat' dir='ltr'>adjudicaverunt</span> <span class='ocrx_word' id='word_1_211' title='bbox 1034 3288 1092 3349; x_wconf 92' lang='lat' dir='ltr'>pro</span> <span class='ocrx_word' id='word_1_212' title='bbox 1118 3267 1279 3348; x_wconf 86' lang='lat' dir='ltr'>Philippu,</span> <span class='ocrx_word' id='word_1_213' title='bbox 1305 3279 1339 3325; x_wconf 92' lang='lat' dir='ltr'>ut</span> <span class='ocrx_word' id='word_1_214' title='bbox 1361 3264 1427 3345; x_wconf 92' lang='lat' dir='ltr'>ipse</span> <span class='ocrx_word' id='word_1_215' title='bbox 1446 3257 1605 3342; x_wconf 89' lang='lat' dir='ltr'>quandam</span> <span class='ocrx_word' id='word_1_216' title='bbox 1623 3271 1687 3312; x_wconf 91' lang='lat' dir='ltr'>mu-</span> 
     </span>
     <span class='ocr_line' id='line_1_25' title="bbox 435 3355 1688 3450; baseline -0.015 -16"><span class='ocrx_word' id='word_1_217' title='bbox 435 3373 545 3434; x_wconf 90' lang='lat' dir='ltr'>lierem</span> <span class='ocrx_word' id='word_1_218' title='bbox 578 3375 753 3435; x_wconf 87' lang='lat' dir='ltr'>extramisit</span> <span class='ocrx_word' id='word_1_219' title='bbox 784 3375 823 3435; x_wconf 94' lang='lat' dir='ltr'>de</span> <span class='ocrx_word' id='word_1_220' title='bbox 855 3375 948 3435; x_wconf 93' lang='lat' dir='ltr'>serris</span> <span class='ocrx_word' id='word_1_221' title='bbox 981 3396 1017 3435; x_wconf 88' lang='lat' dir='ltr'>ac</span> <span class='ocrx_word' id='word_1_222' title='bbox 1049 3375 1203 3450; x_wconf 88' lang='lat' dir='ltr'>vinculis,</span> <span class='ocrx_word' id='word_1_223' title='bbox 1229 3372 1324 3432; x_wconf 91' lang='lat' dir='ltr'>debet</span> <span class='ocrx_word' id='word_1_224' title='bbox 1357 3383 1428 3430; x_wconf 86' lang='lat' dir='ltr'>eam</span> <span class='ocrx_word' id='word_1_225' title='bbox 1461 3365 1618 3427; x_wconf 87' lang='lat' dir='ltr'>adducere</span> <span class='ocrx_word' id='word_1_226' title='bbox 1649 3355 1688 3416; x_wconf 89' lang='lat' dir='ltr'>ad</span> 
     </span>
     <span class='ocr_line' id='line_1_26' title="bbox 433 3462 1686 3562; baseline -0.012 -23"><span class='ocrx_word' id='word_1_227' title='bbox 433 3480 569 3559; x_wconf 92' lang='lat' dir='ltr'>primam</span> <span class='ocrx_word' id='word_1_228' title='bbox 595 3481 681 3541; x_wconf 89' lang='lat' dir='ltr'>diem</span> <span class='ocrx_word' id='word_1_229' title='bbox 706 3479 918 3560; x_wconf 84' lang='lat' dir='ltr'>judiciariam,</span> <span class='ocrx_word' id='word_1_230' title='bbox 944 3481 1044 3562; x_wconf 90' lang='lat' dir='ltr'>ipsam</span> <span class='ocrx_word' id='word_1_231' title='bbox 1069 3481 1094 3540; x_wconf 91' lang='lat' dir='ltr'>si</span> <span class='ocrx_word' id='word_1_232' title='bbox 1121 3500 1185 3540; x_wconf 95' lang='lat' dir='ltr'>non</span> <span class='ocrx_word' id='word_1_233' title='bbox 1218 3477 1387 3540; x_wconf 84' lang='lat' dir='ltr'>adduxerit</span> <span class='ocrx_word' id='word_1_234' title='bbox 1410 3474 1451 3535; x_wconf 90' lang='lat' dir='ltr'>sit</span> <span class='ocrx_word' id='word_1_235' title='bbox 1474 3469 1634 3533; x_wconf 90' lang='lat' dir='ltr'>convictus</span> <span class='ocrx_word' id='word_1_236' title='bbox 1657 3462 1686 3523; x_wconf 91' lang='lat' dir='ltr'>in</span> 
     </span>
     <span class='ocr_line' id='line_1_27' title="bbox 434 3585 919 3647; baseline 0.006 -4"><span class='ocrx_word' id='word_1_237' title='bbox 434 3585 523 3646; x_wconf 93' lang='lat' dir='ltr'>XXV</span> <span class='ocrx_word' id='word_1_238' title='bbox 548 3587 662 3646; x_wconf 90' lang='lat' dir='ltr'>marcis</span> <span class='ocrx_word' id='word_1_239' title='bbox 687 3587 919 3647; x_wconf 90' lang='lat' dir='ltr'>communitati.</span> 
     </span>
    </p>
   </div>
   <div class='ocr_carea' id='block_1_7' title="bbox 436 3693 1687 4218">
    <p class='ocr_par' dir='ltr' id='par_1_7' title="bbox 436 3693 1687 4218">
     <span class='ocr_line' id='line_1_28' title="bbox 540 3693 1686 3773; baseline -0.007 -5"><span class='ocrx_word' id='word_1_240' title='bbox 540 3708 617 3771; x_wconf 89' lang='lat' dir='ltr'>ltem</span> <span class='ocrx_word' id='word_1_241' title='bbox 643 3731 771 3772; x_wconf 88' lang='lat' dir='ltr'>causam</span> <span class='ocrx_word' id='word_1_242' title='bbox 798 3713 879 3770; x_wconf 90' lang='lat' dir='ltr'>inter</span> <span class='ocrx_word' id='word_1_243' title='bbox 904 3711 1103 3772; x_wconf 90' lang='lat' dir='ltr'>Demetrium</span> <span class='ocrx_word' id='word_1_244' title='bbox 1129 3712 1169 3773; x_wconf 93' lang='lat' dir='ltr'>de</span> <span class='ocrx_word' id='word_1_245' title='bbox 1194 3711 1354 3772; x_wconf 88' lang='lat' dir='ltr'>Wrabecz</span> <span class='ocrx_word' id='word_1_246' title='bbox 1379 3722 1410 3769; x_wconf 91' lang='lat' dir='ltr'>et</span> <span class='ocrx_word' id='word_1_247' title='bbox 1434 3703 1630 3766; x_wconf 83' lang='lat' dir='ltr'>Anthonium</span> <span class='ocrx_word' id='word_1_248' title='bbox 1647 3693 1686 3755; x_wconf 85' lang='lat' dir='ltr'>f·</span> 
     </span>
     <span class='ocr_line' id='line_1_29' title="bbox 436 3803 1687 3898; baseline -0.01 -26"><span class='ocrx_word' id='word_1_249' title='bbox 436 3814 539 3892; x_wconf 87' lang='lat' dir='ltr'>brum,</span> <span class='ocrx_word' id='word_1_250' title='bbox 565 3815 657 3893; x_wconf 86' lang='lat' dir='ltr'>jurati</span> <span class='ocrx_word' id='word_1_251' title='bbox 682 3816 724 3876; x_wconf 91' lang='lat' dir='ltr'>ita</span> <span class='ocrx_word' id='word_1_252' title='bbox 749 3817 1014 3895; x_wconf 84' lang='lat' dir='ltr'>adjudicaverunt</span> <span class='ocrx_word' id='word_1_253' title='bbox 1038 3819 1092 3896; x_wconf 88' lang='lat' dir='ltr'>sic,</span> <span class='ocrx_word' id='word_1_254' title='bbox 1127 3819 1215 3898; x_wconf 92' lang='lat' dir='ltr'>quod</span> <span class='ocrx_word' id='word_1_255' title='bbox 1241 3817 1312 3878; x_wconf 91' lang='lat' dir='ltr'>illas</span> <span class='ocrx_word' id='word_1_256' title='bbox 1337 3836 1386 3876; x_wconf 92' lang='lat' dir='ltr'>res</span> <span class='ocrx_word' id='word_1_257' title='bbox 1411 3833 1491 3894; x_wconf 85' lang='lat' dir='ltr'>quas</span> <span class='ocrx_word' id='word_1_258' title='bbox 1516 3803 1687 3872; x_wconf 82' lang='lat' dir='ltr'>Anthonius</span> 
     </span>
     <span class='ocr_line' id='line_1_30' title="bbox 436 3914 1686 4006; baseline -0.007 -29"><span class='ocrx_word' id='word_1_259' title='bbox 436 3918 653 3999; x_wconf 83' lang='lat' dir='ltr'>inpignoravit</span> <span class='ocrx_word' id='word_1_260' title='bbox 678 3922 984 4004; x_wconf 88' lang='lat' dir='ltr'>Stephanosutori,</span> <span class='ocrx_word' id='word_1_261' title='bbox 1017 3925 1103 3986; x_wconf 89' lang='lat' dir='ltr'>idem</span> <span class='ocrx_word' id='word_1_262' title='bbox 1128 3923 1309 4006; x_wconf 85' lang='lat' dir='ltr'>Stephanus</span> <span class='ocrx_word' id='word_1_263' title='bbox 1342 3935 1431 3982; x_wconf 90' lang='lat' dir='ltr'>sutor</span> <span class='ocrx_word' id='word_1_264' title='bbox 1455 3918 1551 3978; x_wconf 89' lang='lat' dir='ltr'>debet</span> <span class='ocrx_word' id='word_1_265' title='bbox 1574 3914 1603 3973; x_wconf 95' lang='lat' dir='ltr'>in</span> <span class='ocrx_word' id='word_1_266' title='bbox 1627 3927 1686 3970; x_wconf 91' lang='lat' dir='ltr'>me·</span> 
     </span>
     <span class='ocr_line' id='line_1_31' title="bbox 436 4022 1685 4113; baseline -0.009 -29"><span class='ocrx_word' id='word_1_267' title='bbox 436 4025 524 4085; x_wconf 93' lang='lat' dir='ltr'>dium</span> <span class='ocrx_word' id='word_1_268' title='bbox 551 4028 650 4087; x_wconf 89' lang='lat' dir='ltr'>nostri</span> <span class='ocrx_word' id='word_1_269' title='bbox 673 4043 818 4109; x_wconf 90' lang='lat' dir='ltr'>aportare</span> <span class='ocrx_word' id='word_1_270' title='bbox 844 4043 874 4090; x_wconf 89' lang='lat' dir='ltr'>et</span> <span class='ocrx_word' id='word_1_271' title='bbox 897 4031 987 4091; x_wconf 89' lang='lat' dir='ltr'>litere</span> <span class='ocrx_word' id='word_1_272' title='bbox 1013 4034 1052 4091; x_wconf 89' lang='lat' dir='ltr'>ab</span> <span class='ocrx_word' id='word_1_273' title='bbox 1076 4032 1144 4113; x_wconf 88' lang='lat' dir='ltr'>ipso</span> <span class='ocrx_word' id='word_1_274' title='bbox 1173 4031 1390 4103; x_wconf 87' lang='lat' dir='ltr'>redimentur;</span> <span class='ocrx_word' id='word_1_275' title='bbox 1416 4022 1597 4086; x_wconf 85' lang='lat' dir='ltr'>Anthonius</span> <span class='ocrx_word' id='word_1_276' title='bbox 1620 4031 1685 4076; x_wconf 87' lang='lat' dir='ltr'>vero</span> 
     </span>
     <span class='ocr_line' id='line_1_32' title="bbox 436 4122 1684 4218; baseline -0.007 -29"><span class='ocrx_word' id='word_1_277' title='bbox 436 4129 531 4191; x_wconf 89' lang='lat' dir='ltr'>debet</span> <span class='ocrx_word' id='word_1_278' title='bbox 555 4133 664 4192; x_wconf 88' lang='lat' dir='ltr'>sedere</span> <span class='ocrx_word' id='word_1_279' title='bbox 690 4135 720 4193; x_wconf 94' lang='lat' dir='ltr'>in</span> <span class='ocrx_word' id='word_1_280' title='bbox 746 4136 883 4196; x_wconf 87' lang='lat' dir='ltr'>vinculis</span> <span class='ocrx_word' id='word_1_281' title='bbox 900 4156 1001 4217; x_wconf 89' lang='lat' dir='ltr'>usque</span> <span class='ocrx_word' id='word_1_282' title='bbox 1023 4139 1160 4218; x_wconf 90' lang='lat' dir='ltr'>primam</span> <span class='ocrx_word' id='word_1_283' title='bbox 1179 4138 1264 4197; x_wconf 90' lang='lat' dir='ltr'>diem</span> <span class='ocrx_word' id='word_1_284' title='bbox 1284 4133 1507 4216; x_wconf 80' lang='lat' dir='ltr'>judicacionis,</span> <span class='ocrx_word' id='word_1_285' title='bbox 1524 4144 1597 4191; x_wconf 91' lang='lat' dir='ltr'>tunc</span> <span class='ocrx_word' id='word_1_286' title='bbox 1613 4122 1684 4204; x_wconf 90' lang='lat' dir='ltr'>quit-</span> 
     </span>
    </p>
   </div>
   <div class='ocr_carea' id='block_1_8' title="bbox 437 4231 1686 4428">
    <p class='ocr_par' dir='ltr' id='par_1_8' title="bbox 437 4231 1686 4428">
     <span class='ocr_line' id='line_1_33' title="bbox 438 4231 1686 4326; baseline 0.002 -32"><span class='ocrx_word' id='word_1_287' title='bbox 438 4237 514 4315; x_wconf 92' lang='lat' dir='ltr'>quid</span> <span class='ocrx_word' id='word_1_288' title='bbox 541 4239 704 4300; x_wconf 88' lang='lat' dir='ltr'>invenient</span> <span class='ocrx_word' id='word_1_289' title='bbox 728 4240 859 4322; x_wconf 85' lang='lat' dir='ltr'>judices,</span> <span class='ocrx_word' id='word_1_290' title='bbox 884 4245 1028 4324; x_wconf 88' lang='lat' dir='ltr'>paciatur</span> <span class='ocrx_word' id='word_1_291' title='bbox 1050 4259 1180 4326; x_wconf 88' lang='lat' dir='ltr'>propter</span> <span class='ocrx_word' id='word_1_292' title='bbox 1208 4241 1373 4304; x_wconf 93' lang='lat' dir='ltr'>talismodi</span> <span class='ocrx_word' id='word_1_293' title='bbox 1399 4241 1475 4322; x_wconf 91' lang='lat' dir='ltr'>quia</span> <span class='ocrx_word' id='word_1_294' title='bbox 1501 4231 1686 4298; x_wconf 67' lang='lat' dir='ltr'>calumniose</span> 
     </span>
     <span class='ocr_line' id='line_1_34' title="bbox 437 4342 809 4428; baseline 0.022 -28"><span class='ocrx_word' id='word_1_295' title='bbox 437 4342 501 4421; x_wconf 86' lang='lat' dir='ltr'>egit</span> <span class='ocrx_word' id='word_1_296' title='bbox 525 4357 634 4428; x_wconf 83' lang='lat' dir='ltr'>contra</span> <span class='ocrx_word' id='word_1_297' title='bbox 661 4346 809 4408; x_wconf 90' lang='lat' dir='ltr'>eundem.</span> 
     </span>
    </p>
   </div>
   <div class='ocr_carea' id='block_1_9' title="bbox 438 4459 1686 4762">
    <p class='ocr_par' dir='ltr' id='par_1_9' title="bbox 438 4459 1686 4762">
     <span class='ocr_line' id='line_1_35' title="bbox 543 4459 1685 4552; baseline -0.006 -26"><span class='ocrx_word' id='word_1_298' title='bbox 543 4466 618 4528; x_wconf 92' lang='lat' dir='ltr'>Item</span> <span class='ocrx_word' id='word_1_299' title='bbox 644 4488 771 4530; x_wconf 90' lang='lat' dir='ltr'>causam</span> <span class='ocrx_word' id='word_1_300' title='bbox 797 4472 877 4532; x_wconf 89' lang='lat' dir='ltr'>inter</span> <span class='ocrx_word' id='word_1_301' title='bbox 901 4474 1091 4535; x_wconf 88' lang='lat' dir='ltr'>Michaelem</span> <span class='ocrx_word' id='word_1_302' title='bbox 1115 4489 1145 4538; x_wconf 90' lang='lat' dir='ltr'>et</span> <span class='ocrx_word' id='word_1_303' title='bbox 1170 4475 1353 4538; x_wconf 84' lang='lat' dir='ltr'>Bartholicz</span> <span class='ocrx_word' id='word_1_304' title='bbox 1370 4470 1631 4552; x_wconf 82' lang='lat' dir='ltr'>adjudicaverunt</span> <span class='ocrx_word' id='word_1_305' title='bbox 1647 4459 1685 4536; x_wconf 78' lang='lat' dir='ltr'>ju·</span> 
     </span>
     <span class='ocr_line' id='line_1_36' title="bbox 438 4572 1686 4663; baseline -0.002 -33"><span class='ocrx_word' id='word_1_306' title='bbox 438 4573 495 4631; x_wconf 91' lang='lat' dir='ltr'>rati</span> <span class='ocrx_word' id='word_1_307' title='bbox 513 4573 565 4649; x_wconf 86' lang='lat' dir='ltr'>ita,</span> <span class='ocrx_word' id='word_1_308' title='bbox 583 4587 617 4634; x_wconf 90' lang='lat' dir='ltr'>ut</span> <span class='ocrx_word' id='word_1_309' title='bbox 634 4575 718 4636; x_wconf 90' lang='lat' dir='ltr'>idem</span> <span class='ocrx_word' id='word_1_310' title='bbox 738 4578 917 4640; x_wconf 75' lang='lat' dir='ltr'>bartholicz</span> <span class='ocrx_word' id='word_1_311' title='bbox 936 4594 1047 4660; x_wconf 91' lang='lat' dir='ltr'>querat</span> <span class='ocrx_word' id='word_1_312' title='bbox 1068 4583 1127 4646; x_wconf 89' lang='lat' dir='ltr'>sibi</span> <span class='ocrx_word' id='word_1_313' title='bbox 1146 4583 1279 4663; x_wconf 90' lang='lat' dir='ltr'>dampni</span> <span class='ocrx_word' id='word_1_314' title='bbox 1298 4582 1451 4656; x_wconf 74' lang='lat' dir='ltr'>illatoreS,</span> <span class='ocrx_word' id='word_1_315' title='bbox 1472 4572 1603 4638; x_wconf 86' lang='lat' dir='ltr'>Michael</span> <span class='ocrx_word' id='word_1_316' title='bbox 1621 4583 1686 4628; x_wconf 80' lang='lat' dir='ltr'>vero</span> 
     </span>
     <span class='ocr_line' id='line_1_37' title="bbox 439 4677 1685 4762; baseline 0.002 -26"><span class='ocrx_word' id='word_1_317' title='bbox 439 4677 512 4755; x_wconf 92' lang='lat' dir='ltr'>quia</span> <span class='ocrx_word' id='word_1_318' title='bbox 531 4679 609 4739; x_wconf 84' lang='lat' dir='ltr'>dixit</span> <span class='ocrx_word' id='word_1_319' title='bbox 623 4695 731 4742; x_wconf 89' lang='lat' dir='ltr'>contra</span> <span class='ocrx_word' id='word_1_320' title='bbox 743 4684 881 4744; x_wconf 86' lang='lat' dir='ltr'>eundem</span> <span class='ocrx_word' id='word_1_321' title='bbox 901 4687 1082 4748; x_wconf 81' lang='lat' dir='ltr'>Bartlrolicz</span> <span class='ocrx_word' id='word_1_322' title='bbox 1101 4689 1295 4749; x_wconf 88' lang='lat' dir='ltr'>violenciam</span> <span class='ocrx_word' id='word_1_323' title='bbox 1310 4687 1439 4762; x_wconf 82' lang='lat' dir='ltr'>iactam,</span> <span class='ocrx_word' id='word_1_324' title='bbox 1455 4685 1543 4745; x_wconf 87' lang='lat' dir='ltr'>solus</span> <span class='ocrx_word' id='word_1_325' title='bbox 1555 4681 1593 4742; x_wconf 91' lang='lat' dir='ltr'>sit</span> <span class='ocrx_word' id='word_1_326' title='bbox 1606 4679 1634 4738; x_wconf 89' lang='lat' dir='ltr'>in</span> <span class='ocrx_word' id='word_1_327' title='bbox 1647 4693 1685 4734; x_wconf 70' lang='lat' dir='ltr'>ea·</span> 
     </span>
    </p>
   </div>
   <div class='ocr_carea' id='block_1_10' title="bbox 439 4801 1688 5108">
    <p class='ocr_par' dir='ltr' id='par_1_10' title="bbox 439 4801 1688 5108">
     <span class='ocr_line' id='line_1_38' title="bbox 544 4801 1687 4890; baseline -0.001 -30"><span class='ocrx_word' id='word_1_328' title='bbox 544 4801 621 4861; x_wconf 89' lang='lat' dir='ltr'>ltem</span> <span class='ocrx_word' id='word_1_329' title='bbox 654 4823 780 4865; x_wconf 89' lang='lat' dir='ltr'>causam</span> <span class='ocrx_word' id='word_1_330' title='bbox 810 4808 890 4890; x_wconf 81' lang='lat' dir='ltr'>inter</span> <span class='ocrx_word' id='word_1_331' title='bbox 916 4810 1122 4872; x_wconf 90' lang='lat' dir='ltr'>Dominicum</span> <span class='ocrx_word' id='word_1_332' title='bbox 1149 4827 1179 4872; x_wconf 90' lang='lat' dir='ltr'>et</span> <span class='ocrx_word' id='word_1_333' title='bbox 1208 4813 1388 4873; x_wconf 89' lang='lat' dir='ltr'>Fabianum</span> <span class='ocrx_word' id='word_1_334' title='bbox 1414 4811 1508 4890; x_wconf 88' lang='lat' dir='ltr'>jurati</span> <span class='ocrx_word' id='word_1_335' title='bbox 1541 4801 1687 4884; x_wconf 84' lang='lat' dir='ltr'>adjudica·</span> 
     </span>
     <span class='ocr_line' id='line_1_39' title="bbox 439 4907 1688 4994; baseline 0.007 -32"><span class='ocrx_word' id='word_1_336' title='bbox 439 4917 512 4964; x_wconf 89' lang='lat' dir='ltr'>runt</span> <span class='ocrx_word' id='word_1_337' title='bbox 535 4907 589 4965; x_wconf 90' lang='lat' dir='ltr'>tali</span> <span class='ocrx_word' id='word_1_338' title='bbox 616 4910 724 4986; x_wconf 81' lang='lat' dir='ltr'>modo,</span> <span class='ocrx_word' id='word_1_339' title='bbox 751 4910 940 4974; x_wconf 88' lang='lat' dir='ltr'>Dominicus</span> <span class='ocrx_word' id='word_1_340' title='bbox 964 4917 1058 4976; x_wconf 83' lang='lat' dir='ltr'>debet</span> <span class='ocrx_word' id='word_1_341' title='bbox 1083 4918 1235 4978; x_wconf 88' lang='lat' dir='ltr'>rehabere</span> <span class='ocrx_word' id='word_1_342' title='bbox 1261 4939 1352 4980; x_wconf 88' lang='lat' dir='ltr'>suam</span> <span class='ocrx_word' id='word_1_343' title='bbox 1377 4919 1519 4994; x_wconf 89' lang='lat' dir='ltr'>vineam,</span> <span class='ocrx_word' id='word_1_344' title='bbox 1542 4914 1688 4976; x_wconf 86' lang='lat' dir='ltr'>Fabianus</span> 
     </span>
     <span class='ocr_line' id='line_1_40' title="bbox 439 5015 1402 5108; baseline 0.02 -41"><span class='ocrx_word' id='word_1_345' title='bbox 439 5029 514 5070; x_wconf 89' lang='lat' dir='ltr'>vero</span> <span class='ocrx_word' id='word_1_346' title='bbox 539 5015 724 5092; x_wconf 88' lang='lat' dir='ltr'>peccuniam</span> <span class='ocrx_word' id='word_1_347' title='bbox 752 5035 847 5097; x_wconf 90' lang='lat' dir='ltr'>quam</span> <span class='ocrx_word' id='word_1_348' title='bbox 873 5021 1003 5082; x_wconf 89' lang='lat' dir='ltr'>dederat</span> <span class='ocrx_word' id='word_1_349' title='bbox 1028 5025 1226 5103; x_wconf 80' lang='lat' dir='ltr'>arcrrdative,</span> <span class='ocrx_word' id='word_1_350' title='bbox 1250 5025 1402 5108; x_wconf 84' lang='lat' dir='ltr'>perdidit.</span> 
     </span>
    </p>
   </div>
   <div class='ocr_carea' id='block_1_11' title="bbox 0 0 1868 5782">
    <p class='ocr_par' dir='ltr' id='par_1_11' title="bbox 0 0 1868 5782">
     <span class='ocr_line' id='line_1_41' title="bbox 0 0 1868 5782; baseline 0 0"><span class='ocrx_word' id='word_1_351' title='bbox 0 0 1868 5782; x_wconf 95' lang='lat' dir='ltr'> </span> 
     </span>
    </p>
   </div>
  </div>
 </body>
</html>
