3644 5788
820 567 905 624 Anno
932 564 1024 643 1462.
1048 601 1092 610 —
1115 563 1165 626 18.
1182 569 1274 642 junii.

414 774 560 854 gencium
586 775 683 856 ipsius
708 777 869 838 Benkonis
895 791 926 838 et
951 778 1019 838 eius
1043 779 1296 839 retardacionem
1323 778 1389 859 ipse
1407 779 1557 860 magister
1580 781 1668 840 Nico·

417 885 486 946 laus
510 901 635 948 tenetur
659 885 764 945 eidem
790 884 935 946 Benkoni
969 885 1093 946 solvere
1117 905 1169 946 sex
1195 883 1263 945 flor.
1289 904 1391 966 usque
1415 886 1549 946 tercium
1581 887 1668 948 diem.

520 993 598 1054 Item
624 993 709 1054 idem
742 991 894 1052 Nicolaus
928 992 1071 1052 medicus
1103 991 1296 1073 vituperavit
1327 993 1467 1053 eundem
1490 993 1522 1054 in
1547 993 1669 1072 judicio,

415 1101 581 1163 convictus
612 1115 658 1162 est
682 1113 793 1160 contra
825 1097 963 1178 judicem
996 1112 1027 1158 et
1059 1099 1324 1159 communitatem
1350 1099 1381 1159 in
1415 1099 1527 1162 decem
1552 1101 1669 1178 marcis,

416 1208 474 1289 ipsi
500 1207 646 1268 Benkoni
671 1207 703 1267 in
729 1207 840 1268 decem
866 1205 990 1287 pensis;
1015 1205 1053 1265 de
1080 1225 1145 1286 quo
1177 1205 1296 1287 judicio
1322 1205 1409 1266 idem
1433 1207 1587 1268 Nicolaus
1608 1226 1669 1267 me·

415 1314 505 1374 dicus
529 1333 593 1374 non
620 1326 789 1374 contentus
813 1312 988 1393 appellavit
1013 1311 1052 1372 ad
1077 1312 1219 1372 seniores
1243 1311 1376 1392 judices.

522 1421 600 1482 Item
637 1421 765 1481 racione
797 1419 1027 1500 assignationis
1056 1431 1087 1479 et
1118 1419 1392 1500 inpignoracionis
1423 1419 1586 1481 literarum
1616 1439 1667 1501 per

414 1527 550 1588 condam
576 1541 757 1588 consortem
776 1526 874 1606 ipsius
898 1524 1038 1604 magistri
1063 1525 1186 1586 Nicolai
1206 1525 1321 1586 medici
1347 1525 1508 1587 Clementi
1533 1525 1664 1587 carnifici

413 1653 471 1714 pro
496 1633 623 1694 duobus
647 1632 716 1694 flor.
742 1645 771 1692 et
795 1651 852 1714 pro
876 1632 978 1692 tribus
999 1630 1068 1692 flor.
1094 1631 1237 1709 devino,
1262 1645 1294 1692 et
1318 1632 1392 1711 quia
1411 1632 1496 1692 idem
1522 1632 1668 1693 Clemens

413 1753 508 1802 testes
533 1758 640 1800 coram
665 1739 782 1820 quibus
806 1738 919 1799 eadem
942 1737 1080 1799 condam
1105 1738 1221 1798 mulier
1239 1738 1383 1799 eiusdem
1408 1739 1535 1799 Nicolai
1560 1738 1668 1800 medici

414 1846 543 1906 easdem
567 1846 673 1906 literas
698 1845 803 1906 eidem
829 1845 990 1906 Clementi
1016 1845 1235 1925 inpignoravit
1263 1864 1321 1925 pro
1346 1845 1508 1926 premissis
1532 1845 1668 1926 quinque

414 1953 482 2014 flor.
508 1972 572 2014 non
597 1952 703 2029 habet,
730 1952 803 2012 ideo
828 1951 919 2030 jurati
956 1949 1221 2031 adjudicaverunt
1245 1951 1304 2031 ipsi
1330 1950 1491 2012 Clementi
1518 1951 1670 2030 juramen-

414 2073 482 2119 tum
507 2059 646 2119 solomet
670 2059 702 2118 in
727 2078 779 2118 ara
798 2070 904 2118 sancte
930 2057 1044 2118 Crucis
1061 2054 1137 2117 feria
1163 2071 1249 2117 sexta
1267 2055 1383 2134 lutura,
1401 2072 1431 2117 et
1456 2057 1533 2118 dum
1550 2057 1669 2139 jurabit,

414 2167 479 2246 ipse
505 2166 655 2245 magister
679 2163 833 2224 Nicolaus
857 2177 982 2224 tenetur
1011 2163 1115 2223 eidem
1141 2162 1302 2223 Clementi
1335 2163 1411 2224 dare
1433 2164 1577 2244 quinque
1601 2161 1664 2224 flor.

414 2285 445 2333 et
470 2273 535 2353 ipse
562 2271 714 2332 Clemens
738 2271 821 2350 ipsas
844 2269 952 2330 literas
976 2269 1135 2350 assignare
1161 2269 1265 2330 eidem
1291 2269 1426 2330 Nicolao
1452 2270 1588 2330 medico

521 2377 597 2438 ltem
616 2396 743 2438 causam
762 2377 843 2437 inter
860 2376 1003 2436 relictam
1030 2375 1167 2436 condam
1186 2375 1282 2435 Blasii
1301 2374 1415 2454 judicis
1439 2389 1469 2435 et
1487 2377 1666 2456 magistrum

414 2484 604 2545 Michaelem
631 2484 843 2544 baccalarium
869 2482 971 2544 filium
997 2483 1139 2544 eiusdem
1159 2483 1285 2544 racione
1306 2484 1553 2560 verberationis,
1577 2503 1666 2564 quam

413 2591 479 2671 ipsa
512 2592 714 2671 proponebat
744 2604 852 2651 contra
887 2591 991 2671 ipsum
1025 2590 1250 2667 hamalarium,
1283 2589 1376 2670 jurati
1401 2589 1669 2670 adjudicaverunt,

412 2695 499 2777 quod
526 2697 591 2778 ipsa
616 2711 717 2757 mater
741 2697 883 2758 eiusdem
903 2697 1070 2756 baccalarii
1095 2696 1302 2756 secundamet
1319 2709 1445 2756 tenetur
1469 2696 1570 2774 jurare
1593 2692 1667 2756 feria

411 2817 496 2864 sexta
522 2803 666 2884 proxime
692 2817 824 2864 ventura
850 2803 881 2862 in
907 2823 959 2862 ara
991 2817 1098 2864 sancte
1127 2802 1250 2881 Crucis,
1276 2802 1364 2882 quod
1391 2801 1492 2882 ipsam
1524 2803 1668 2864 verbera-

412 2911 536 2971 cionem
563 2923 594 2970 et
625 2911 786 2970 cicatrices
810 2929 905 2990 super
937 2910 1037 2990 ipsam
1071 2907 1206 2986 lecisset,
1232 2909 1320 2989 quod
1345 2921 1421 2968 tunc
1454 2909 1531 2968 dum
1556 2907 1669 2986 jurabit

413 3017 472 3096 ipsi
498 3015 589 3093 jurati
615 3029 839 3076 testamentum
859 3036 913 3095 per
938 3017 1041 3096 ipsum
1061 3015 1202 3075 Blasium
1227 3014 1365 3094 judicem
1385 3014 1551 3075 conditum
1575 3016 1666 3073 robo-

413 3125 528 3183 rabunt
560 3135 590 3182 et
623 3124 775 3182 roborant
800 3137 830 3182 et
863 3123 893 3181 in
927 3123 1041 3182 robore
1075 3141 1203 3182 manere
1228 3122 1359 3196 volunt;
1391 3122 1429 3180 de
1463 3141 1528 3202 quo
1553 3120 1668 3198 judicio

412 3230 479 3310 ipse
505 3229 654 3308 magister
680 3229 816 3288 Michael
842 3248 904 3288 non
932 3241 1100 3289 contentus
1118 3229 1291 3310 appellavit
1308 3229 1348 3288 ad
1372 3229 1515 3288 seniores
1541 3227 1666 3308 judices.

674 3380 820 3451 Sabbata
850 3388 928 3450 ante
957 3381 1078 3451 festum
1107 3381 1253 3470 Spiritus
1282 3383 1404 3452 sancti.

946 3531 989 3607 (5.
1013 3531 1125 3614 simii).

516 3655 594 3716 ltem
620 3675 746 3716 causam
781 3656 861 3716 inter
886 3656 1074 3718 Benkonem
1099 3655 1256 3718 famulum
1289 3657 1430 3737 magistri
1456 3655 1580 3718 Nicolai
1605 3675 1665 3716 me·

411 3763 472 3823 dici
499 3776 529 3822 et
553 3763 658 3843 ipsum
683 3763 870 3843 magistrum
903 3763 1073 3823 Nicolaum
1103 3763 1265 3824 medicum
1297 3763 1440 3824 seniores
1472 3763 1592 3842 judices
1615 3761 1666 3821 ad·

410 3868 643 3949 judicaverunt,
668 3869 756 3948 quod
781 3867 921 3950 prefatus
946 3869 1057 3930 Benko
1082 3869 1198 3949 jurabit
1216 3867 1293 3930 feria
1317 3883 1402 3930 sexta
1426 3869 1572 3950 proxime
1596 3887 1665 3928 ven-

410 3989 491 4052 tura,
524 3974 612 4054 quod
637 3974 735 4035 nichil
768 3974 871 4055 ipsum
906 3974 1091 4037 informavit
1123 3976 1163 4037 cle
1187 3989 1253 4037 arte
1287 3976 1456 4054 medicine,
1481 3975 1569 4057 quod
1594 3974 1664 4033 dum

410 4081 536 4161 jurabit,
562 4079 649 4160 quod
674 4095 749 4142 tunc
774 4081 840 4162 ipse
865 4083 1025 4143 tenebitur
1053 4083 1158 4144 eidem
1191 4083 1314 4145 solvere
1340 4101 1440 4144 unum
1465 4101 1539 4143 cum
1565 4079 1665 4142 medio

410 4187 491 4264 flor,
515 4199 546 4247 et
570 4187 657 4268 quod
683 4187 749 4268 ipse
774 4188 923 4267 magister
942 4189 1095 4249 Nicolaus
1118 4189 1246 4270 jurabit,
1272 4189 1360 4270 quod
1385 4189 1452 4270 ipse
1470 4189 1581 4249 Renko
1605 4205 1663 4248 non

410 4293 481 4375 plus
506 4293 564 4353 nisi
591 4313 656 4353 uno
681 4307 711 4354 et
735 4294 843 4355 medio
867 4315 953 4355 anno
982 4295 1086 4356 eidem
1111 4296 1247 4356 Nicolao
1265 4297 1413 4370 servivit;
1438 4310 1469 4357 et
1493 4295 1518 4355 si
1544 4314 1605 4356 non
1622 4292 1663 4372 ju-

410 4399 502 4476 rabit,
527 4413 641 4459 extunc
666 4398 784 4460 lactum
810 4401 1000 4481 premissum
1033 4402 1064 4462 in
1097 4402 1201 4483 primo
1227 4401 1310 4463 lacto
1335 4403 1477 4463 manebit
1500 4401 1591 4463 sicuti
1615 4397 1663 4460 ad·

409 4504 632 4586 judicaverunt
654 4505 746 4586 jurati
772 4505 922 4568 videlicet
947 4507 978 4567 in
1002 4527 1056 4568 sex
1080 4507 1149 4570 flor.
1176 4509 1255 4571 auri.

613 4671 708 4746 Faria
737 4683 834 4747 sexta
863 4678 1016 4764 proxima
1045 4683 1121 4766 post
1149 4675 1304 4767 Corporis
1334 4675 1469 4748 christi.

944 4825 1008 4905 (18.
1024 4832 1131 4906 junii).

515 4949 591 5010 ltem
617 4971 744 5012 causam
771 4952 851 5012 inter
876 4952 1036 5032 Pangracz
1061 4968 1092 5015 et
1116 4952 1274 5014 famulum
1300 4953 1391 5014 Pauli
1417 4953 1529 5030 Italici,
1554 4951 1660 5013 civium

410 5073 604 5139 nostrorum,
635 5059 764 5122 racione
797 5060 994 5142 recepcionis
1027 5060 1241 5144 quorumdam
1275 5061 1408 5140 bouum,
1441 5075 1571 5144 propter·
1601 5057 1660 5118 vio·

1795 2775 1799 2871 l
