3818 5786
671 551 756 607 Anno
779 561 867 625 1451.
893 581 934 592 -
957 563 1005 608 21.
1030 551 1110 610 maii.

256 779 346 822 suam
373 760 561 842 porcionem
586 760 618 822 in
643 760 804 822 territorio
829 759 965 820 civitatis
991 760 1133 842 predicte
1157 760 1310 840 habitam,
1335 763 1439 846 ipsum
1463 765 1522 826 sci·

255 867 330 929 licet
355 867 563 929 Dominicum
597 868 713 929 Kostes
745 867 923 950 emptionis
945 867 1040 930 titulo
1063 867 1236 930 literatorie
1261 885 1520 948 concernentem,

256 993 328 1034 curn
365 974 518 1035 omnibus
550 974 615 1035 suis
646 961 838 1035 utilitatibus
870 989 902 1036 et
931 974 1138 1056 pertinenciis
1169 975 1337 1055 universis,
1371 977 1522 1058 predictis

255 1081 373 1160 Agneti
398 1080 527 1142 mulieri
552 1100 610 1163 pro
634 1093 710 1142 tunc
734 1099 790 1142 sue
815 1080 955 1141 consorti
989 1079 1147 1162 legittime
1171 1094 1202 1143 et
1225 1081 1398 1144 Valentino
1421 1084 1521 1146 sutori

253 1206 374 1268 genero
399 1187 543 1249 eiusdem
568 1188 703 1268 Agnetis
737 1186 882 1248 mulieris
914 1187 1085 1268 legavisset
1108 1186 1176 1268 jure
1208 1188 1395 1270 perhennali
1421 1189 1521 1272 possi·

254 1293 413 1372 dendam;
427 1295 566 1376 ideoque
581 1314 639 1355 nos
652 1293 789 1356 eandem
810 1293 937 1354 vineam
951 1313 1023 1354 cum
1042 1293 1203 1375 premissis
1219 1293 1341 1356 cunctis
1354 1295 1418 1356 suis
1435 1295 1519 1358 utili·

252 1400 383 1478 tatibus,
417 1400 552 1481 juribus,
587 1399 699 1462 usibus
735 1414 766 1460 et
798 1399 1008 1482 pertinenciis
1042 1399 1197 1460 universis
1229 1400 1370 1483 predicte
1403 1402 1519 1482 Agneti

255 1506 384 1568 mulieri
409 1508 519 1569 relicte
542 1507 642 1590 ipsius
674 1506 838 1569 Dominici
870 1508 986 1569 Kostes
1010 1520 1041 1568 et
1072 1506 1196 1590 prelato
1220 1507 1393 1570 Valentino
1418 1508 1517 1570 sutori

250 1632 373 1694 genero
409 1613 552 1675 eiusdem
588 1614 723 1695 Agnetis
751 1613 895 1676 mulieris
924 1633 960 1676 ac
993 1633 1048 1696 per
1085 1633 1140 1676 eos
1172 1614 1314 1698 ipsorum
1347 1613 1520 1676 heredibus

251 1720 424 1782 statuimus
448 1733 480 1782 et
504 1718 765 1782 confirmavimus
797 1719 865 1801 jure
899 1733 1055 1802 perpetuo
1080 1733 1111 1782 et
1143 1720 1395 1782 irrevocabiliter
1417 1721 1518 1803 possi-

250 1825 393 1887 dendam
419 1839 449 1887 et
482 1827 792 1907 quomodocumque
828 1826 990 1888 voluerint
1021 1825 1257 1908 disponendam
1290 1825 1377 1908 juxta
1408 1827 1518 1889 condi·

249 1933 381 1994 cionem
406 1933 542 1994 civitatis
565 1945 731 2015 prenotate
756 1934 796 1994 ab
820 1933 954 2015 antiquo
979 1935 1200 2015 approbatam.

348 2150 445 2225 Faria
473 2161 572 2225 sexta
600 2156 756 2243 proxima
784 2161 862 2225 ante
893 2152 1017 2225 testum
1046 2153 1140 2226 beate
1168 2151 1265 2227 Eleae
1294 2156 1417 2243 regine.

790 2309 852 2386 (21.
876 2306 975 2384 maii).

357 2448 437 2511 ltem
462 2447 625 2510 lohannes
641 2446 781 2510 carnifex
799 2446 882 2510 filius
905 2446 1037 2530 Gyuralr
1055 2445 1259 2510 Chudawecz
1284 2447 1387 2511 dictus
1405 2461 1515 2512 contra

244 2555 456 2618 Valentinum
483 2554 622 2636 judicem
648 2555 753 2637 primo
778 2555 892 2617 citatus
916 2573 982 2616 non
1006 2555 1197 2637 comparuit.

355 2662 435 2724 ltetn
460 2661 621 2744 Georgius
645 2660 774 2745 pellifex
800 2673 910 2724 contra
928 2660 1022 2745 Gyan
1045 2660 1218 2744 pellificem
1242 2663 1384 2726 secundo
1402 2664 1514 2728 citatus

245 2787 313 2830 non
337 2769 528 2850 comparuit.

353 2873 431 2937 ltem
457 2894 585 2937 causam
611 2874 759 2956 Gregorii
784 2875 878 2957 jurati
903 2874 978 2936 dicti
999 2875 1218 2958 Wrecharych
1244 2877 1325 2940 inter
1350 2878 1455 2961 ipsum
1480 2892 1511 2941 et

246 2982 464 3044 interLucam
489 2994 630 3043 sutorem
656 3001 763 3044 coram
788 2981 882 3043 nobis
898 2993 1031 3059 motam,
1054 2981 1094 3042 ad
1120 2982 1289 3044 instantem
1316 2983 1511 3065 peticionem

244 3089 422 3170 proborum
448 3089 590 3150 virorum
623 3107 681 3170 pro
714 3089 801 3150 bono
833 3088 920 3170 pacis
952 3087 1034 3150 inter
1059 3089 1145 3171 ipsos
1176 3088 1282 3152 liende
1307 3090 1345 3150 ad
1370 3091 1511 3173 primum

244 3194 401 3274 judicium
425 3195 576 3256 duximus
599 3195 850 3278 prorogandam.

352 3301 429 3364 ltem
455 3321 583 3363 causam
608 3301 689 3362 inter
715 3301 913 3364 Pethkonem
940 3302 1117 3385 Symonem
1149 3302 1188 3364 de
1214 3302 1347 3387 Dedych
1372 3317 1404 3366 et
1428 3304 1511 3368 inter

245 3407 423 3490 Symonem
455 3408 691 3490 carpentarium
724 3405 828 3469 filium
862 3407 945 3470 lwan
979 3427 1087 3470 corarn
1112 3409 1206 3470 nobis
1238 3423 1370 3490 motam,
1398 3411 1438 3472 ad
1464 3412 1509 3473 in·

244 3527 379 3575 stantem
405 3514 600 3596 peticionem
633 3527 792 3576 certorum
825 3515 1001 3594 proborum
1026 3515 1169 3577 virorum
1201 3535 1259 3597 pro
1284 3535 1360 3598 pace
1394 3516 1509 3597 fienda,

245 3619 284 3681 ad
309 3619 450 3702 primum
482 3621 638 3700 judicium
670 3620 774 3682 taliter
802 3621 952 3682 duximus
985 3621 1233 3702 prorogandam,
1267 3635 1300 3682 ut
1323 3623 1348 3683 si
1380 3623 1508 3684 interim

246 3726 432 3788 conc'ordari
459 3739 489 3789 et
513 3727 597 3788 uniri
628 3728 780 3809 poterint,
813 3729 895 3788 bene
928 3726 1072 3807 quidem,
1096 3727 1122 3788 si
1154 3741 1262 3789 autem
1285 3747 1361 3807 non,
1393 3741 1509 3790 extunc

246 3832 313 3914 ipse
337 3846 442 3914 partes
466 3833 499 3894 in
532 3833 601 3914 ipso
632 3833 737 3916 primo
770 3832 891 3914 judicio
923 3831 1117 3914 judicationi
1141 3847 1244 3896 astare
1267 3832 1444 3916 juratorum
1477 3847 1508 3896 et

245 3958 430 4022 comparere
453 3941 658 4002 tenebuntur.

350 4046 428 4107 ltem
454 4046 555 4108 Elena
580 4066 659 4108 uxor
684 4045 791 4129 lwany
810 4045 1000 4129 Rumenych
1024 4061 1138 4109 octavo
1163 4046 1215 4109 die
1231 4047 1372 4110 solitaria
1397 4061 1506 4110 contra

245 4151 438 4234 Gregorium
465 4151 660 4234 lutifigulum
686 4152 808 4214 dictum
834 4153 942 4236 Zaylro
964 4151 1069 4234 jurare
1093 4152 1255 4215 tenebitur
1278 4173 1373 4237 super
1398 4173 1447 4232 e0,
1472 4169 1507 4218 ut

244 4259 308 4342 ipsa
333 4259 531 4322 servitricem
555 4260 655 4343 ipsius
680 4260 789 4343 Zaylro
817 4259 849 4321 in
883 4259 1028 4342 pecuniis
1053 4280 1110 4322 nec
1139 4259 1210 4322 aliis
1234 4262 1330 4322 rebus
1353 4261 1419 4322 suis
1451 4261 1505 4324 de-

243 4366 325 4448 cepit
350 4385 408 4428 nec
431 4367 491 4428 sibi
517 4365 694 4449 dampnum
720 4365 794 4429 lecit
817 4366 970 4448 aliquale,
993 4367 1048 4428 sed
1077 4367 1109 4427 in
1134 4367 1223 4428 totali
1251 4367 1381 4429 accione
1406 4367 1506 4450 ipsius

242 4473 281 4534 sit
305 4473 472 4535 innocens.

346 4579 425 4641 ltem
451 4579 628 4661 Gregorius
657 4580 775 4642 Barber
809 4592 920 4642 contra
946 4579 1151 4641 Franciscum
1183 4578 1374 4664 freniparem
1399 4581 1503 4663 primo

243 4685 352 4748 citatus
377 4705 442 4748 non
468 4686 659 4769 comparuit.

346 4793 424 4855 ltem
451 4793 611 4856 Fabianus
636 4793 853 4874 carpentarius
877 4793 964 4854 solus
981 4792 1077 4854 hodie
1103 4805 1211 4854 contra
1237 4793 1344 4854 Malka
1370 4813 1502 4856 uxorem

244 4898 419 4963 Clementis
443 4900 583 4981 agricole
615 4920 670 4982 per
701 4899 978 4982 adjudicacionem
1010 4901 1185 4980 juratorum
1218 4919 1313 4981 super
1344 4919 1430 4960 aram
1454 4899 1501 4980 ju·

244 5009 320 5070 ravit
344 5029 384 5070 eo
410 5009 520 5087 modu,
544 5023 578 5070 ut
602 5008 668 5091 ipse
693 5029 767 5071 curn
792 5008 939 5092 potencia
958 5009 1055 5071 boves
1080 5008 1178 5092 ipsius
1202 5008 1346 5070 mulieris
1370 5009 1451 5072 circa
1469 5029 1501 5072 se
