3852 5814
633 483 720 538 Anno
742 481 834 558 1476.
861 516 900 524 -
927 497 972 541 12.
998 483 1168 544 novembris.
1487 506 1550 566 453

395 693 471 754 Itent
499 693 644 754 Thomas
669 695 887 776 carpentarius
921 709 1031 754 eontra
1064 695 1206 756 relictam
1233 697 1422 779 Redeltoycz
1447 700 1551 780 primo

288 802 401 864 citatus
426 821 489 862 non
515 802 704 883 comparuit.

395 908 472 970 Item
499 908 530 968 In
563 927 657 970 causa
682 909 764 969 inter
796 908 991 991 Dyonisium
1025 907 1189 989 Wodopia
1222 921 1253 970 et
1278 909 1483 970 Valentinum
1510 911 1549 971 de

286 1015 438 1093 Abbacia,
464 1034 560 1095 quem
586 1014 618 1074 in
643 1013 799 1095 judicium
819 1014 904 1075 idem
929 993 1096 1096 Wodopia
1113 1015 1264 1076 citaverat
1286 1015 1435 1077 videlicet
1452 1031 1549 1094 actor,

284 1121 338 1202 qui
363 1140 468 1202 neque
493 1121 582 1182 venit
606 1139 664 1182 nec
693 1120 765 1181 Ioco
790 1121 838 1180 sui
872 1120 1013 1201 aliquem
1039 1121 1135 1199 misit,
1169 1123 1223 1182 ubi
1249 1121 1334 1182 idem
1360 1121 1549 1183 Valentinus

283 1229 315 1289 in
339 1227 460 1310 judicio
485 1240 720 1308 comparuerat.

389 1333 465 1395 Item
493 1333 630 1394 Michael
657 1333 800 1394 literatus
822 1331 906 1394 filius
932 1331 1120 1415 Optasnycz
1137 1333 1260 1394 inhibet
1286 1335 1369 1394 bona
1395 1337 1492 1416 patris
1517 1351 1546 1396 et

281 1441 392 1502 matris
415 1459 470 1501 sue
496 1459 558 1521 que
584 1440 704 1521 recepit
729 1439 811 1501 Iwan
846 1452 945 1517 sutor,
971 1440 1037 1521 ipsa
1071 1442 1110 1502 ab
1137 1441 1205 1522 ipso
1231 1439 1315 1502 Iwan
1340 1456 1447 1503 sutore
1472 1443 1546 1523 juri-

280 1547 350 1609 dice
375 1547 600 1628 perquIrenda.

387 1653 465 1714 Item
490 1673 619 1715 causam
645 1654 727 1715 Inter
744 1653 911 1715 Jalsiczam
938 1655 1118 1736 privignam
1137 1654 1290 1736 Stephani
1308 1655 1396 1737 longi
1417 1671 1546 1738 propter

281 1760 445 1843 quandam
471 1760 605 1822 domum
638 1781 733 1843 super
767 1780 864 1842 quam
897 1761 1003 1822 literas
1036 1760 1243 1823 hereditarias
1275 1762 1333 1822 sibi
1359 1781 1453 1844 super
1478 1763 1544 1843 ipsa

281 1866 523 1949 privilegialiter
548 1881 712 1928 emanatas
736 1868 802 1949 Ipsa
820 1867 971 1949 produxit
997 1869 1026 1928 in
1045 1866 1176 1948 judicio,
1201 1867 1293 1948 jurati
1320 1883 1349 1930 et
1373 1881 1438 1929 tota
1456 1887 1543 1928 eom-

280 1974 421 2034 munitas
438 1972 702 2054 adjudicaverunt
719 1973 852 2034 domum
871 1974 930 2035 sibi
949 1975 1081 2034 liberam
1100 1975 1167 2034 sine
1185 1975 1273 2035 nulla
1288 1975 1454 2035 solucione
1472 1987 1542 2035 taxe

279 2079 406 2159 regalis,
430 2080 505 2160 quia
532 2080 598 2161 ipsa
632 2079 685 2140 ubi
720 2081 894 2161 permansit
927 2081 992 2161 ipsa
1025 2080 1177 2162 persolvit
1210 2095 1326 2159 raxam,
1358 2100 1442 2140 nunc
1468 2100 1543 2140 veto

278 2184 392 2246 Gallus
415 2185 536 2266 juratus
560 2185 677 2247 habere
703 2186 830 2246 volebat
854 2199 958 2248 taram
984 2189 1023 2248 ab
1042 2188 1107 2268 ipsa
1134 2187 1243 2265 dom0,
1269 2187 1482 2247 communitas
1507 2199 1538 2247 et

275 2292 368 2374 jurati
394 2293 613 2372 decreverunt,
639 2293 725 2373 quod
748 2313 784 2353 ex
809 2294 902 2354 bonis
934 2293 1040 2354 relicte
1075 2293 1251 2355 Mithltolen
1289 2293 1380 2370 jurati
1416 2293 1537 2374 persol-

279 2412 356 2460 vant
379 2413 483 2460 taxam
516 2400 629 2481 ipsam,
663 2400 736 2479 quia
771 2400 836 2481 ipsa
870 2413 945 2461 tunc
978 2400 1152 2482 permansit
1182 2401 1211 2460 in
1239 2401 1304 2481 ipsa
1339 2400 1455 2475 domo;
1486 2399 1540 2458 sed

280 2505 414 2568 Ialsicza
432 2520 478 2567 est
502 2507 654 2568 eliberata
680 2507 803 2588 abipsa
828 2519 898 2567 taxa
921 2521 951 2568 et
976 2508 1092 2568 domus
1109 2521 1155 2568 est
1172 2507 1231 2568 sibi
1251 2507 1431 2589 adjudicata
1447 2527 1542 2588 super

278 2631 341 2694 qua
366 2611 435 2693 jura
460 2613 610 2694 produxit
635 2614 665 2672 in
692 2612 821 2691 judicia.

383 2718 461 2781 Item
487 2719 649 2780 Fabianus
674 2739 801 2780 causam
826 2739 916 2780 suam
941 2739 1013 2780 cum
1040 2720 1157 2781 Kelecz
1182 2720 1285 2801 jurato
1310 2720 1484 2802 appellavit
1508 2721 1539 2780 in

276 2825 475 2907 presenciam
500 2825 663 2886 seniorum
688 2839 818 2907 propter
842 2825 1121 2907 adjudicacionem
1150 2828 1338 2907 juratorum,
1363 2846 1460 2908 quarn
1484 2826 1538 2886 ad·

276 2930 495 3012 judicaverant
519 2932 607 3013 quod
633 2933 887 3014 comparuissent
912 2951 1018 2994 coram
1043 2933 1163 2994 vicario
1188 2933 1356 3014 spirituali.

382 3038 459 3099 Item
483 3038 596 3100 Vrsula
621 3058 699 3100 uxor
717 3039 895 3100 Clementis
911 3038 1014 3119 jurare
1031 3039 1162 3101 habebit
1185 3037 1261 3100 Ieria
1280 3041 1376 3100 tercia
1393 3039 1538 3120 proxime

275 3158 419 3223 ventura,
445 3145 476 3205 in
501 3165 553 3206 ara
578 3159 685 3206 sancte
711 3144 833 3224 Crucis,
868 3159 976 3206 contra
1010 3146 1129 3206 Lucam
1156 3145 1325 3227 Ilibarycz,
1351 3145 1438 3225 quod
1464 3144 1537 3206 Cle·

276 3269 365 3312 mens
390 3251 522 3312 maritus
546 3271 621 3313 suus
645 3251 803 3333 quosdam
829 3254 928 3313 boves
957 3271 1021 3312 non
1047 3250 1235 3312 vendiderat
1260 3271 1331 3312 cum
1357 3251 1436 3311 scitu
1461 3270 1537 3324 su0;

275 3369 305 3417 et
329 3357 405 3418 dum
431 3357 549 3436 jurabit
579 3358 713 3420 reddere
746 3372 890 3420 teneatur
927 3359 1029 3419 Lucas
1062 3359 1160 3418 boves
1192 3357 1251 3418 sibi
1277 3357 1389 3417 Vrsule
1415 3371 1445 3416 et
1470 3357 1536 3436 ipsa

274 3463 334 3525 sibi
359 3465 529 3546 pecunIam
555 3485 651 3546 quarn
676 3466 736 3526 sibi
763 3464 893 3526 dederat
917 3483 975 3546 pro
1000 3466 1103 3526 bobus
1128 3464 1242 3524 marito
1267 3483 1336 3524 suo.

308 3681 404 3756 FetIa
433 3687 539 3756 tercia
570 3688 721 3774 proxima
751 3693 826 3775 post
856 3686 977 3756 festum
1007 3686 1095 3755 beati
1128 3681 1264 3754 Ilattini
1294 3681 1438 3772 episcopi
1467 3693 1499 3753 et

793 3809 1006 3881 contessotIs.

769 3965 830 4039 (12.
855 3962 1033 4050 novembris).

377 4100 454 4162 Item
487 4121 580 4163 causa
613 4123 675 4184 que
708 4106 897 4164 movebatur
938 4103 1019 4163 inter
1051 4103 1316 4183 circumspectum
1354 4100 1533 4160 iohannem

271 4207 447 4289 Petowych
480 4211 519 4270 ab
552 4230 633 4286 una,
666 4225 699 4271 ut
731 4225 835 4271 actore
872 4209 1051 4291 principali,
1087 4211 1126 4269 ab
1159 4209 1256 4269 altera
1293 4227 1367 4267 vero
1400 4207 1532 4266 circum·

269 4327 412 4396 spectum
432 4315 638 4377 Dominicum
660 4316 761 4378 filiurn
780 4317 923 4376 eiusdem
942 4316 1069 4376 racIone
1087 4315 1301 4396 quorumdam
1321 4315 1532 4374 ducentorum

270 4437 300 4482 et
324 4421 559 4502 quinquaginta
584 4423 664 4500 flor,
689 4442 771 4504 quos
789 4423 873 4483 idem
900 4421 1061 4482 Iohannes
1080 4420 1255 4503 Perotvych
1281 4422 1341 4481 sibi
1360 4421 1532 4481 Dominico

270 4541 304 4588 ut
327 4529 487 4589 asserebat
520 4529 771 4606 accomodasset‚
804 4530 859 4610 qui
892 4529 1013 4589 scilicet
1047 4529 1234 4588 DomInicus
1266 4547 1302 4587 ex
1327 4527 1460 4587 adverso
1485 4548 1531 4587 re-

269 4634 410 4715 spondit,
436 4635 523 4716 quod
550 4636 617 4717 ipse
634 4637 877 4716 prenominatus
901 4649 990 4715 pater
1017 4655 1094 4694 suus
1111 4636 1196 4714 ipsos
1220 4633 1376 4695 ducentos
1393 4649 1423 4694 et
1440 4635 1531 4714 quin·

269 4740 422 4820 quagInta
447 4740 516 4803 flor.
549 4743 609 4802 sibi
642 4762 706 4802 non
740 4742 990 4818 accomodasset‚
1024 4743 1080 4801 sed
1109 4741 1168 4801 sibi
1199 4742 1229 4801 in
1262 4755 1451 4822 perpetuum
1478 4741 1530 4801 de-

269 4845 376 4925 disset,
401 4861 431 4909 et
455 4867 551 4930 super
575 4848 636 4909 hoc
661 4849 746 4908 idem
765 4849 953 4909 Dominicus
978 4867 1084 4907 coram
1108 4848 1200 4908 nobis
1222 4848 1285 4909 tale
1309 4847 1529 4907 testimonium

269 4953 429 5034 produxit,
455 4955 559 5036 prImo
584 4954 748 5016 dominam
778 4954 983 5016 Katherinam
1009 4953 1108 5015 liliam
1126 4954 1267 5015 eIusdem
1294 4954 1449 5015 iohannis
1474 4956 1529 5016 Pe-
