3838 5786
457 604 522 663 420
840 590 926 646 Anno
949 599 1038 665 1473.
1063 621 1106 631 -—
1137 583 1169 648 8.
1193 589 1343 664 januarii.

459 823 553 898 Ferin
582 835 679 896 sexto
709 829 861 914 proxima
900 839 975 912 post
1013 825 1135 896 testum
1165 823 1425 913 Epiphaniarnm
1464 825 1602 910 Domini,
1636 847 1724 898 anno

827 948 955 1020 Domini
984 947 1193 1022 dcccclxx
1223 947 1339 1020 tercio.

874 1099 918 1179 (8.
933 1105 1085 1180 januarii,
1109 1123 1178 1162 ann.
1206 1105 1309 1180 1473).

563 1243 641 1305 ltetn
666 1243 739 1324 quia
758 1243 913 1325 providus
937 1244 985 1304 vir
1002 1243 1148 1305 Thomas
1165 1242 1315 1326 irenipar,
1340 1245 1447 1306 senior
1471 1244 1567 1326 judex
1591 1257 1622 1307 et
1647 1265 1726 1307 con·

457 1350 535 1412 civis
559 1363 677 1428 noster,
708 1348 794 1411 filius
825 1349 965 1427 Andree,
997 1351 1184 1412 testimonio
1216 1351 1391 1432 proborum
1424 1352 1566 1414 virorum
1591 1352 1623 1413 in
1648 1351 1726 1413 sede

458 1471 564 1518 nostra
589 1456 754 1538 judiciaria
774 1457 858 1518 clare
883 1457 1115 1538 comprobavit,
1141 1471 1175 1517 ut
1193 1458 1268 1538 quia
1286 1456 1462 1539 Gregorius
1479 1458 1628 1540 irenipar,
1646 1477 1726 1519 con-

458 1563 535 1624 civis
559 1577 666 1623 noster
691 1560 775 1622 iilius
798 1562 932 1622 Fabiani
958 1563 997 1623 de
1024 1563 1178 1645 Eathyna,
1213 1563 1316 1623 eidem
1343 1563 1471 1625 Thome
1498 1563 1595 1644 judici
1620 1565 1725 1624 tribus

458 1668 527 1730 flor.
552 1669 619 1730 auri
639 1689 674 1729 ac
692 1669 802 1730 decern
821 1669 928 1750 pensis
945 1669 1151 1731 denariorum
1169 1669 1405 1732 viennensium
1423 1669 1580 1732 debitorie
1598 1671 1725 1750 obliga·

458 1789 554 1852 retur,
578 1794 719 1857 proquo
737 1775 847 1836 debito
865 1775 954 1836 litere
972 1777 1103 1856 antique
1121 1795 1216 1858 super
1233 1776 1403 1838 medietate
1421 1776 1588 1838 cuiusdam
1607 1776 1726 1838 domus

459 1895 490 1942 et
514 1880 605 1942 fundi
631 1881 662 1942 in
688 1881 772 1942 dicta
797 1881 922 1942 civitate
941 1881 1059 1960 habita,
1084 1901 1141 1963 pro
1172 1883 1333 1962 premissis
1358 1882 1468 1944 decem
1494 1883 1601 1964 pensis
1625 1883 1726 1943 dena-

458 1988 577 2049 riorum
603 2007 661 2070 pro
687 1987 804 2068 quibus
828 1987 940 2050 eedem
965 1988 1055 2049 litere
1082 1988 1180 2069 ipsius
1198 1986 1573 2070 Gregoriiimpignorate
1598 1987 1727 2050 fuerant

458 2092 578 2154 Mathis
603 2093 702 2154 sutori
737 2093 983 2176 Nekerschenyk
1018 2094 1114 2172 dict0,
1147 2094 1349 2169 redemisset3
1383 2109 1413 2154 et
1446 2096 1520 2175 quia
1546 2095 1627 2156 trina
1653 2096 1724 2157 vice

458 2214 505 2261 est
530 2199 763 2281 proclamatum
782 2220 837 2282 per
862 2221 1016 2282 precones
1038 2215 1164 2261 nostros
1192 2221 1380 2262 communes
1405 2215 1439 2262 ut
1456 2201 1522 2282 ipse
1548 2201 1726 2283 Gregorius

459 2303 599 2387 frenipar
623 2306 673 2366 vel
699 2306 787 2383 alter,
813 2307 837 2366 si
863 2307 936 2387 quis
961 2320 1148 2388 procurator
1178 2307 1250 2367 loco
1274 2307 1322 2366 sui
1356 2305 1476 2384 fuisset,
1502 2323 1535 2368 ut
1560 2308 1626 2390 ipse
1651 2328 1724 2390 pte·

460 2412 588 2473 missam
623 2412 828 2474 medietatem
862 2413 945 2473 dicte
978 2413 1114 2490 domus,
1145 2413 1332 2494 porcionem
1365 2413 1514 2474 videlicet
1548 2433 1650 2492 suam,
1683 2416 1724 2475 ab

459 2518 575 2580 eodem
593 2518 723 2580 Thoma
748 2517 852 2598 judice
876 2538 934 2599 pro
953 2519 1108 2599 premisso
1126 2520 1235 2581 debito
1252 2520 1347 2581 trium
1375 2519 1442 2582 flor.
1468 2521 1536 2582 auri
1561 2535 1592 2583 et
1609 2523 1725 2582 decem

459 2644 629 2706 pensarum
667 2625 872 2685 denariorum
906 2625 1063 2686 redimere
1106 2625 1286 2702 debuisset;
1319 2626 1509 2707 quiquidem
1548 2625 1727 2706 Gregorius

460 2730 599 2812 frenipar
624 2751 682 2792 nec
706 2731 823 2811 aliquis
847 2751 905 2812 pro
930 2731 1046 2792 eodem
1081 2746 1268 2813 procurator
1291 2732 1321 2792 in
1347 2732 1436 2792 nulla
1461 2733 1601 2814 ipsarum
1627 2734 1725 2794 trium

460 2838 755 2920 proclamacionum
788 2839 828 2899 ad
862 2837 1083 2900 redimendam
1117 2839 1218 2920 ipsam
1251 2839 1454 2899 medietatem
1490 2839 1572 2901 dicte
1598 2840 1727 2916 domus,

460 2945 623 3027 porcionis
648 2945 796 3006 videlicet
821 2964 887 3022 sue,
914 2964 977 3005 non
1010 2945 1099 3006 venit
1127 2964 1231 3026 neque
1264 2945 1361 3021 misit,
1386 2945 1440 3006 sed
1466 2946 1505 3006 de
1530 2945 1612 3007 dicta
1648 2947 1726 3007 civi-

459 3065 523 3113 tate
548 3051 657 3129 evasit,
683 3052 756 3112 ideo
781 3071 839 3112 nos
864 3051 969 3112 eidem
995 3051 1125 3112 Thome
1144 3051 1240 3132 judici
1267 3052 1384 3112 dictam
1410 3052 1614 3112 medietatem
1640 3053 1725 3113 dicte

461 3157 577 3218 domus
600 3176 667 3236 sue,
692 3159 878 3238 porcionem
904 3158 1054 3219 videlicet
1081 3177 1171 3218 suam
1197 3177 1294 3238 quam
1319 3157 1461 3239 possedit
1486 3177 1558 3218 cum
1577 3159 1725 3219 Barnaba

463 3263 567 3341 Turk,
591 3263 752 3324 vendendi
778 3263 980 3324 attribuimus
998 3279 1198 3346 potestatem.

567 3369 643 3430 ltem
670 3370 744 3450 quia
769 3370 851 3430 trina
884 3370 953 3432 vice
981 3383 1028 3431 est
1059 3371 1291 3450 proclamatum
1324 3390 1379 3451 per
1412 3389 1566 3450 precones
1599 3385 1728 3430 nostros

461 3496 660 3554 communes,
685 3491 719 3536 ut
742 3496 804 3536 una
831 3476 920 3536 litera
945 3497 1001 3536 sua
1027 3476 1123 3536 Blasii
1148 3476 1302 3556 olliparis,
1327 3476 1469 3536 concivis
1494 3476 1604 3553 nostri,
1629 3497 1727 3558 super

460 3583 552 3644 vinea
577 3603 632 3642 sua
658 3583 697 3643 ab
723 3582 838 3644 eodem
872 3582 1040 3642 casualiter
1071 3581 1176 3642 existit
1203 3582 1330 3658 amissa,
1362 3601 1424 3663 que
1450 3581 1565 3642 nullibi
1591 3583 1724 3663 reperiri

461 3704 491 3752 et
516 3689 651 3750 inveniri
678 3689 791 3770 potuit,
817 3689 890 3749 ideo
915 3689 1084 3749 commissa
1117 3701 1163 3748 est
1187 3686 1292 3748 eidem
1325 3688 1392 3748 dari
1422 3688 1512 3748 litera
1537 3703 1642 3749 nostra
1668 3709 1726 3750 seu

461 3796 596 3856 civitatis
619 3793 738 3876 prefate
764 3795 846 3856 dicte
871 3795 1007 3856 civitatis
1030 3814 1125 3876 super
1150 3795 1242 3856 vinea
1267 3794 1416 3875 predicta.

566 3900 643 3962 ltem
668 3901 742 3982 quia
777 3901 889 3962 Petrus
922 3902 1034 3961 Koncz
1065 3901 1194 3981 sellipar
1219 3901 1323 3980 primo
1356 3899 1469 3960 citatus
1494 3913 1603 3960 contra
1629 3901 1727 3962 Eme·

462 4008 562 4068 ricum
588 4008 770 4090 selliparem
797 4027 861 4068 non
886 4007 1066 4088 comparuit
1090 4007 1122 4066 in
1147 4005 1268 4086 judicio
1293 4025 1400 4066 coram
1426 4005 1529 4067 nobis.

568 4113 643 4175 ltem
659 4115 733 4195 quia
748 4114 937 4174 Valentinus
952 4113 1144 4195 Herwntych
1162 4113 1276 4190 dictus,
1290 4132 1385 4193 quem
1405 4111 1586 4194 Stephanus
1605 4112 1723 4173 Bertun

462 4233 493 4282 et
517 4221 644 4303 Mycula
671 4219 815 4303 Galoycz
840 4219 926 4282 iures
957 4219 1129 4298 manifesti,
1154 4221 1209 4302 qui
1235 4240 1293 4302 pro
1325 4239 1437 4281 eorum
1463 4217 1629 4280 maleficiis
1653 4235 1727 4281 sunt

461 4327 616 4409 suspensi,
641 4327 779 4388 eundem
797 4327 1004 4388 Valentinum
1024 4327 1240 4409 Herwatbych
1259 4346 1370 4388 eorum
1390 4327 1574 4388 consocium
1601 4327 1633 4387 in
1651 4328 1728 4408 ipsis

462 4431 626 4494 maleficiis
643 4449 672 4493 et
690 4432 858 4494 lurticiniis
872 4454 927 4516 per
945 4453 1000 4494 eos
1017 4433 1196 4495 commissis
1219 4447 1250 4493 et
1267 4433 1396 4515 patratis
1412 4430 1485 4494 fassi
1512 4431 1650 4511 fuerunt,
1667 4434 1725 4514 qui

462 4539 651 4600 Valentinus
676 4540 891 4622 Herwathych
910 4543 991 4601 trina
1019 4541 1086 4602 vice
1104 4539 1319 4621 proclamatus
1336 4553 1367 4598 et
1384 4552 1515 4600 vocatus
1540 4537 1598 4600 fuit
1621 4552 1657 4601 ut
1673 4561 1726 4601 ve-

462 4647 530 4707 nire
543 4645 714 4724 debuisset,
732 4662 808 4708 etse
827 4647 865 4708 de
879 4647 1031 4727 premissa
1045 4647 1251 4708 accusacione
1265 4664 1320 4724 per
1336 4645 1423 4725 ipsos
1439 4645 1575 4706 condam
1593 4645 1727 4727 Stepha-

462 4771 538 4812 num
558 4752 676 4814 Bertun
695 4767 726 4814 et
751 4753 911 4834 Myculam
931 4772 1025 4834 super
1043 4753 1145 4834 ipsum
1170 4751 1283 4812 iactam
1306 4771 1338 4812 se
1363 4771 1472 4812 coram
1496 4752 1727 4812 communitate

462 4860 546 4922 dicte
564 4860 700 4921 civitatis
717 4879 892 4942 expurgare
914 4860 1069 4932 debebat;
1090 4859 1279 4940 quiquidem
1303 4858 1493 4920 Valentinus
1510 4857 1726 4940 Hervvatbych

463 4967 502 5026 ad
535 4967 634 5048 ipsam
667 4967 782 5028 trinam
815 4966 1105 5048 proclamacionem
1138 4965 1296 5027 forensem
1331 4967 1430 5026 nostri
1463 4965 1494 5026 in
1527 4965 1725 5046 presenciam

462 5091 527 5136 non
552 5074 638 5137 venit
656 5073 710 5136 sed
728 5092 761 5136 se
779 5073 968 5155 absentavit,
985 5093 1043 5136 nec
1067 5092 1099 5136 se
1117 5090 1292 5158 expurgare
1322 5073 1361 5135 de
1378 5071 1455 5156 ipsis
1479 5069 1569 5135 furtis
1593 5070 1726 5134 curavit.
