3694 5782
398 535 460 598 310
761 519 847 576 Anno
870 514 964 594 1466.
992 551 1034 560 -
1057 513 1107 578 16.
1130 517 1290 576 decembris.

503 729 580 790 Item
606 729 638 790 in
663 727 747 790 facto
773 729 914 810 magistri
933 727 1100 790 Michaelis
1117 727 1298 806 baccalarii,
1323 725 1380 788 filii
1405 726 1542 788 condam
1561 727 1653 788 blasii

395 835 511 916 judicis
535 835 663 898 racione
685 835 936 898 demactacionis
953 835 1169 917 quorumdam
1196 835 1366 896 humorum
1385 833 1512 896 cuidam
1537 833 1654 895 homini

396 955 546 1003 extraneo
571 941 663 1019 facte,
680 942 774 1024 jurati
799 941 1034 1022 adjudicarunt,
1059 941 1147 1022 quod
1166 942 1232 1023 ipse
1252 941 1402 1022 magister
1428 939 1563 1002 Michael
1581 959 1651 1001 con·

396 1049 497 1109 victus
522 1063 566 1110 est
592 1063 699 1110 contra
726 1047 865 1129 judicem
891 1061 921 1110 et
943 1047 1062 1126 juratos
1087 1048 1118 1109 in
1144 1047 1256 1109 decem
1274 1047 1381 1128 pensis
1405 1046 1610 1108 denariorum
1627 1060 1654 1106 et

396 1155 572 1236 dampnum
599 1155 704 1237 ipsum
728 1155 854 1216 solvere
878 1155 1050 1217 tenebitur.

504 1260 581 1322 ltem
606 1281 734 1322 causam
769 1261 850 1322 inter
882 1260 1083 1322 Anthonium
1116 1259 1255 1340 juratum
1289 1257 1490 1340 Thermsych
1519 1270 1549 1318 et
1581 1257 1657 1317 inter

397 1366 575 1427 Fabianum
595 1367 791 1449 Herwathyn
810 1366 942 1445 dictum,
960 1385 1056 1447 quem
1079 1366 1145 1447 ipse
1159 1364 1343 1426 Anthonius
1359 1382 1417 1445 pro
1436 1363 1502 1425 lilio
1520 1382 1656 1444 assump-

396 1486 478 1534 serat
503 1485 533 1532 et
557 1487 729 1554 receperat,
763 1474 817 1554 qui
851 1473 1013 1534 Fabianus
1047 1471 1220 1532 ultrociens
1244 1472 1284 1532 ab
1317 1471 1432 1532 eodem
1457 1469 1579 1531 salisset
1602 1489 1657 1530 nec

396 1578 501 1639 eidem
527 1578 659 1640 obedire
684 1579 797 1658 voluit,
822 1578 915 1658 jurati
941 1578 1177 1658 adjudicarunt,
1202 1577 1290 1658 quod
1315 1577 1383 1658 ipse
1407 1575 1590 1638 Anthonius
1613 1573 1656 1656 ju·

396 1698 481 1746 ratus
505 1684 610 1746 eidem
637 1685 780 1746 Fabiano
807 1685 886 1747 nibil
911 1686 986 1746 dare
1012 1697 1184 1762 teneretur,
1206 1702 1266 1744 nec
1290 1683 1395 1766 ipsum
1420 1682 1553 1744 ulterius
1576 1681 1653 1742 circa

395 1811 427 1852 se
452 1811 588 1870 servare,
613 1792 668 1853 sed
693 1805 801 1854 tamen
827 1793 867 1853 ad
895 1791 1090 1874 peticionem
1124 1793 1267 1873 ipsorum
1300 1790 1477 1870 juratorum
1502 1790 1569 1871 ipse
1592 1792 1654 1849 An-

398 1897 528 1958 thonius
553 1897 754 1980 Thermsych
772 1898 830 1980 ipsi
856 1899 1000 1960 Fabiano
1018 1917 1118 1959 unum
1137 1897 1205 1959 flor.
1230 1897 1393 1958 auridum
1417 1915 1535 1958 annum
1555 1894 1656 1956 Blasio

399 2003 497 2085 judici
523 2005 681 2066 deserviet
704 2018 735 2066 et
758 2005 857 2084 finiet,
882 2005 958 2066 dare
982 2005 1139 2088 promisit.

464 2241 560 2314 Feria
589 2247 696 2314 tercia
725 2243 879 2332 proxima
909 2251 987 2314 ante
1016 2245 1138 2314 festum
1167 2243 1256 2314 beati
1284 2241 1409 2313 Thone
1437 2241 1591 2330 apostoli.

907 2395 970 2473 (16.
995 2397 1165 2472 decembris).

503 2535 580 2596 ltem
604 2537 699 2598 tercia
726 2538 794 2598 vice
820 2538 1053 2618 proclamatum
1079 2551 1125 2597 est
1141 2556 1246 2618 super,
1262 2537 1405 2618 quodam
1430 2534 1532 2597 fundo
1557 2554 1651 2596 vacuo

397 2640 427 2700 in
454 2640 526 2701 vico
551 2642 699 2702 exteriori
722 2655 869 2703 sutorum
894 2642 1031 2703 condam
1053 2641 1174 2703 Mathie
1199 2642 1315 2703 sutoris
1339 2642 1433 2722 nigri,
1456 2642 1547 2702 cuius
1569 2641 1652 2701 litera

397 2745 564 2806 casualiter
588 2767 606 2807 a
631 2747 788 2809 Michaele
812 2747 950 2829 pellifice
975 2749 1081 2811 existit
1113 2747 1292 2828 deperdita,
1317 2767 1414 2828 quern
1439 2746 1573 2808 fundum
1599 2745 1651 2806 Mi·

397 2851 486 2912 chael
511 2851 651 2932 pellifex,
676 2853 851 2915 modernus
879 2854 1012 2935 juratus,
1045 2853 1192 2917 vendidit
1217 2854 1383 2916 Anthonio
1415 2853 1533 2914 seniori
1558 2852 1652 2934 jurato

398 2971 562 3038 tamquam
588 2959 827 3021 commissarius
858 2961 1016 3021 consortis
1048 2959 1192 3021 eiusdem
1227 2959 1365 3021 condam
1394 2959 1514 3020 Mathie
1538 2958 1653 3032 sutoris,

399 3077 430 3124 et
454 3065 624 3126 commissa
651 3081 696 3126 est
721 3066 788 3127 dari
822 3066 928 3128 eidem
963 3067 1130 3128 Anthonio
1154 3065 1259 3146 jurato
1291 3067 1383 3127 litera
1407 3067 1447 3127 de
1472 3086 1556 3128 novo
1579 3065 1652 3126 dicte

398 3171 544 3232 civitatis.

506 3278 583 3338 Item
608 3278 640 3338 in
674 3278 758 3340 lacto
789 3280 924 3361 provide
958 3280 1089 3340 domine
1121 3279 1296 3341 Katherioe
1328 3279 1485 3341 consortis
1509 3273 1651 3339 Anthonii

401 3383 512 3461 Rotth,
536 3385 672 3446 senioris
695 3385 789 3467 jurati
815 3401 846 3448 et
870 3387 1012 3447 concivis
1029 3387 1139 3464 nostri,
1165 3386 1293 3446 racione
1318 3386 1501 3448 debitorum
1526 3383 1651 3446 condam

401 3489 555 3551 Demetrii
582 3493 698 3552 rasoris
728 3494 837 3573 generi
871 3506 901 3553 et
925 3493 989 3553 filie
1023 3492 1180 3570 eiusdem,
1213 3512 1276 3573 que
1309 3492 1416 3554 debita
1442 3493 1508 3574 ipsa
1532 3491 1650 3552 domina

401 3597 601 3658 conscribere
626 3597 710 3676 lecit,
735 3597 811 3659 leria
829 3613 914 3660 sexta
939 3600 1085 3680 proxime
1102 3612 1235 3660 ventura
1253 3599 1419 3660 terciamet
1443 3597 1583 3681 personis
1597 3593 1648 3656 sibi

404 3701 563 3762 similibus
588 3703 737 3765 videlicet
761 3705 954 3766 dominabus
982 3704 1085 3784 jurare
1111 3705 1142 3764 in
1161 3724 1213 3765 ara
1230 3718 1337 3766 sancte
1362 3703 1476 3766 Crucis
1491 3702 1647 3775 tenebitur,

402 3807 490 3886 quod
517 3808 575 3888 ipsi
600 3821 702 3869 tantas
733 3810 903 3890 peccunias
927 3823 1062 3891 quantas
1093 3811 1199 3872 eidem
1224 3811 1380 3871 concessit
1404 3823 1434 3871 et
1458 3811 1497 3871 ad
1531 3806 1646 3870 eosdem

400 3913 559 3992 exposuit,
584 3914 689 3975 eidem
714 3917 928 3996 obligaretur;
965 3936 1022 3998 pro
1047 3918 1142 3978 rebus
1165 3937 1242 3978 vero
1281 3936 1361 3998 quas
1386 3917 1453 3999 ipsa
1476 3918 1532 3977 sub
1557 3925 1646 3976 aresto

401 4019 531 4097 recepit,
556 4021 669 4080 eadem
695 4042 794 4102 usque
819 4024 954 4084 tercium
980 4023 1064 4084 diem
1090 4023 1201 4103 juratis
1230 4024 1448 4085 demonstrare
1472 4035 1608 4085 teneatur
1622 4030 1647 4079 et

400 4141 501 4202 usque
527 4139 676 4186 octavum
701 4127 785 4187 diem
812 4128 851 4188 de
877 4129 1024 4210 potencia
1050 4129 1201 4191 videlicet
1224 4129 1264 4190 de
1290 4129 1402 4191 decem
1427 4130 1539 4191 marcis
1561 4123 1645 4209 judici

401 4241 431 4289 et
456 4229 564 4308 juratis
589 4231 840 4294 satisfaccionem
867 4235 1053 4315 impendere
1071 4235 1241 4297 tenebitur.

506 4336 581 4397 ltem
607 4337 700 4416 jurati
726 4339 992 4420 adjudicaverunt
1016 4340 1135 4402 lactum
1159 4343 1260 4404 Elene
1283 4343 1429 4424 privigne
1456 4341 1581 4404 Fabiani
1602 4358 1645 4398 su·

399 4442 477 4500 toris
502 4442 711 4524 Wewerycza
737 4445 824 4522 dicti,
849 4448 927 4507 civis
959 4447 1042 4508 dicte
1074 4448 1221 4526 civitatis,
1250 4469 1313 4529 que
1346 4449 1534 4532 reprehensa
1557 4445 1644 4508 estin

400 4547 558 4608 maleficio
590 4549 739 4611 videlicet
772 4551 986 4632 jugulacionis
1018 4555 1108 4634 pueri
1143 4555 1191 4614 sui
1224 4573 1322 4635 quem
1355 4557 1423 4637 ipsa
1456 4554 1582 4638 projecit
1611 4548 1645 4611 ad

401 4651 523 4713 fontem
549 4655 580 4714 in
606 4657 676 4716 vico
695 4657 880 4718 carnificum
907 4660 994 4740 quod
1021 4661 1086 4740 ipsa
1104 4661 1240 4722 solamet
1257 4659 1337 4722 fassa
1360 4659 1420 4724 fuit
1445 4664 1474 4724 in
1492 4669 1645 4732 tormento,

402 4778 465 4838 que
491 4774 627 4820 mortem
653 4761 791 4824 incendii
816 4779 947 4846 propter
971 4765 1156 4827 huiusmodi
1174 4764 1299 4828 lacinus
1315 4769 1492 4850 promereri
1515 4765 1645 4839 debebat,

402 4865 456 4923 sed
481 4879 586 4926 tamen
613 4868 679 4948 ipsa
705 4889 790 4929 mors
815 4871 953 4931 incendii
981 4873 1086 4932 eidem
1113 4887 1159 4934 est
1176 4873 1325 4954 relaxata,
1352 4873 1578 4957 propterquod
1595 4867 1645 4952 ipsi

401 4969 518 5030 debent
535 4973 654 5054 precidi
673 4973 798 5035 fimbria
816 4978 1079 5039 vestimentorum
1098 4999 1229 5042 suorum
1248 4994 1278 5042 et
1295 4981 1366 5042 trite
1385 4983 1496 5066 capitis
1518 4978 1646 5042 eiusdem
