<?xml version="1.0" encoding="UTF-8"?>
<!DOCTYPE html PUBLIC "-//W3C//DTD XHTML 1.0 Transitional//EN"
    "http://www.w3.org/TR/xhtml1/DTD/xhtml1-transitional.dtd">
<html xmlns="http://www.w3.org/1999/xhtml" xml:lang="en" lang="en">
 <head>
  <title>
</title>
<meta http-equiv="Content-Type" content="text/html;charset=utf-8" />
  <meta name='ocr-system' content='tesseract 3.04.00' />
  <meta name='ocr-capabilities' content='ocr_page ocr_carea ocr_par ocr_line ocrx_word'/>
</head>
<body>
  <div class='ocr_page' id='page_1' title='image "./monumentahistor13laszgoog_0097.png"; bbox 0 0 3818 5786; ppageno 0'>
   <div class='ocr_carea' id='block_1_1' title="bbox 255 535 1524 1476">
    <p class='ocr_par' dir='ltr' id='par_1_1' title="bbox 670 535 1122 619">
     <span class='ocr_line' id='line_1_1' title="bbox 670 535 1122 619; baseline -0.002 -19"><span class='ocrx_word' id='word_1_1' title='bbox 670 543 870 619; x_wconf 73' lang='lat' dir='ltr'>Anno1452.</span> <span class='ocrx_word' id='word_1_2' title='bbox 896 575 935 584; x_wconf 89' lang='lat'>-</span> <span class='ocrx_word' id='word_1_3' title='bbox 960 535 1012 601; x_wconf 86' lang='lat'>26.</span> <span class='ocrx_word' id='word_1_4' title='bbox 1036 537 1122 600; x_wconf 79' lang='lat' dir='ltr'>maii.</span> 
     </span>
    </p>

    <p class='ocr_par' dir='ltr' id='par_1_2' title="bbox 255 749 1524 1476">
     <span class='ocr_line' id='line_1_2' title="bbox 259 749 1523 834; baseline -0.003 -22"><span class='ocrx_word' id='word_1_5' title='bbox 259 765 353 833; x_wconf 88' lang='lat' dir='ltr'>atque</span> <span class='ocrx_word' id='word_1_6' title='bbox 377 753 553 816; x_wconf 76' lang='lat' dir='ltr'>literatorie</span> <span class='ocrx_word' id='word_1_7' title='bbox 577 767 632 815; x_wconf 90' lang='lat' dir='ltr'>aut</span> <span class='ocrx_word' id='word_1_8' title='bbox 663 753 809 834; x_wconf 88' lang='lat' dir='ltr'>quolibet</span> <span class='ocrx_word' id='word_1_9' title='bbox 840 752 933 814; x_wconf 91' lang='lat' dir='ltr'>aliter</span> <span class='ocrx_word' id='word_1_10' title='bbox 957 751 1016 813; x_wconf 91' lang='lat' dir='ltr'>rite</span> <span class='ocrx_word' id='word_1_11' title='bbox 1040 763 1071 812; x_wconf 86' lang='lat' dir='ltr'>et</span> <span class='ocrx_word' id='word_1_12' title='bbox 1102 749 1259 831; x_wconf 81' lang='lat' dir='ltr'>legittime</span> <span class='ocrx_word' id='word_1_13' title='bbox 1283 759 1523 824; x_wconf 74' lang='lat' dir='ltr'>concernentes,</span> 
     </span>
     <span class='ocr_line' id='line_1_3' title="bbox 255 854 1523 938; baseline -0.004 -19"><span class='ocrx_word' id='word_1_14' title='bbox 255 858 351 920; x_wconf 92' lang='lat' dir='ltr'>simul</span> <span class='ocrx_word' id='word_1_15' title='bbox 375 879 449 920; x_wconf 91' lang='lat' dir='ltr'>cum</span> <span class='ocrx_word' id='word_1_16' title='bbox 468 860 622 922; x_wconf 88' lang='lat' dir='ltr'>omnibus</span> <span class='ocrx_word' id='word_1_17' title='bbox 638 878 748 922; x_wconf 87' lang='lat' dir='ltr'>earum</span> <span class='ocrx_word' id='word_1_18' title='bbox 773 859 974 937; x_wconf 82' lang='lat' dir='ltr'>utilitatibus,</span> <span class='ocrx_word' id='word_1_19' title='bbox 992 857 1125 938; x_wconf 88' lang='lat' dir='ltr'>juribus,</span> <span class='ocrx_word' id='word_1_20' title='bbox 1142 857 1263 934; x_wconf 86' lang='lat' dir='ltr'>usibus,</span> <span class='ocrx_word' id='word_1_21' title='bbox 1289 854 1523 936; x_wconf 80' lang='lat' dir='ltr'>integritatibus</span> 
     </span>
     <span class='ocr_line' id='line_1_4' title="bbox 255 958 1523 1049; baseline -0.006 -23"><span class='ocrx_word' id='word_1_22' title='bbox 255 978 287 1026; x_wconf 90' lang='lat' dir='ltr'>et</span> <span class='ocrx_word' id='word_1_23' title='bbox 309 966 516 1046; x_wconf 83' lang='lat' dir='ltr'>pertinenciis</span> <span class='ocrx_word' id='word_1_24' title='bbox 541 967 698 1028; x_wconf 87' lang='lat' dir='ltr'>universis</span> <span class='ocrx_word' id='word_1_25' title='bbox 714 963 846 1049; x_wconf 84' lang='lat' dir='ltr'>prefatis</span> <span class='ocrx_word' id='word_1_26' title='bbox 863 965 976 1043; x_wconf 90' lang='lat' dir='ltr'>Paulo,</span> <span class='ocrx_word' id='word_1_27' title='bbox 1001 963 1110 1042; x_wconf 87' lang='lat' dir='ltr'>Gallo,</span> <span class='ocrx_word' id='word_1_28' title='bbox 1128 962 1300 1026; x_wconf 84' lang='lat' dir='ltr'>Valentino</span> <span class='ocrx_word' id='word_1_29' title='bbox 1325 975 1356 1022; x_wconf 86' lang='lat' dir='ltr'>et</span> <span class='ocrx_word' id='word_1_30' title='bbox 1374 958 1523 1022; x_wconf 86' lang='lat' dir='ltr'>Michaeli</span> 
     </span>
     <span class='ocr_line' id='line_1_5' title="bbox 255 1066 1524 1154; baseline -0.003 -22"><span class='ocrx_word' id='word_1_31' title='bbox 255 1071 329 1132; x_wconf 88' lang='lat' dir='ltr'>filiis</span> <span class='ocrx_word' id='word_1_32' title='bbox 352 1071 452 1154; x_wconf 90' lang='lat' dir='ltr'>ipsius</span> <span class='ocrx_word' id='word_1_33' title='bbox 477 1073 562 1135; x_wconf 90' lang='lat' dir='ltr'>Petri</span> <span class='ocrx_word' id='word_1_34' title='bbox 586 1072 662 1134; x_wconf 91' lang='lat' dir='ltr'>dicti</span> <span class='ocrx_word' id='word_1_35' title='bbox 688 1072 847 1136; x_wconf 87' lang='lat' dir='ltr'>Pentbera</span> <span class='ocrx_word' id='word_1_36' title='bbox 872 1091 908 1136; x_wconf 87' lang='lat' dir='ltr'>ac</span> <span class='ocrx_word' id='word_1_37' title='bbox 932 1092 988 1154; x_wconf 86' lang='lat' dir='ltr'>per</span> <span class='ocrx_word' id='word_1_38' title='bbox 1018 1090 1075 1134; x_wconf 90' lang='lat' dir='ltr'>eos</span> <span class='ocrx_word' id='word_1_39' title='bbox 1099 1070 1243 1153; x_wconf 90' lang='lat' dir='ltr'>ipsorum</span> <span class='ocrx_word' id='word_1_40' title='bbox 1266 1066 1439 1132; x_wconf 85' lang='lat' dir='ltr'>heredibus</span> <span class='ocrx_word' id='word_1_41' title='bbox 1462 1081 1524 1128; x_wconf 89' lang='lat' dir='ltr'>sta·</span> 
     </span>
     <span class='ocr_line' id='line_1_6' title="bbox 255 1171 1523 1262; baseline -0.005 -23"><span class='ocrx_word' id='word_1_42' title='bbox 255 1179 375 1240; x_wconf 86' lang='lat' dir='ltr'>ruimus</span> <span class='ocrx_word' id='word_1_43' title='bbox 400 1193 431 1241; x_wconf 92' lang='lat' dir='ltr'>ct</span> <span class='ocrx_word' id='word_1_44' title='bbox 447 1179 709 1241; x_wconf 88' lang='lat' dir='ltr'>confirmavimus</span> <span class='ocrx_word' id='word_1_45' title='bbox 725 1179 794 1261; x_wconf 89' lang='lat' dir='ltr'>jure</span> <span class='ocrx_word' id='word_1_46' title='bbox 811 1193 968 1262; x_wconf 88' lang='lat' dir='ltr'>perpetuo</span> <span class='ocrx_word' id='word_1_47' title='bbox 985 1191 1016 1240; x_wconf 91' lang='lat' dir='ltr'>et</span> <span class='ocrx_word' id='word_1_48' title='bbox 1033 1175 1286 1240; x_wconf 85' lang='lat' dir='ltr'>irrevocabiliter</span> <span class='ocrx_word' id='word_1_49' title='bbox 1302 1171 1523 1258; x_wconf 86' lang='lat' dir='ltr'>possidendas,</span> 
     </span>
     <span class='ocr_line' id='line_1_7' title="bbox 255 1282 1523 1369; baseline -0.005 -22"><span class='ocrx_word' id='word_1_50' title='bbox 255 1287 408 1347; x_wconf 89' lang='lat' dir='ltr'>tenendas</span> <span class='ocrx_word' id='word_1_51' title='bbox 426 1287 543 1368; x_wconf 88' lang='lat' dir='ltr'>pariter</span> <span class='ocrx_word' id='word_1_52' title='bbox 567 1301 598 1348; x_wconf 88' lang='lat' dir='ltr'>ct</span> <span class='ocrx_word' id='word_1_53' title='bbox 615 1286 780 1349; x_wconf 88' lang='lat' dir='ltr'>habendas</span> <span class='ocrx_word' id='word_1_54' title='bbox 796 1307 832 1349; x_wconf 92' lang='lat' dir='ltr'>ac</span> <span class='ocrx_word' id='word_1_55' title='bbox 849 1285 936 1369; x_wconf 84' lang='lat' dir='ltr'>juxta</span> <span class='ocrx_word' id='word_1_56' title='bbox 956 1284 1183 1348; x_wconf 87' lang='lat' dir='ltr'>condicionem</span> <span class='ocrx_word' id='word_1_57' title='bbox 1205 1282 1341 1345; x_wconf 91' lang='lat' dir='ltr'>civitatis</span> <span class='ocrx_word' id='word_1_58' title='bbox 1357 1293 1523 1364; x_wconf 87' lang='lat' dir='ltr'>prenotate</span> 
     </span>
     <span class='ocr_line' id='line_1_8' title="bbox 255 1389 1462 1476; baseline -0.002 -22"><span class='ocrx_word' id='word_1_59' title='bbox 255 1393 294 1454; x_wconf 90' lang='lat' dir='ltr'>ab</span> <span class='ocrx_word' id='word_1_60' title='bbox 318 1393 453 1474; x_wconf 90' lang='lat' dir='ltr'>antiquo</span> <span class='ocrx_word' id='word_1_61' title='bbox 478 1394 690 1476; x_wconf 80' lang='lat' dir='ltr'>approbatam</span> <span class='ocrx_word' id='word_1_62' title='bbox 713 1393 1023 1476; x_wconf 87' lang='lat' dir='ltr'>quomodocumque</span> <span class='ocrx_word' id='word_1_63' title='bbox 1049 1391 1210 1454; x_wconf 86' lang='lat' dir='ltr'>voluerint</span> <span class='ocrx_word' id='word_1_64' title='bbox 1235 1389 1462 1474; x_wconf 87' lang='lat' dir='ltr'>disponendas.</span> 
     </span>
    </p>
   </div>
   <div class='ocr_carea' id='block_1_2' title="bbox 355 1629 1423 1722">
    <p class='ocr_par' dir='ltr' id='par_1_3' title="bbox 355 1629 1423 1722">
     <span class='ocr_line' id='line_1_9' title="bbox 355 1629 1423 1722; baseline -0.006 -18"><span class='ocrx_word' id='word_1_65' title='bbox 355 1629 451 1704; x_wconf 78' lang='lat' dir='ltr'>laria</span> <span class='ocrx_word' id='word_1_66' title='bbox 480 1641 577 1704; x_wconf 86' lang='lat' dir='ltr'>sexta</span> <span class='ocrx_word' id='word_1_67' title='bbox 606 1635 760 1722; x_wconf 86' lang='lat' dir='ltr'>proxima</span> <span class='ocrx_word' id='word_1_68' title='bbox 789 1641 865 1722; x_wconf 90' lang='lat' dir='ltr'>post</span> <span class='ocrx_word' id='word_1_69' title='bbox 902 1631 1026 1703; x_wconf 84' lang='lat' dir='ltr'>festum</span> <span class='ocrx_word' id='word_1_70' title='bbox 1054 1629 1144 1702; x_wconf 85' lang='lat' dir='ltr'>beati</span> <span class='ocrx_word' id='word_1_71' title='bbox 1175 1629 1301 1701; x_wconf 89' lang='lat' dir='ltr'>Vrbani</span> <span class='ocrx_word' id='word_1_72' title='bbox 1331 1647 1423 1718; x_wconf 85' lang='lat' dir='ltr'>pape.</span> 
     </span>
    </p>
   </div>
   <div class='ocr_carea' id='block_1_3' title="bbox 790 1798 991 1884">
    <p class='ocr_par' dir='ltr' id='par_1_4' title="bbox 790 1798 991 1884">
     <span class='ocr_line' id='line_1_10' title="bbox 790 1798 991 1884; baseline 0.01 -22"><span class='ocrx_word' id='word_1_73' title='bbox 790 1799 859 1884; x_wconf 80' lang='lat'><em>(26.</em></span> <span class='ocrx_word' id='word_1_74' title='bbox 886 1798 991 1879; x_wconf 80' lang='lat' dir='ltr'>maii).</span> 
     </span>
    </p>
   </div>
   <div class='ocr_carea' id='block_1_4' title="bbox 253 1957 1523 3326">
    <p class='ocr_par' dir='ltr' id='par_1_5' title="bbox 253 1957 1523 3326">
     <span class='ocr_line' id='line_1_11' title="bbox 361 1957 1523 2046; baseline -0.005 -22"><span class='ocrx_word' id='word_1_75' title='bbox 361 1962 440 2024; x_wconf 89' lang='lat' dir='ltr'>ltem</span> <span class='ocrx_word' id='word_1_76' title='bbox 458 1963 534 2045; x_wconf 87' lang='lat' dir='ltr'>quia</span> <span class='ocrx_word' id='word_1_77' title='bbox 559 1963 671 2025; x_wconf 89' lang='lat' dir='ltr'>Petrus</span> <span class='ocrx_word' id='word_1_78' title='bbox 687 1961 847 2046; x_wconf 88' lang='lat' dir='ltr'>lwetbycb</span> <span class='ocrx_word' id='word_1_79' title='bbox 872 1962 912 2024; x_wconf 89' lang='lat' dir='ltr'>de</span> <span class='ocrx_word' id='word_1_80' title='bbox 931 1961 1034 2041; x_wconf 90' lang='lat' dir='ltr'>Cbeh,</span> <span class='ocrx_word' id='word_1_81' title='bbox 1059 1961 1092 2023; x_wconf 95' lang='lat' dir='ltr'>id</span> <span class='ocrx_word' id='word_1_82' title='bbox 1109 1979 1182 2024; x_wconf 90' lang='lat' dir='ltr'>curn</span> <span class='ocrx_word' id='word_1_83' title='bbox 1200 1957 1371 2022; x_wconf 83' lang='lat' dir='ltr'>sufficienti</span> <span class='ocrx_word' id='word_1_84' title='bbox 1395 1971 1426 2020; x_wconf 88' lang='lat' dir='ltr'>et</span> <span class='ocrx_word' id='word_1_85' title='bbox 1445 1957 1523 2020; x_wconf 87' lang='lat' dir='ltr'>lide·</span> 
     </span>
     <span class='ocr_line' id='line_1_12' title="bbox 256 2063 1518 2152; baseline -0.005 -22"><span class='ocrx_word' id='word_1_86' title='bbox 256 2069 357 2151; x_wconf 87' lang='lat' dir='ltr'>digno</span> <span class='ocrx_word' id='word_1_87' title='bbox 388 2070 575 2132; x_wconf 91' lang='lat' dir='ltr'>testimonio</span> <span class='ocrx_word' id='word_1_88' title='bbox 607 2069 751 2152; x_wconf 89' lang='lat' dir='ltr'>judicum</span> <span class='ocrx_word' id='word_1_89' title='bbox 785 2083 816 2131; x_wconf 92' lang='lat' dir='ltr'>et</span> <span class='ocrx_word' id='word_1_90' title='bbox 847 2068 1095 2138; x_wconf 87' lang='lat' dir='ltr'>iusticiariorum</span> <span class='ocrx_word' id='word_1_91' title='bbox 1127 2067 1211 2129; x_wconf 91' lang='lat' dir='ltr'>sedis</span> <span class='ocrx_word' id='word_1_92' title='bbox 1239 2064 1410 2147; x_wconf 87' lang='lat' dir='ltr'>justiciarie</span> <span class='ocrx_word' id='word_1_93' title='bbox 1442 2063 1518 2126; x_wconf 88' lang='lat' dir='ltr'>ville</span> 
     </span>
     <span class='ocr_line' id='line_1_13' title="bbox 256 2169 1521 2258; baseline -0.006 -20"><span class='ocrx_word' id='word_1_94' title='bbox 256 2176 376 2238; x_wconf 87' lang='lat' dir='ltr'>Obress</span> <span class='ocrx_word' id='word_1_95' title='bbox 400 2191 523 2254; x_wconf 88' lang='lat' dir='ltr'>vocate,</span> <span class='ocrx_word' id='word_1_96' title='bbox 546 2176 610 2238; x_wconf 92' lang='lat' dir='ltr'>alio</span> <span class='ocrx_word' id='word_1_97' title='bbox 636 2177 768 2238; x_wconf 87' lang='lat' dir='ltr'>nomine</span> <span class='ocrx_word' id='word_1_98' title='bbox 796 2176 993 2258; x_wconf 86' lang='lat' dir='ltr'>Retkowczy</span> <span class='ocrx_word' id='word_1_99' title='bbox 1016 2187 1139 2252; x_wconf 87' lang='lat' dir='ltr'>vocate,</span> <span class='ocrx_word' id='word_1_100' title='bbox 1172 2171 1268 2234; x_wconf 90' lang='lat' dir='ltr'>hodie</span> <span class='ocrx_word' id='word_1_101' title='bbox 1293 2189 1401 2233; x_wconf 91' lang='lat' dir='ltr'>coram</span> <span class='ocrx_word' id='word_1_102' title='bbox 1426 2169 1521 2232; x_wconf 90' lang='lat' dir='ltr'>nobis</span> 
     </span>
     <span class='ocr_line' id='line_1_14' title="bbox 254 2276 1520 2365; baseline -0.005 -22"><span class='ocrx_word' id='word_1_103' title='bbox 254 2283 286 2344; x_wconf 92' lang='lat' dir='ltr'>in</span> <span class='ocrx_word' id='word_1_104' title='bbox 303 2281 425 2364; x_wconf 87' lang='lat' dir='ltr'>judicio</span> <span class='ocrx_word' id='word_1_105' title='bbox 438 2283 521 2344; x_wconf 88' lang='lat' dir='ltr'>clare</span> <span class='ocrx_word' id='word_1_106' title='bbox 539 2283 762 2365; x_wconf 86' lang='lat' dir='ltr'>comprobavit</span> <span class='ocrx_word' id='word_1_107' title='bbox 778 2301 886 2344; x_wconf 89' lang='lat' dir='ltr'>coram</span> <span class='ocrx_word' id='word_1_108' title='bbox 905 2281 1008 2358; x_wconf 90' lang='lat' dir='ltr'>nobis,</span> <span class='ocrx_word' id='word_1_109' title='bbox 1026 2294 1061 2342; x_wconf 93' lang='lat' dir='ltr'>ut</span> <span class='ocrx_word' id='word_1_110' title='bbox 1078 2280 1144 2362; x_wconf 87' lang='lat' dir='ltr'>ipsa</span> <span class='ocrx_word' id='word_1_111' title='bbox 1162 2279 1253 2340; x_wconf 87' lang='lat' dir='ltr'>sedes</span> <span class='ocrx_word' id='word_1_112' title='bbox 1271 2276 1437 2360; x_wconf 89' lang='lat' dir='ltr'>judiciaria</span> <span class='ocrx_word' id='word_1_113' title='bbox 1454 2289 1520 2338; x_wconf 89' lang='lat' dir='ltr'>tota</span> 
     </span>
     <span class='ocr_line' id='line_1_15' title="bbox 255 2380 1523 2472; baseline -0.006 -21"><span class='ocrx_word' id='word_1_114' title='bbox 255 2391 359 2472; x_wconf 93' lang='lat' dir='ltr'>ipsum</span> <span class='ocrx_word' id='word_1_115' title='bbox 384 2391 513 2451; x_wconf 91' lang='lat' dir='ltr'>Petrum</span> <span class='ocrx_word' id='word_1_116' title='bbox 540 2389 700 2472; x_wconf 86' lang='lat' dir='ltr'>lwetbycb</span> <span class='ocrx_word' id='word_1_117' title='bbox 725 2401 835 2451; x_wconf 91' lang='lat' dir='ltr'>contra</span> <span class='ocrx_word' id='word_1_118' title='bbox 861 2387 996 2450; x_wconf 87' lang='lat' dir='ltr'>Paulum</span> <span class='ocrx_word' id='word_1_119' title='bbox 1018 2385 1121 2448; x_wconf 90' lang='lat' dir='ltr'>filiurn</span> <span class='ocrx_word' id='word_1_120' title='bbox 1144 2385 1309 2448; x_wconf 86' lang='lat' dir='ltr'>Banschalr</span> <span class='ocrx_word' id='word_1_121' title='bbox 1334 2383 1374 2446; x_wconf 90' lang='lat' dir='ltr'>de</span> <span class='ocrx_word' id='word_1_122' title='bbox 1398 2380 1523 2460; x_wconf 90' lang='lat' dir='ltr'>eadem,</span> 
     </span>
     <span class='ocr_line' id='line_1_16' title="bbox 255 2487 1521 2577; baseline -0.005 -21"><span class='ocrx_word' id='word_1_123' title='bbox 255 2495 286 2556; x_wconf 91' lang='lat' dir='ltr'>in</span> <span class='ocrx_word' id='word_1_124' title='bbox 310 2495 402 2556; x_wconf 87' lang='lat' dir='ltr'>nullo</span> <span class='ocrx_word' id='word_1_125' title='bbox 426 2495 622 2577; x_wconf 87' lang='lat' dir='ltr'>culpabilem</span> <span class='ocrx_word' id='word_1_126' title='bbox 647 2495 805 2557; x_wconf 88' lang='lat' dir='ltr'>invenerit</span> <span class='ocrx_word' id='word_1_127' title='bbox 829 2495 862 2556; x_wconf 91' lang='lat' dir='ltr'>in</span> <span class='ocrx_word' id='word_1_128' title='bbox 891 2513 957 2575; x_wconf 93' lang='lat' dir='ltr'>quo</span> <span class='ocrx_word' id='word_1_129' title='bbox 982 2494 1087 2576; x_wconf 89' lang='lat' dir='ltr'>ipsum</span> <span class='ocrx_word' id='word_1_130' title='bbox 1120 2493 1187 2575; x_wconf 88' lang='lat' dir='ltr'>ipse</span> <span class='ocrx_word' id='word_1_131' title='bbox 1213 2490 1331 2554; x_wconf 89' lang='lat' dir='ltr'>Paulus</span> <span class='ocrx_word' id='word_1_132' title='bbox 1356 2487 1521 2551; x_wconf 88' lang='lat' dir='ltr'>Banschak</span> 
     </span>
     <span class='ocr_line' id='line_1_17' title="bbox 254 2595 1521 2685; baseline -0.006 -22"><span class='ocrx_word' id='word_1_133' title='bbox 254 2615 417 2684; x_wconf 88' lang='lat' dir='ltr'>tamquam</span> <span class='ocrx_word' id='word_1_134' title='bbox 442 2601 539 2684; x_wconf 80' lang='lat' dir='ltr'>judex</span> <span class='ocrx_word' id='word_1_135' title='bbox 563 2622 639 2664; x_wconf 91' lang='lat' dir='ltr'>suus</span> <span class='ocrx_word' id='word_1_136' title='bbox 663 2602 848 2685; x_wconf 87' lang='lat' dir='ltr'>inculpabat</span> <span class='ocrx_word' id='word_1_137' title='bbox 864 2601 1015 2663; x_wconf 83' lang='lat' dir='ltr'>videncet</span> <span class='ocrx_word' id='word_1_138' title='bbox 1040 2601 1072 2661; x_wconf 95' lang='lat' dir='ltr'>in</span> <span class='ocrx_word' id='word_1_139' title='bbox 1098 2599 1211 2680; x_wconf 84' lang='lat' dir='ltr'>viginti</span> <span class='ocrx_word' id='word_1_140' title='bbox 1236 2598 1380 2680; x_wconf 90' lang='lat' dir='ltr'>quinque</span> <span class='ocrx_word' id='word_1_141' title='bbox 1405 2595 1521 2658; x_wconf 89' lang='lat' dir='ltr'>marcis</span> 
     </span>
     <span class='ocr_line' id='line_1_18' title="bbox 254 2701 1521 2791; baseline -0.005 -21"><span class='ocrx_word' id='word_1_142' title='bbox 254 2708 472 2789; x_wconf 90' lang='lat' dir='ltr'>denariorum,</span> <span class='ocrx_word' id='word_1_143' title='bbox 496 2709 601 2791; x_wconf 91' lang='lat' dir='ltr'>ipsum</span> <span class='ocrx_word' id='word_1_144' title='bbox 626 2722 734 2770; x_wconf 93' lang='lat' dir='ltr'>autem</span> <span class='ocrx_word' id='word_1_145' title='bbox 760 2707 896 2769; x_wconf 84' lang='lat' dir='ltr'>Paulum</span> <span class='ocrx_word' id='word_1_146' title='bbox 921 2705 1087 2768; x_wconf 81' lang='lat' dir='ltr'>Eanscbak</span> <span class='ocrx_word' id='word_1_147' title='bbox 1120 2705 1152 2766; x_wconf 95' lang='lat' dir='ltr'>in</span> <span class='ocrx_word' id='word_1_148' title='bbox 1178 2703 1293 2767; x_wconf 88' lang='lat' dir='ltr'>eodem</span> <span class='ocrx_word' id='word_1_149' title='bbox 1325 2703 1464 2786; x_wconf 82' lang='lat' dir='ltr'>birsagio</span> <span class='ocrx_word' id='word_1_150' title='bbox 1488 2701 1521 2764; x_wconf 91' lang='lat' dir='ltr'>in</span> 
     </span>
     <span class='ocr_line' id='line_1_19' title="bbox 254 2809 1520 2898; baseline -0.003 -22"><span class='ocrx_word' id='word_1_151' title='bbox 254 2834 319 2897; x_wconf 93' lang='lat' dir='ltr'>quo</span> <span class='ocrx_word' id='word_1_152' title='bbox 343 2815 448 2898; x_wconf 89' lang='lat' dir='ltr'>ipsum</span> <span class='ocrx_word' id='word_1_153' title='bbox 472 2816 603 2877; x_wconf 90' lang='lat' dir='ltr'>Petrum</span> <span class='ocrx_word' id='word_1_154' title='bbox 628 2814 824 2896; x_wconf 88' lang='lat' dir='ltr'>culpabilem</span> <span class='ocrx_word' id='word_1_155' title='bbox 848 2815 1019 2892; x_wconf 87' lang='lat' dir='ltr'>asserebat,</span> <span class='ocrx_word' id='word_1_156' title='bbox 1037 2811 1233 2895; x_wconf 86' lang='lat' dir='ltr'>culpabilem</span> <span class='ocrx_word' id='word_1_157' title='bbox 1257 2809 1449 2892; x_wconf 90' lang='lat' dir='ltr'>judicialiter</span> <span class='ocrx_word' id='word_1_158' title='bbox 1467 2809 1520 2872; x_wconf 94' lang='lat' dir='ltr'>de·</span> 
     </span>
     <span class='ocr_line' id='line_1_20' title="bbox 254 2916 1522 3004; baseline -0.006 -20"><span class='ocrx_word' id='word_1_159' title='bbox 254 2936 430 3002; x_wconf 86' lang='lat' dir='ltr'>creverunt,</span> <span class='ocrx_word' id='word_1_160' title='bbox 454 2941 553 3004; x_wconf 92' lang='lat' dir='ltr'>quem</span> <span class='ocrx_word' id='word_1_161' title='bbox 578 2921 679 2984; x_wconf 88' lang='lat' dir='ltr'>eciam</span> <span class='ocrx_word' id='word_1_162' title='bbox 705 2920 842 2982; x_wconf 85' lang='lat' dir='ltr'>Paulum</span> <span class='ocrx_word' id='word_1_163' title='bbox 859 2919 962 2982; x_wconf 89' lang='lat' dir='ltr'>filium</span> <span class='ocrx_word' id='word_1_164' title='bbox 982 2917 1148 2981; x_wconf 83' lang='lat' dir='ltr'>Banschalt</span> <span class='ocrx_word' id='word_1_165' title='bbox 1173 2917 1307 3000; x_wconf 87' lang='lat' dir='ltr'>predicti</span> <span class='ocrx_word' id='word_1_166' title='bbox 1324 2917 1418 2998; x_wconf 87' lang='lat' dir='ltr'>jurati</span> <span class='ocrx_word' id='word_1_167' title='bbox 1437 2916 1522 2978; x_wconf 86' lang='lat' dir='ltr'>cives</span> 
     </span>
     <span class='ocr_line' id='line_1_21' title="bbox 253 3021 1521 3112; baseline -0.006 -20"><span class='ocrx_word' id='word_1_168' title='bbox 253 3029 390 3092; x_wconf 90' lang='lat' dir='ltr'>civitatis</span> <span class='ocrx_word' id='word_1_169' title='bbox 423 3028 566 3112; x_wconf 90' lang='lat' dir='ltr'>predicte</span> <span class='ocrx_word' id='word_1_170' title='bbox 601 3027 749 3090; x_wconf 90' lang='lat' dir='ltr'>moderni</span> <span class='ocrx_word' id='word_1_171' title='bbox 785 3027 818 3088; x_wconf 94' lang='lat' dir='ltr'>in</span> <span class='ocrx_word' id='word_1_172' title='bbox 850 3026 967 3088; x_wconf 86' lang='lat' dir='ltr'>eodem</span> <span class='ocrx_word' id='word_1_173' title='bbox 1003 3024 1143 3106; x_wconf 84' lang='lat' dir='ltr'>birsagio</span> <span class='ocrx_word' id='word_1_174' title='bbox 1174 3023 1325 3086; x_wconf 86' lang='lat' dir='ltr'>videlicet</span> <span class='ocrx_word' id='word_1_175' title='bbox 1367 3023 1398 3085; x_wconf 95' lang='lat' dir='ltr'>in</span> <span class='ocrx_word' id='word_1_176' title='bbox 1430 3021 1521 3085; x_wconf 86' lang='lat' dir='ltr'>XXV</span> 
     </span>
     <span class='ocr_line' id='line_1_22' title="bbox 253 3129 1521 3216; baseline -0.006 -18"><span class='ocrx_word' id='word_1_177' title='bbox 253 3136 368 3198; x_wconf 90' lang='lat' dir='ltr'>marcis</span> <span class='ocrx_word' id='word_1_178' title='bbox 392 3135 598 3198; x_wconf 88' lang='lat' dir='ltr'>denariorum</span> <span class='ocrx_word' id='word_1_179' title='bbox 624 3149 734 3196; x_wconf 93' lang='lat' dir='ltr'>contra</span> <span class='ocrx_word' id='word_1_180' title='bbox 766 3135 871 3216; x_wconf 91' lang='lat' dir='ltr'>ipsum</span> <span class='ocrx_word' id='word_1_181' title='bbox 899 3133 1029 3194; x_wconf 85' lang='lat' dir='ltr'>Petrum</span> <span class='ocrx_word' id='word_1_182' title='bbox 1064 3131 1257 3214; x_wconf 82' lang='lat' dir='ltr'>judicialiter</span> <span class='ocrx_word' id='word_1_183' title='bbox 1281 3129 1464 3192; x_wconf 91' lang='lat' dir='ltr'>convictum</span> <span class='ocrx_word' id='word_1_184' title='bbox 1490 3141 1521 3191; x_wconf 90' lang='lat' dir='ltr'>et</span> 
     </span>
     <span class='ocr_line' id='line_1_23' title="bbox 253 3237 1205 3326; baseline -0.005 -21"><span class='ocrx_word' id='word_1_185' title='bbox 253 3257 438 3326; x_wconf 85' lang='lat' dir='ltr'>agravatum</span> <span class='ocrx_word' id='word_1_186' title='bbox 463 3241 532 3304; x_wconf 84' lang='lat' dir='ltr'>lore</span> <span class='ocrx_word' id='word_1_187' title='bbox 556 3241 767 3303; x_wconf 86' lang='lat' dir='ltr'>decreverunt</span> <span class='ocrx_word' id='word_1_188' title='bbox 790 3239 877 3302; x_wconf 90' lang='lat' dir='ltr'>salva</span> <span class='ocrx_word' id='word_1_189' title='bbox 902 3238 1017 3321; x_wconf 85' lang='lat' dir='ltr'>judicis</span> <span class='ocrx_word' id='word_1_190' title='bbox 1040 3237 1205 3321; x_wconf 90' lang='lat' dir='ltr'>porcione.</span> 
     </span>
    </p>
   </div>
   <div class='ocr_carea' id='block_1_5' title="bbox 250 3359 1520 4088">
    <p class='ocr_par' dir='ltr' id='par_1_6' title="bbox 250 3359 1520 4088">
     <span class='ocr_line' id='line_1_24' title="bbox 359 3359 1520 3448; baseline -0.006 -19"><span class='ocrx_word' id='word_1_191' title='bbox 359 3368 438 3431; x_wconf 90' lang='lat' dir='ltr'>Item</span> <span class='ocrx_word' id='word_1_192' title='bbox 463 3366 557 3448; x_wconf 89' lang='lat' dir='ltr'>jurati</span> <span class='ocrx_word' id='word_1_193' title='bbox 582 3363 849 3446; x_wconf 89' lang='lat' dir='ltr'>adjudicaverunt</span> <span class='ocrx_word' id='word_1_194' title='bbox 865 3383 993 3426; x_wconf 86' lang='lat' dir='ltr'>causam</span> <span class='ocrx_word' id='word_1_195' title='bbox 1018 3362 1153 3446; x_wconf 90' lang='lat' dir='ltr'>Petrycb</span> <span class='ocrx_word' id='word_1_196' title='bbox 1178 3362 1340 3424; x_wconf 86' lang='lat' dir='ltr'>servitoris</span> <span class='ocrx_word' id='word_1_197' title='bbox 1365 3359 1520 3423; x_wconf 85' lang='lat' dir='ltr'>lobannis</span> 
     </span>
     <span class='ocr_line' id='line_1_25' title="bbox 251 3466 1520 3556; baseline -0.006 -20"><span class='ocrx_word' id='word_1_198' title='bbox 251 3475 367 3555; x_wconf 87' lang='lat' dir='ltr'>judicis</span> <span class='ocrx_word' id='word_1_199' title='bbox 392 3472 566 3556; x_wconf 87' lang='lat' dir='ltr'>Perowych</span> <span class='ocrx_word' id='word_1_200' title='bbox 592 3471 678 3550; x_wconf 90' lang='lat' dir='ltr'>dicti,</span> <span class='ocrx_word' id='word_1_201' title='bbox 703 3471 759 3534; x_wconf 90' lang='lat' dir='ltr'>tali</span> <span class='ocrx_word' id='word_1_202' title='bbox 792 3471 903 3550; x_wconf 91' lang='lat' dir='ltr'>mod0,</span> <span class='ocrx_word' id='word_1_203' title='bbox 935 3484 970 3533; x_wconf 94' lang='lat' dir='ltr'>ut</span> <span class='ocrx_word' id='word_1_204' title='bbox 993 3469 1178 3532; x_wconf 80' lang='lat' dir='ltr'>Anthoniua</span> <span class='ocrx_word' id='word_1_205' title='bbox 1209 3466 1298 3531; x_wconf 85' lang='lat' dir='ltr'>faber</span> <span class='ocrx_word' id='word_1_206' title='bbox 1322 3479 1520 3550; x_wconf 87' lang='lat' dir='ltr'>quartusmet</span> 
     </span>
     <span class='ocr_line' id='line_1_26' title="bbox 252 3574 1518 3657; baseline -0.008 -13"><span class='ocrx_word' id='word_1_207' title='bbox 252 3600 325 3644; x_wconf 84' lang='lat' dir='ltr'>curn</span> <span class='ocrx_word' id='word_1_208' title='bbox 350 3599 450 3642; x_wconf 84' lang='lat' dir='ltr'>uxore</span> <span class='ocrx_word' id='word_1_209' title='bbox 482 3578 632 3640; x_wconf 89' lang='lat' dir='ltr'>videlicet</span> <span class='ocrx_word' id='word_1_210' title='bbox 656 3590 687 3641; x_wconf 87' lang='lat' dir='ltr'>et</span> <span class='ocrx_word' id='word_1_211' title='bbox 718 3597 792 3639; x_wconf 90' lang='lat' dir='ltr'>cum</span> <span class='ocrx_word' id='word_1_212' title='bbox 824 3577 951 3638; x_wconf 90' lang='lat' dir='ltr'>duobus</span> <span class='ocrx_word' id='word_1_213' title='bbox 983 3575 1112 3638; x_wconf 81' lang='lat' dir='ltr'>famulis</span> <span class='ocrx_word' id='word_1_214' title='bbox 1143 3575 1219 3655; x_wconf 89' lang='lat' dir='ltr'>suis,</span> <span class='ocrx_word' id='word_1_215' title='bbox 1244 3574 1382 3657; x_wconf 90' lang='lat' dir='ltr'>quilibet</span> <span class='ocrx_word' id='word_1_216' title='bbox 1405 3591 1518 3636; x_wconf 87' lang='lat' dir='ltr'>eorum</span> 
     </span>
     <span class='ocr_line' id='line_1_27' title="bbox 252 3679 1519 3768; baseline -0.007 -18"><span class='ocrx_word' id='word_1_217' title='bbox 252 3687 322 3750; x_wconf 88' lang='lat' dir='ltr'>sola</span> <span class='ocrx_word' id='word_1_218' title='bbox 354 3688 467 3749; x_wconf 90' lang='lat' dir='ltr'>suain</span> <span class='ocrx_word' id='word_1_219' title='bbox 501 3704 649 3768; x_wconf 89' lang='lat' dir='ltr'>persona,</span> <span class='ocrx_word' id='word_1_220' title='bbox 681 3698 791 3746; x_wconf 90' lang='lat' dir='ltr'>contra</span> <span class='ocrx_word' id='word_1_221' title='bbox 814 3682 993 3766; x_wconf 89' lang='lat' dir='ltr'>predictum</span> <span class='ocrx_word' id='word_1_222' title='bbox 1027 3682 1162 3766; x_wconf 87' lang='lat' dir='ltr'>Petrycb</span> <span class='ocrx_word' id='word_1_223' title='bbox 1194 3694 1309 3744; x_wconf 89' lang='lat' dir='ltr'>octavo</span> <span class='ocrx_word' id='word_1_224' title='bbox 1341 3679 1392 3742; x_wconf 88' lang='lat' dir='ltr'>die</span> <span class='ocrx_word' id='word_1_225' title='bbox 1424 3698 1519 3763; x_wconf 90' lang='lat' dir='ltr'>super</span> 
     </span>
     <span class='ocr_line' id='line_1_28' title="bbox 251 3787 1518 3874; baseline -0.006 -18"><span class='ocrx_word' id='word_1_226' title='bbox 251 3813 338 3856; x_wconf 88' lang='lat' dir='ltr'>aram</span> <span class='ocrx_word' id='word_1_227' title='bbox 365 3793 468 3874; x_wconf 82' lang='lat' dir='ltr'>jurare</span> <span class='ocrx_word' id='word_1_228' title='bbox 492 3791 653 3853; x_wconf 89' lang='lat' dir='ltr'>tenebitur</span> <span class='ocrx_word' id='word_1_229' title='bbox 676 3809 772 3872; x_wconf 88' lang='lat' dir='ltr'>super</span> <span class='ocrx_word' id='word_1_230' title='bbox 802 3808 852 3869; x_wconf 93' lang='lat' dir='ltr'>eo,</span> <span class='ocrx_word' id='word_1_231' title='bbox 881 3804 915 3851; x_wconf 92' lang='lat' dir='ltr'>ut</span> <span class='ocrx_word' id='word_1_232' title='bbox 946 3789 1055 3851; x_wconf 90' lang='lat' dir='ltr'>nullus</span> <span class='ocrx_word' id='word_1_233' title='bbox 1079 3809 1117 3850; x_wconf 87' lang='lat' dir='ltr'>ex</span> <span class='ocrx_word' id='word_1_234' title='bbox 1142 3788 1219 3872; x_wconf 90' lang='lat' dir='ltr'>ipsis</span> <span class='ocrx_word' id='word_1_235' title='bbox 1243 3787 1414 3849; x_wconf 88' lang='lat' dir='ltr'>biccellum</span> <span class='ocrx_word' id='word_1_236' title='bbox 1447 3806 1518 3870; x_wconf 91' lang='lat' dir='ltr'>pre·</span> 
     </span>
     <span class='ocr_line' id='line_1_29' title="bbox 250 3893 1519 3982; baseline -0.007 -19"><span class='ocrx_word' id='word_1_237' title='bbox 250 3901 328 3963; x_wconf 89' lang='lat' dir='ltr'>dicti</span> <span class='ocrx_word' id='word_1_238' title='bbox 362 3900 495 3982; x_wconf 91' lang='lat' dir='ltr'>Petrycz</span> <span class='ocrx_word' id='word_1_239' title='bbox 530 3896 686 3959; x_wconf 85' lang='lat' dir='ltr'>subtraxit</span> <span class='ocrx_word' id='word_1_240' title='bbox 718 3915 776 3958; x_wconf 88' lang='lat' dir='ltr'>nec</span> <span class='ocrx_word' id='word_1_241' title='bbox 808 3895 840 3956; x_wconf 92' lang='lat' dir='ltr'>in</span> <span class='ocrx_word' id='word_1_242' title='bbox 873 3893 958 3958; x_wconf 84' lang='lat' dir='ltr'>furtu</span> <span class='ocrx_word' id='word_1_243' title='bbox 988 3895 1132 3958; x_wconf 88' lang='lat' dir='ltr'>eiusdem</span> <span class='ocrx_word' id='word_1_244' title='bbox 1164 3893 1291 3956; x_wconf 86' lang='lat' dir='ltr'>biccelli</span> <span class='ocrx_word' id='word_1_245' title='bbox 1324 3907 1371 3956; x_wconf 90' lang='lat' dir='ltr'>est</span> <span class='ocrx_word' id='word_1_246' title='bbox 1402 3893 1519 3976; x_wconf 87' lang='lat' dir='ltr'>aliquis</span> 
     </span>
     <span class='ocr_line' id='line_1_30' title="bbox 250 4003 569 4088; baseline -0.016 -19"><span class='ocrx_word' id='word_1_247' title='bbox 250 4026 365 4069; x_wconf 89' lang='lat' dir='ltr'>eorum</span> <span class='ocrx_word' id='word_1_248' title='bbox 389 4003 569 4088; x_wconf 92' lang='lat' dir='ltr'>culpabilis.</span> 
     </span>
    </p>
   </div>
   <div class='ocr_carea' id='block_1_6' title="bbox 250 4125 1518 4960">
    <p class='ocr_par' dir='ltr' id='par_1_7' title="bbox 250 4125 1518 4960">
     <span class='ocr_line' id='line_1_31' title="bbox 357 4125 1517 4210; baseline -0.003 -18"><span class='ocrx_word' id='word_1_249' title='bbox 357 4129 436 4192; x_wconf 88' lang='lat' dir='ltr'>ltem</span> <span class='ocrx_word' id='word_1_250' title='bbox 461 4129 563 4191; x_wconf 88' lang='lat' dir='ltr'>Elena</span> <span class='ocrx_word' id='word_1_251' title='bbox 586 4127 696 4189; x_wconf 89' lang='lat' dir='ltr'>relicta</span> <span class='ocrx_word' id='word_1_252' title='bbox 720 4127 859 4189; x_wconf 88' lang='lat' dir='ltr'>condam</span> <span class='ocrx_word' id='word_1_253' title='bbox 884 4125 1014 4210; x_wconf 85' lang='lat' dir='ltr'>Mathye</span> <span class='ocrx_word' id='word_1_254' title='bbox 1046 4127 1176 4189; x_wconf 88' lang='lat' dir='ltr'>textoris</span> <span class='ocrx_word' id='word_1_255' title='bbox 1199 4126 1298 4190; x_wconf 84' lang='lat' dir='ltr'>veluti</span> <span class='ocrx_word' id='word_1_256' title='bbox 1323 4145 1409 4188; x_wconf 91' lang='lat' dir='ltr'>nunc</span> <span class='ocrx_word' id='word_1_257' title='bbox 1442 4145 1517 4188; x_wconf 92' lang='lat' dir='ltr'>con-</span> 
     </span>
     <span class='ocr_line' id='line_1_32' title="bbox 250 4233 1517 4318; baseline -0.003 -18"><span class='ocrx_word' id='word_1_258' title='bbox 250 4259 319 4300; x_wconf 90' lang='lat' dir='ltr'>sors</span> <span class='ocrx_word' id='word_1_259' title='bbox 342 4236 502 4318; x_wconf 85' lang='lat' dir='ltr'>legittima</span> <span class='ocrx_word' id='word_1_260' title='bbox 526 4235 695 4297; x_wconf 90' lang='lat' dir='ltr'>Laurencii</span> <span class='ocrx_word' id='word_1_261' title='bbox 720 4253 841 4316; x_wconf 88' lang='lat' dir='ltr'>sporar,</span> <span class='ocrx_word' id='word_1_262' title='bbox 865 4233 970 4315; x_wconf 85' lang='lat' dir='ltr'>jurare</span> <span class='ocrx_word' id='word_1_263' title='bbox 986 4233 1146 4296; x_wconf 90' lang='lat' dir='ltr'>tenebitur</span> <span class='ocrx_word' id='word_1_264' title='bbox 1171 4253 1266 4315; x_wconf 89' lang='lat' dir='ltr'>super</span> <span class='ocrx_word' id='word_1_265' title='bbox 1290 4253 1379 4296; x_wconf 87' lang='lat' dir='ltr'>aram</span> <span class='ocrx_word' id='word_1_266' title='bbox 1402 4246 1517 4296; x_wconf 89' lang='lat' dir='ltr'>octavo</span> 
     </span>
     <span class='ocr_line' id='line_1_33' title="bbox 251 4338 1518 4423; baseline -0.003 -17"><span class='ocrx_word' id='word_1_267' title='bbox 251 4345 304 4406; x_wconf 89' lang='lat' dir='ltr'>die</span> <span class='ocrx_word' id='word_1_268' title='bbox 328 4356 440 4406; x_wconf 89' lang='lat' dir='ltr'>contra</span> <span class='ocrx_word' id='word_1_269' title='bbox 473 4341 647 4404; x_wconf 89' lang='lat' dir='ltr'>Martinum</span> <span class='ocrx_word' id='word_1_270' title='bbox 680 4339 820 4422; x_wconf 87' lang='lat' dir='ltr'>judicem</span> <span class='ocrx_word' id='word_1_271' title='bbox 854 4354 885 4402; x_wconf 92' lang='lat' dir='ltr'>et</span> <span class='ocrx_word' id='word_1_272' title='bbox 916 4359 1033 4422; x_wconf 88' lang='lat' dir='ltr'>pueros</span> <span class='ocrx_word' id='word_1_273' title='bbox 1055 4338 1160 4402; x_wconf 86' lang='lat' dir='ltr'>fratris</span> <span class='ocrx_word' id='word_1_274' title='bbox 1190 4340 1239 4402; x_wconf 93' lang='lat' dir='ltr'>sui</span> <span class='ocrx_word' id='word_1_275' title='bbox 1263 4340 1398 4402; x_wconf 87' lang='lat' dir='ltr'>Fabiani</span> <span class='ocrx_word' id='word_1_276' title='bbox 1423 4359 1518 4423; x_wconf 87' lang='lat' dir='ltr'>super</span> 
     </span>
     <span class='ocr_line' id='line_1_34' title="bbox 251 4446 1517 4534; baseline -0.003 -22"><span class='ocrx_word' id='word_1_277' title='bbox 251 4472 302 4529; x_wconf 88' lang='lat' dir='ltr'>eo,</span> <span class='ocrx_word' id='word_1_278' title='bbox 327 4465 361 4512; x_wconf 94' lang='lat' dir='ltr'>ut</span> <span class='ocrx_word' id='word_1_279' title='bbox 385 4447 527 4534; x_wconf 84' lang='lat' dir='ltr'>prefatus</span> <span class='ocrx_word' id='word_1_280' title='bbox 551 4461 653 4510; x_wconf 84' lang='lat' dir='ltr'>textor</span> <span class='ocrx_word' id='word_1_281' title='bbox 671 4446 817 4530; x_wconf 85' lang='lat' dir='ltr'>Mathyas</span> <span class='ocrx_word' id='word_1_282' title='bbox 837 4447 920 4510; x_wconf 89' lang='lat' dir='ltr'>ultra</span> <span class='ocrx_word' id='word_1_283' title='bbox 945 4446 1074 4508; x_wconf 83' lang='lat' dir='ltr'>LXXlll</span> <span class='ocrx_word' id='word_1_284' title='bbox 1091 4447 1242 4526; x_wconf 89' lang='lat' dir='ltr'>florenos,</span> <span class='ocrx_word' id='word_1_285' title='bbox 1267 4467 1348 4529; x_wconf 92' lang='lat' dir='ltr'>quos</span> <span class='ocrx_word' id='word_1_286' title='bbox 1371 4446 1517 4529; x_wconf 81' lang='lat' dir='ltr'>sibiipsa</span> 
     </span>
     <span class='ocr_line' id='line_1_35' title="bbox 252 4551 1517 4638; baseline -0.004 -19"><span class='ocrx_word' id='word_1_287' title='bbox 252 4557 413 4619; x_wconf 87' lang='lat' dir='ltr'>Fabianus</span> <span class='ocrx_word' id='word_1_288' title='bbox 438 4556 608 4618; x_wconf 86' lang='lat' dir='ltr'>tenebatur</span> <span class='ocrx_word' id='word_1_289' title='bbox 632 4569 751 4616; x_wconf 90' lang='lat' dir='ltr'>etcum</span> <span class='ocrx_word' id='word_1_290' title='bbox 768 4555 864 4615; x_wconf 90' lang='lat' dir='ltr'>rebus</span> <span class='ocrx_word' id='word_1_291' title='bbox 887 4573 943 4617; x_wconf 89' lang='lat' dir='ltr'>seu</span> <span class='ocrx_word' id='word_1_292' title='bbox 963 4554 1108 4636; x_wconf 90' lang='lat' dir='ltr'>pecuniis</span> <span class='ocrx_word' id='word_1_293' title='bbox 1125 4567 1156 4617; x_wconf 92' lang='lat' dir='ltr'>et</span> <span class='ocrx_word' id='word_1_294' title='bbox 1179 4554 1436 4638; x_wconf 87' lang='lat' dir='ltr'>possessionibus</span> <span class='ocrx_word' id='word_1_295' title='bbox 1451 4551 1517 4614; x_wconf 88' lang='lat' dir='ltr'>suis</span> 
     </span>
     <span class='ocr_line' id='line_1_36' title="bbox 251 4660 1516 4746; baseline -0.004 -21"><span class='ocrx_word' id='word_1_296' title='bbox 251 4663 416 4746; x_wconf 90' lang='lat' dir='ltr'>persolvit,</span> <span class='ocrx_word' id='word_1_297' title='bbox 442 4662 474 4723; x_wconf 93' lang='lat' dir='ltr'>in</span> <span class='ocrx_word' id='word_1_298' title='bbox 498 4661 588 4722; x_wconf 90' lang='lat' dir='ltr'>nulla</span> <span class='ocrx_word' id='word_1_299' title='bbox 611 4661 822 4743; x_wconf 89' lang='lat' dir='ltr'>pecuniarum</span> <span class='ocrx_word' id='word_1_300' title='bbox 854 4660 1032 4742; x_wconf 86' lang='lat' dir='ltr'>quantitate</span> <span class='ocrx_word' id='word_1_301' title='bbox 1057 4661 1183 4722; x_wconf 90' lang='lat' dir='ltr'>debitor</span> <span class='ocrx_word' id='word_1_302' title='bbox 1215 4660 1275 4742; x_wconf 91' lang='lat' dir='ltr'>ipsi</span> <span class='ocrx_word' id='word_1_303' title='bbox 1300 4660 1445 4722; x_wconf 90' lang='lat' dir='ltr'>Fabiano</span> <span class='ocrx_word' id='word_1_304' title='bbox 1468 4678 1516 4720; x_wconf 91' lang='lat' dir='ltr'>re-</span> 
     </span>
     <span class='ocr_line' id='line_1_37' title="bbox 253 4767 1515 4851; baseline -0.002 -20"><span class='ocrx_word' id='word_1_305' title='bbox 253 4770 376 4850; x_wconf 90' lang='lat' dir='ltr'>mansit,</span> <span class='ocrx_word' id='word_1_306' title='bbox 400 4768 457 4830; x_wconf 90' lang='lat' dir='ltr'>sed</span> <span class='ocrx_word' id='word_1_307' title='bbox 482 4769 515 4830; x_wconf 96' lang='lat' dir='ltr'>in</span> <span class='ocrx_word' id='word_1_308' title='bbox 539 4767 631 4830; x_wconf 91' lang='lat' dir='ltr'>totali</span> <span class='ocrx_word' id='word_1_309' title='bbox 649 4768 780 4829; x_wconf 87' lang='lat' dir='ltr'>accione</span> <span class='ocrx_word' id='word_1_310' title='bbox 806 4769 905 4851; x_wconf 90' lang='lat' dir='ltr'>ipsius</span> <span class='ocrx_word' id='word_1_311' title='bbox 929 4767 1058 4828; x_wconf 89' lang='lat' dir='ltr'>Martini</span> <span class='ocrx_word' id='word_1_312' title='bbox 1076 4767 1190 4848; x_wconf 82' lang='lat' dir='ltr'>judicis</span> <span class='ocrx_word' id='word_1_313' title='bbox 1206 4781 1237 4828; x_wconf 95' lang='lat' dir='ltr'>et</span> <span class='ocrx_word' id='word_1_314' title='bbox 1261 4767 1420 4830; x_wconf 86' lang='lat' dir='ltr'>dictorum</span> <span class='ocrx_word' id='word_1_315' title='bbox 1438 4787 1515 4850; x_wconf 89' lang='lat' dir='ltr'>pue-</span> 
     </span>
     <span class='ocr_line' id='line_1_38' title="bbox 253 4873 1291 4960; baseline -0.001 -23"><span class='ocrx_word' id='word_1_316' title='bbox 253 4895 359 4938; x_wconf 91' lang='lat' dir='ltr'>rorum</span> <span class='ocrx_word' id='word_1_317' title='bbox 383 4873 500 4960; x_wconf 82' lang='lat' dir='ltr'>prefati</span> <span class='ocrx_word' id='word_1_318' title='bbox 525 4874 658 4936; x_wconf 88' lang='lat' dir='ltr'>Fabiani</span> <span class='ocrx_word' id='word_1_319' title='bbox 685 4875 840 4936; x_wconf 88' lang='lat' dir='ltr'>innocens</span> <span class='ocrx_word' id='word_1_320' title='bbox 863 4875 902 4936; x_wconf 93' lang='lat' dir='ltr'>sit</span> <span class='ocrx_word' id='word_1_321' title='bbox 926 4874 1053 4956; x_wconf 89' lang='lat' dir='ltr'>penitus</span> <span class='ocrx_word' id='word_1_322' title='bbox 1077 4889 1108 4936; x_wconf 89' lang='lat' dir='ltr'>et</span> <span class='ocrx_word' id='word_1_323' title='bbox 1132 4874 1291 4936; x_wconf 78' lang='lat' dir='ltr'>innoxius.</span> 
     </span>
    </p>
   </div>
   <div class='ocr_carea' id='block_1_7' title="bbox 356 4997 1514 5080">
    <p class='ocr_par' dir='ltr' id='par_1_8' title="bbox 356 4997 1514 5080">
     <span class='ocr_line' id='line_1_39' title="bbox 356 4997 1514 5080; baseline 0.001 -19"><span class='ocrx_word' id='word_1_324' title='bbox 356 5001 434 5064; x_wconf 89' lang='lat' dir='ltr'>ltem</span> <span class='ocrx_word' id='word_1_325' title='bbox 468 4999 600 5061; x_wconf 91' lang='lat' dir='ltr'>domina</span> <span class='ocrx_word' id='word_1_326' title='bbox 634 4998 733 5060; x_wconf 88' lang='lat' dir='ltr'>Elena</span> <span class='ocrx_word' id='word_1_327' title='bbox 766 5017 845 5060; x_wconf 83' lang='lat' dir='ltr'>uxor</span> <span class='ocrx_word' id='word_1_328' title='bbox 876 4998 1032 5080; x_wconf 85' lang='lat' dir='ltr'>legittima</span> <span class='ocrx_word' id='word_1_329' title='bbox 1066 4997 1221 5060; x_wconf 88' lang='lat' dir='ltr'>lobannis</span> <span class='ocrx_word' id='word_1_330' title='bbox 1254 4998 1407 5061; x_wconf 90' lang='lat' dir='ltr'>institoris</span> <span class='ocrx_word' id='word_1_331' title='bbox 1438 4997 1514 5062; x_wconf 92' lang='lat' dir='ltr'>dicti</span> 
     </span>
    </p>
   </div>
   <div class='ocr_carea' id='block_1_8' title="bbox 0 0 1914 5786">
    <p class='ocr_par' dir='ltr' id='par_1_9' title="bbox 0 0 1914 5786">
     <span class='ocr_line' id='line_1_40' title="bbox 0 0 1914 5786; baseline 0 2"><span class='ocrx_word' id='word_1_332' title='bbox 0 0 1914 5786; x_wconf 95' lang='lat' dir='ltr'> </span> 
     </span>
    </p>
   </div>
  </div>
 </body>
</html>
