3644 5788
574 551 663 610 Anno
686 546 777 628 1458.
803 585 844 594 —
867 546 920 610 28.
938 551 1021 627 julii.
1378 570 1436 632 ¹57

171 777 275 826 notate
309 765 350 824 ab
382 765 516 845 antiquo
551 766 760 846 approbatam
803 763 1111 844 quomodocumque
1144 763 1284 824 voluerit
1329 763 1435 846 dispo·

171 869 321 932 nendam.

274 975 354 1038 Item
381 977 457 1058 quia
482 977 635 1039 Nicolaus
659 989 748 1038 sutor
765 975 849 1038 filius
875 976 970 1054 Petri,
995 975 1137 1038 concivis
1161 987 1279 1054 noster,
1305 975 1337 1036 id
1363 993 1436 1036 cum

170 1081 341 1144 sullicienti
378 1097 409 1144 et
444 1082 608 1165 fidedigno
641 1099 825 1144 nostrorum
862 1082 1044 1144 concivium
1077 1079 1263 1142 testimonio
1298 1081 1329 1142 in
1361 1081 1436 1142 sede

171 1205 275 1250 nostra
301 1189 468 1270 judiciaria
493 1190 576 1251 clare
607 1190 831 1272 comprobavit
862 1207 969 1250 coram
997 1188 1102 1266 nobis,
1134 1200 1169 1248 ut
1193 1185 1270 1248 dum
1297 1187 1434 1249 Barbara

171 1295 257 1377 olym
282 1315 416 1357 consors
440 1315 496 1358 sua
520 1296 678 1378 legittima
711 1297 743 1356 in
776 1295 925 1356 extremis
950 1296 1014 1356 vite
1038 1313 1093 1355 sue
1126 1295 1313 1376 temporalis
1345 1294 1434 1356 labo-

171 1417 278 1482 rasset,
301 1417 379 1465 tunc
406 1403 472 1486 ipsa
497 1423 610 1465 omnes
634 1417 665 1465 et
689 1403 851 1484 quaslibet
874 1402 1094 1484 possessiones
1117 1421 1190 1462 suas
1213 1415 1277 1462 tarn
1303 1401 1334 1462 in
1360 1401 1435 1462 civi·

172 1523 230 1571 tate
257 1508 380 1592 prelata
405 1529 502 1591 quarn
527 1509 629 1570 eciam
653 1509 791 1570 exterius
816 1509 847 1569 in
872 1509 1032 1569 territorio
1050 1507 1193 1568 eiusdem
1221 1507 1356 1569 civitatis
1381 1507 1436 1568 ha-

173 1616 250 1678 bitas
276 1629 308 1677 et
324 1616 505 1694 existentes,
523 1617 622 1697 ipsam
641 1615 759 1676 scilicet
778 1615 949 1676 Barbaram
968 1627 1118 1696 protunc
1145 1629 1327 1675 consortem
1344 1634 1435 1676 suam

173 1721 362 1804 legittimam
389 1721 523 1802 juridice
541 1736 571 1783 et
587 1721 761 1783 literatorie
784 1733 1022 1796 concernentes,
1049 1739 1121 1780 cum
1138 1720 1291 1780 omnibus
1308 1739 1432 1781 earum-

173 1829 241 1890 dem
254 1828 494 1909 possessionum
505 1841 535 1890 et
548 1829 738 1909 porcionum
753 1827 1074 1908 possessionariarum
1090 1827 1289 1904 utilitatibus,
1300 1826 1433 1906 juribus,

173 1935 281 1996 usibus
306 1948 337 1996 et
361 1934 566 2016 pertinenciis
582 1934 739 1995 universis
756 1932 880 2015 prefato
909 1933 1044 1994 Nicolao
1069 1947 1220 2015 protunc
1245 1935 1360 1995 marito
1376 1953 1435 1994 suo

172 2039 330 2121 legittimo
355 2039 524 2121 legavissct
547 2039 616 2120 jure
646 2055 802 2122 perpetuo
826 2053 857 2101 et
890 2039 1141 2101 irrevocabiliter
1166 2039 1376 2120 possidendas
1400 2058 1435 2100 ac

173 2145 257 2227 juxta
274 2147 501 2208 condicionem
516 2145 652 2207 civitatis
669 2159 836 2228 prenotate
850 2146 1160 2228 quomodocumque
1174 2145 1311 2206 voluerit
1328 2146 1435 2228 dispo·

174 2254 313 2332 nendas,
348 2254 488 2335 ideoque
530 2252 589 2315 no's
619 2253 778 2336 predictas
811 2273 924 2315 omnes
956 2254 1173 2336 possessiones
1205 2267 1235 2314 et
1267 2253 1436 2334 porciones

172 2359 437 2440 possessionarias
461 2360 559 2422 modo
584 2360 740 2442 premisso
764 2357 960 2441 specificatae
977 2358 1082 2420 eidem
1102 2358 1236 2419 Nicolao
1262 2359 1362 2420 sutori
1387 2357 1434 2440 (ac

173 2485 324 2547 pereum
349 2467 415 2528 suis
439 2465 621 2547 heredibus)
645 2468 814 2528 statuimus
839 2479 870 2528 et
896 2464 1156 2527 confirmavimus
1187 2463 1254 2545 jure
1279 2480 1435 2548 perpetuo

172 2573 381 2654 possidendas
404 2573 490 2654 juxta
515 2573 692 2656 predictam
717 2573 942 2634 condicionem
968 2571 1103 2633 civitatis
1126 2585 1302 2654 prenotate.

277 2680 354 2742 Item
380 2681 519 2742 lacobus
550 2691 639 2740 sutor
663 2681 768 2762 primo
802 2681 915 2741 citatus
944 2691 1053 2740 contra
1085 2676 1272 2739 Conradum
1306 2679 1436 2740 Rawsar

173 2807 235 2849 non
262 2788 451 2870 comparuit.

276 2893 353 2954 ltem
380 2893 516 2954 Matthias
549 2892 763 2954 Skrobothicb
796 2904 905 2953 contra
940 2891 1128 2970 magistrum
1163 2893 1332 2954 Nicolaum
1365 2893 1435 2953 lite-

172 3013 272 3060 ratum
296 3001 402 3081 primo
427 3001 541 3060 citatus
567 3019 631 3060 non
662 2999 851 3080 comparuit.

276 3105 354 3167 ltem
382 3106 526 3166 Marinus
557 3104 653 3185 judex
686 3103 770 3166 lilius
796 3104 907 3165 Klario
941 3104 980 3165 de
1006 3103 1121 3186 Segnia
1155 3119 1264 3166 contra
1290 3105 1433 3166 Marcum

174 3210 385 3292 Sydowcbich
403 3213 525 3274 dictum
550 3213 679 3274 racione
696 3212 834 3272 duorum
858 3211 927 3273 flor.
945 3210 1159 3291 juramentum
1185 3225 1281 3293 prout
1299 3211 1436 3272 debebat

175 3337 237 3379 non
264 3319 422 3401 deposuit,
447 3334 477 3380 et
494 3319 569 3380 ideo
593 3317 735 3400 prefatus
753 3317 879 3378 Marcus
896 3317 1027 3379 eosdem
1052 3317 1134 3378 duos
1158 3317 1227 3380 flor.
1252 3317 1435 3400 persolvere

174 3443 236 3484 non
262 3425 391 3487 habebit
415 3445 521 3506 neque
545 3425 716 3487 tenebitur.

277 3531 353 3593 ltem
378 3532 453 3612 quia
479 3531 655 3614 Elyzabeth
679 3531 787 3592 relicta
818 3529 955 3590 Emerici
981 3527 1150 3611 ireniparis
1174 3530 1263 3612 olym
1289 3529 1434 3590 concivis

173 3637 281 3714 nostri,
314 3638 412 3719 prius,
448 3657 533 3698 nunc
566 3657 697 3698 consors
734 3636 890 3717 legittima
926 3635 1080 3696 Demetrii
1114 3635 1261 3697 similiter
1293 3636 1435 3697 concivis

172 3743 281 3819 nostri,
304 3744 343 3804 ad
367 3759 508 3804 nostram
534 3743 744 3826 personaliter
773 3742 907 3803 veniens
931 3741 1128 3824 presenciam
1155 3741 1248 3802 nobis
1271 3761 1310 3802 eo
1335 3741 1433 3802 modo

171 3847 344 3929 significare
370 3851 493 3911 curavit
517 3849 689 3931 querulose
714 3863 744 3911 et
770 3847 1030 3924 lamentabiliter,
1052 3861 1082 3908 et
1106 3847 1253 3908 similiter
1278 3847 1431 3908 Clemens

170 3952 262 4016 faber
284 3957 404 4037 pridem
424 3954 555 4036 juratus,
580 3955 786 4036 concivisque
812 3971 930 4032 noster,
956 3969 1105 4016 executor
1122 3953 1226 4014 ultimi
1251 3953 1432 4015 testamenti

171 4061 307 4122 verbalis
342 4061 457 4144 prefati
495 4061 633 4122 Emerici
671 4059 848 4142 ireniparis,
883 4076 916 4122 ut
948 4081 1011 4122 una
1043 4060 1132 4122 litera
1165 4060 1263 4141 ipsius
1296 4060 1431 4120 condam

173 4166 308 4228 Emerici
334 4167 514 4250 lreniparis,
532 4167 753 4249 privilegialis,
778 4187 836 4250 pro
853 4182 942 4250 parte
967 4167 1015 4227 sui
1040 4187 1135 4248 super
1151 4166 1296 4248 quodom
1315 4165 1434 4248 (b)ort0

171 4274 203 4335 in
228 4276 386 4338 territorio
411 4275 547 4336 civitatis
571 4274 713 4356 predicte
739 4275 820 4335 inter
837 4274 990 4356 (h)ortum
1009 4273 1157 4354 Gregorii
1184 4273 1340 4334 Bdwdich
1358 4293 1433 4334 con-

171 4381 251 4442 civis
276 4383 368 4444 nostri
395 4401 412 4443 a
437 4395 526 4464 parte
550 4381 814 4464 septemtrionali,
840 4401 856 4442 a
890 4393 978 4462 parte
1003 4393 1109 4440 autem
1136 4378 1327 4440 occidentali
1353 4379 1432 4439 libe·

170 4506 281 4549 rorum
303 4507 356 4550 seu
380 4507 600 4550 successorum
624 4487 761 4550 condam
780 4488 972 4549 Zthalroricb
998 4508 1033 4549 ac
1060 4489 1141 4547 inter
1158 4485 1237 4546 duas
1261 4486 1328 4545 vias
1346 4505 1432 4545 com-

171 4611 287 4654 munes
318 4613 415 4656 unam
447 4597 486 4656 ab
511 4595 633 4656 oriente
667 4607 698 4656 et
729 4595 825 4655 aliam
859 4615 876 4655 a
909 4594 1088 4656 meridione
1121 4592 1274 4668 habitam,
1310 4591 1432 4652 dudum

170 4698 314 4763 confecta
337 4716 367 4764 et
392 4717 551 4780 emanata,
576 4701 744 4763 casualiter
768 4703 807 4762 ab
833 4721 871 4762 eo
889 4700 1054 4781 deperdita
1080 4713 1109 4760 ct
1133 4699 1248 4759 amissa
1273 4697 1383 4760 luisset
1402 4713 1432 4757 et

170 4806 338 4886 extitisset3
362 4823 393 4870 et
417 4810 493 4890 quia
524 4810 638 4871 eadem
663 4809 753 4869 litera
787 4809 885 4889 ipsius
918 4807 1055 4868 condam
1090 4805 1225 4866 Emerici
1252 4803 1431 4886 ireniparis,

169 4913 376 4998 privilegialis
399 4935 495 4998 super
519 4915 634 4978 eodem
659 4915 788 4998 (b)orto,
811 4935 878 4991 sua,
904 4913 1026 4974 dudum
1059 4909 1203 4972 confecta
1228 4924 1259 4972 et
1284 4924 1430 4973 emanata

170 5041 229 5104 pro
257 5035 340 5102 parte
365 5022 413 5084 sui
438 5035 472 5084 ut
489 5020 656 5104 prefertur,
679 5021 718 5083 ad
744 5021 862 5082 trinam
890 5018 1048 5080 forensem
1075 5033 1105 5078 et
1128 5017 1289 5098 publicam
1309 5017 1431 5098 procla·
