3644 5788
537 563 737 644 Anno145d'.
763 599 807 611 -
823 581 878 645 31.
903 569 1045 630 ianuarii.
1371 589 1428 650 ¹43

161 778 262 840 civem
289 781 476 861 perpetrati,
501 799 615 861 penam
642 780 674 840 in
699 779 838 862 presenti
863 781 996 841 lraterno
1020 793 1166 862 tempore
1191 782 1322 844 secundi
1348 781 1429 862 judi-

161 899 246 946 catus
273 885 437 948 Valentini
462 885 577 966 judicis
601 886 814 969 conscriptam
839 886 905 968 pati
930 886 1112 964 debuisset;
1135 902 1242 950 tamen
1268 891 1345 970 quia
1369 910 1427 972 pro

160 990 273 1052 eodem
308 992 477 1054 Anthonio
509 1012 663 1074 arcupare
695 1011 751 1074 per
783 993 902 1075 probos
933 993 1020 1054 viros
1059 993 1209 1055 videlicet
1241 993 1429 1058 Conradum

161 1098 291 1160 Rawsar
315 1097 456 1178 judicem
482 1112 512 1160 et
536 1119 592 1181 per
617 1097 810 1161 Michaelem
829 1097 1010 1180 pellificem,
1036 1098 1186 1180 juratum,
1211 1099 1271 1183 ipsi
1297 1101 1427 1184 Mathye

159 1203 262 1284 jurato
288 1205 392 1266 estin
417 1225 456 1267 eo
480 1205 709 1288 supplicatum,
734 1219 768 1266 ut
801 1205 866 1287 ipse
893 1204 1040 1287 Mathyas
1065 1205 1186 1287 juratus
1212 1206 1313 1288 ipsam
1338 1207 1427 1268 diffa-

161 1311 342 1380 macionem
367 1331 459 1374 suam
484 1311 654 1374 relaxasset
679 1325 710 1374 et
731 1312 936 1394 pepercisset,
961 1311 1034 1373 ideo
1053 1312 1118 1394 ipse
1144 1311 1291 1396 Mathyns
1307 1313 1429 1394 juratus

160 1417 218 1499 ipsi
244 1417 414 1480 Anthonio
439 1418 584 1501 arcupari
608 1418 714 1480 taliter
740 1419 883 1500 pepercit
907 1433 938 1480 et
961 1418 1123 1497 relaxavit,
1150 1431 1183 1481 ut
1208 1420 1275 1501 ipse
1303 1419 1427 1482 Antho-

161 1525 230 1586 nius
254 1544 391 1607 arcupar
415 1525 447 1586 in
473 1526 640 1586 laternum
673 1537 817 1588 nostrum
850 1538 1031 1606 presentem
1061 1526 1216 1606 proscribi
1241 1525 1345 1586 taliter
1370 1526 1423 1586 de·

161 1631 291 1709 buisset,
316 1645 352 1692 ut
375 1632 400 1692 si
426 1631 466 1692 de
491 1643 597 1693 cetero
628 1651 724 1714 super
756 1631 860 1713 ipsum
893 1631 1058 1713 Mathyam
1084 1631 1196 1693 eadem
1223 1630 1303 1694 lucta
1337 1632 1420 1694 mala

160 1752 210 1800 aut
226 1737 347 1800 similia
372 1739 611 1821 perpetraverit,
636 1737 737 1799 eciam
751 1737 893 1818 predicta
921 1736 1000 1799 lacte
1018 1757 1073 1798 sus
1100 1738 1184 1800 mela
1209 1759 1272 1800 non
1299 1739 1419 1802 relexa-

160 1845 278 1906 buntur
303 1843 360 1905 sed
383 1863 442 1926 pro
467 1844 512 1906 eis
543 1844 649 1926 puniri
674 1844 805 1906 debebit
836 1844 1013 1905 secundum
1047 1845 1317 1926 proscripcionem
1351 1865 1421 1928 pre-

160 1949 278 2012 dictam
291 1964 437 2032 tempore
453 1949 586 2032 predicti
600 1948 758 2032 judicatus
772 1949 871 2032 ipsius
885 1949 1046 2010 Valentini
1061 1949 1176 2032 judicis
1188 1951 1422 2032 consignatam.

264 2058 342 2120 ltem
368 2057 444 2138 quia
462 2056 651 2120 Franciscus
667 2070 756 2118 sutor
773 2055 806 2118 id
822 2075 895 2118 cum
921 2054 1090 2118 sufficienti
1109 2057 1294 2119 testimonio
1312 2078 1419 2122 coram

159 2163 267 2240 juratis
300 2163 533 2246 comprobavit,
566 2177 600 2224 ut
625 2163 690 2245 ipse
723 2161 910 2224 Franciscus
942 2162 1062 2224 Lucam
1095 2174 1248 2242 sutorem,
1274 2163 1424 2246 juratum,

160 2290 221 2333 non
247 2271 404 2352 percussit
428 2289 487 2331 nec
511 2269 701 2346 cruentavit,
726 2268 799 2329 ideo
825 2269 892 2350 ipse
918 2267 1106 2330 Franciscus
1131 2267 1235 2349 jurare
1259 2271 1422 2332 tenebitur

158 2375 232 2439 leria
259 2391 346 2440 sexta
378 2377 522 2460 proxime
555 2391 688 2438 ventura
720 2389 831 2438 contra
863 2375 968 2457 ipsum
1003 2375 1123 2436 Lucam
1157 2377 1295 2456 juratum
1321 2377 1423 2457 jurare

159 2505 251 2567 super
283 2481 335 2562 eo,
367 2500 401 2546 ut
425 2486 492 2566 ipse
525 2504 589 2547 uon
615 2483 696 2546 bibit
727 2483 830 2564 ipsum
864 2483 975 2546 vinum
1013 2483 1099 2544 Luce
1134 2483 1226 2560 iurati
1251 2499 1422 2566 postquem

157 2591 241 2653 idem
269 2593 373 2654 Lucas
396 2591 517 2673 juratus
543 2591 647 2674 ipsum
672 2591 784 2652 vinum
818 2609 912 2651 suum
936 2589 997 2651 sibi
1025 2590 1135 2652 bibere
1161 2591 1332 2654 interdixit.

158 2810 252 2886 lenia
283 2811 389 2886 tercia
428 2815 580 2902 proxima
612 2823 690 2884 ante
727 2812 850 2884 festum
885 2809 1138 2883 Purificacionis
1169 2813 1263 2883 beate
1293 2833 1423 2901 semper

643 2935 786 3024 virginis
816 2933 929 3007 llarie.

664 3095 729 3168 (31.
745 3087 914 3164 januarii).

261 3230 339 3292 ltem
366 3250 460 3292 causa
477 3230 560 3292 inter
576 3229 688 3292 Vicum
713 3230 834 3291 dictum
852 3229 988 3312 Faytlyn
1007 3243 1037 3290 et
1055 3230 1137 3290 inter
1154 3228 1418 3291 Bartholomeum

158 3337 334 3398 institorem
359 3336 479 3416 habita,
504 3356 561 3419 per
585 3337 705 3418 probos
732 3336 818 3397 viros
842 3335 882 3396 ad
915 3335 1056 3416 primum
1081 3333 1236 3418 judicium
1261 3354 1319 3416 pro
1344 3355 1421 3418 pace

159 3442 239 3505 inter
262 3462 317 3504 eos
339 3441 445 3504 fienda
470 3457 516 3504 est
539 3442 740 3525 prolongata.

262 3549 338 3611 ltem
364 3549 542 3632 Elyzabeth
574 3548 685 3610 relicta
718 3549 809 3609 Pauli
844 3548 1005 3630 arcuparis
1037 3547 1104 3608 sola
1139 3567 1195 3609 sua
1221 3548 1252 3608 in
1285 3566 1420 3628 persona

157 3671 269 3718 octavo
293 3656 344 3717 die
370 3654 473 3736 jurare
497 3655 659 3717 tenebitur
692 3669 802 3716 contra
835 3654 974 3734 juratum
1008 3653 1173 3735 Mathyam
1198 3653 1300 3734 jurare
1332 3667 1421 3715 tene-

157 3763 241 3823 bitur
264 3781 358 3844 super
375 3781 426 3840 e0,
451 3775 484 3823 ut
501 3759 643 3844 prelatus
660 3761 779 3822 Paulus
796 3781 930 3842 arcupar
947 3760 1007 3842 ipsi
1025 3757 1156 3841 Mathye
1175 3757 1278 3838 jurato
1297 3758 1418 3820 nullam

156 3869 324 3950 pecuniam
348 3882 485 3946 tenetur,
502 3888 561 3930 nec
578 3869 646 3950 ipsa
671 3867 729 3929 scit
750 3868 854 3949 ipsum
873 3867 1009 3928 Paulum
1027 3884 1213 3947 arcuparem
1239 3884 1307 3926 esse
1332 3863 1420 3926 debi-

155 3987 257 4035 torem
282 3975 381 4057 ipsius
406 3973 497 4036 Pauli
526 3974 698 4056 arcuparis.

261 4081 337 4144 ltem
362 4080 546 4144 Anthonius
570 4078 748 4160 lutifigulus
780 4078 976 4140 duodecimo
1004 4097 1037 4140 se
1063 4077 1208 4158 personis
1240 4076 1299 4137 sibi
1333 4077 1420 4137 simi-

156 4187 240 4249 libus
263 4201 378 4250 octavo
402 4188 455 4250 die
479 4207 575 4270 super
598 4206 685 4248 ararn
710 4185 814 4266 jurare
842 4185 1002 4247 tenebitur
1021 4205 1116 4266 super
1140 4203 1190 4262 e0,
1215 4198 1250 4244 ut
1276 4183 1342 4264 ipse
1359 4183 1420 4244 Va·

155 4293 311 4356 lentinum
342 4313 499 4376 generum
531 4294 638 4376 Repar
671 4312 736 4354 non
769 4291 923 4374 percussit
955 4310 1012 4352 nec
1045 4290 1077 4351 in
1109 4303 1210 4350 morte
1244 4290 1344 4370 ipsius
1376 4303 1421 4350 est

155 4399 332 4482 culpabilis.

261 4507 337 4570 ltem
363 4508 505 4569 Blasium
531 4507 653 4568 dictum
679 4503 895 4589 Kylawchych
921 4504 1021 4586 prima
1043 4503 1111 4565 vice
1137 4521 1194 4584 pro
1220 4515 1322 4563 morte
1347 4520 1418 4583 pre·

155 4611 233 4674 dicti
255 4612 417 4675 Valentini
441 4613 480 4674 ad
514 4613 768 4696 comparendum
798 4611 838 4672 ad
864 4589 1027 4692 'justiciam
1057 4610 1088 4670 in
1115 4607 1186 4670 foro
1218 4607 1347 4689 publice
1373 4605 1417 4668 le·

155 4718 259 4780 cimus
281 4719 489 4802 proclamare.
