3694 5782
610 555 811 634 Ann01468.
838 592 880 600 -
904 573 954 635 19.
971 560 1056 635 julii.
1407 561 1480 639 341'

298 777 395 851 Feria
424 787 522 852 sexta
552 777 704 868 proxima
723 787 800 870 post
829 780 951 852 festum
981 780 1192 869 Margarethe
1219 783 1372 870 virginis,

646 908 796 994 proxime
824 907 1034 993 preteritum.

747 1057 810 1137 (15.
827 1059 924 1135 julii).

309 1198 387 1260 Item
412 1201 488 1282 quia
513 1199 702 1262 Thomasko
726 1212 826 1261 sartor
855 1199 962 1262 senior
986 1199 1106 1280 juratus
1131 1213 1161 1260 et
1186 1199 1327 1260 concivis
1352 1213 1469 1277 noster,

202 1304 289 1386 juxta
315 1305 593 1387 adjudicacionem
619 1286 904 1388 juratorum-dicte
922 1307 1058 1368 civitatis
1082 1321 1113 1367 et
1137 1307 1300 1368 seniorum
1326 1305 1467 1386 judicum

202 1413 332 1474 racione
357 1414 574 1495 quorumdam
599 1413 823 1475 clenodiorum
851 1414 910 1474 sibi
943 1432 999 1494 per
1024 1413 1235 1475 Benedictum
1270 1413 1468 1474 mardurina·

200 1532 305 1579 torem
331 1519 364 1580 in
389 1520 488 1580 domo
512 1540 567 1581 sua
592 1520 845 1602 deperditorum,
867 1539 925 1600 pro
944 1519 1062 1600 quibus
1087 1519 1152 1600 ipse
1178 1519 1366 1580 Thomaslto
1392 1517 1468 1580 feria

201 1625 300 1686 tercia
325 1627 469 1708 proxima
488 1641 560 1709 post
584 1625 699 1688 festum
717 1627 899 1688 Nativitatis
924 1626 1008 1688 beati
1026 1625 1180 1687 lobannis
1199 1626 1340 1706 Baptista
1364 1625 1468 1705 jurare

201 1731 351 1811 debebat,
368 1733 456 1814 quod
474 1747 560 1794 tanta
577 1733 726 1795 clenodia
750 1733 915 1814 deperdita
938 1732 1067 1794 luerunt
1084 1733 1115 1793 in
1136 1732 1234 1792 domo
1259 1751 1314 1793 sua
1333 1746 1363 1793 et
1380 1732 1467 1813 quod

202 1857 266 1906 nec,
285 1839 352 1921 ipse
377 1859 436 1900 nec
460 1859 591 1902 consors
608 1840 752 1902 eiusdem
776 1840 831 1901 sed
857 1860 916 1902 nec
933 1841 1080 1902 homines
1097 1859 1209 1900 eorum
1235 1839 1388 1921 premissa
1406 1839 1467 1900 cle·

201 1944 300 2006 nodia
325 1945 558 2023 anichilarunt3
584 1961 615 2009 et
639 1947 714 2028 quia
732 1947 904 2029 premissus
929 1947 1117 2007 Thomasko
1142 1945 1245 2026 jurare
1274 1944 1388 2022 noluit,
1412 1943 1467 2004 sed

203 2065 336 2134 propter
358 2053 558 2114 voluntatem
584 2053 698 2134 prefati
724 2053 890 2114 Benedicti
916 2052 1140 2114 mardurinarii
1166 2052 1230 2134 ipsa
1257 2052 1395 2132 dampna
1421 2069 1467 2112 re·

202 2159 289 2220 misit
313 2172 346 2220 et
369 2159 522 2220 relaxavit
545 2179 580 2220 ac
606 2159 710 2242 ipsum
736 2159 898 2221 Andream
923 2158 1062 2242 judicem
1088 2158 1212 2239 quitum
1239 2157 1388 2218 reddidit.

308 2265 386 2327 ltem
412 2285 540 2327 causam
576 2267 657 2327 inter
689 2266 890 2328 Anthonium
922 2265 1061 2346 judicem
1091 2265 1129 2324 de
1163 2262 1405 2346 Grankvvwnyk
1437 2277 1467 2324 et

203 2371 341 2432 Paulum
371 2391 527 2452 generum
560 2371 750 2455 Scrinarych
784 2373 912 2433 racione
945 2371 1146 2453 depastionis
1178 2391 1233 2453 per
1269 2389 1370 2451 equos
1393 2388 1468 2430 suos

201 2477 307 2538 senilis
332 2478 431 2559 ipsius
455 2479 558 2558 Pauli,
592 2480 667 2560 quia
697 2475 837 2559 prefatus
869 2477 1053 2540 Anthonius
1085 2477 1210 2538 dicebat
1232 2476 1320 2559 quod
1354 2477 1467 2537 volun·

203 2585 281 2646 tarie
307 2584 375 2666 ipse
399 2585 517 2646 Paulus
542 2585 712 2668 depascere
735 2583 810 2647 fecit
834 2605 889 2668 per
914 2583 1072 2646 famulum
1096 2603 1200 2663 suurn,
1225 2583 1317 2665 jurati
1342 2582 1467 2664 adjudi-

203 2705 324 2769 carunt,
338 2691 427 2772 quod
441 2692 508 2774 ipse
519 2692 637 2753 Paulus
653 2691 756 2774 jurare
774 2693 933 2754 tenebitur
949 2689 1106 2753 solusmet
1119 2691 1150 2752 in
1164 2709 1218 2752 ara
1231 2703 1338 2752 sancte
1353 2689 1466 2751 Crucis

201 2796 280 2859 feria
305 2799 402 2860 tercia
427 2799 571 2880 proxime
596 2811 740 2878 ventura,
758 2798 846 2880 quod
867 2799 933 2880 ipse
951 2817 1016 2858 non
1034 2797 1213 2858 voluntarie
1238 2809 1294 2857 aut
1311 2795 1463 2875 injuriose

203 2903 277 2966 lecit
295 2904 467 2987 depascere
484 2905 587 2988 ipsum
605 2903 700 2967 fenile
719 2925 774 2987 per
791 2904 948 2966 famulum
966 2923 1071 2982 suum,
1095 2903 1272 2985 dampnum
1290 2921 1366 2963 vero
1391 2903 1463 2964 esti·

203 3031 290 3074 mare
304 3011 410 3090 debet,
424 3025 454 3073 et
467 3012 544 3073 dum
562 3012 761 3073 estimabitur
778 3012 880 3073 solvet
897 3012 1074 3093 dampnum
1094 3011 1151 3092 ipsi
1169 3009 1335 3070 Anthonio
1352 3008 1461 3090 judici.

310 3117 387 3179 ltem
412 3138 540 3179 causam
564 3118 646 3179 inter
672 3118 796 3200 Myiecz
821 3117 946 3179 fabrum
972 3131 1003 3178 et
1027 3117 1108 3177 inter
1132 3116 1287 3178 iacobum
1323 3129 1465 3176 sutorem

200 3244 419 3286 successorem
445 3224 528 3285 Petri
545 3225 673 3302 sutoris,
698 3225 827 3285 racione
846 3223 1059 3305 quarumdam
1084 3220 1247 3283 frondium
1272 3222 1467 3302 persicarum

199 3331 239 3392 ad
265 3343 389 3413 partem
415 3329 523 3412 (h)orti
549 3331 648 3412 ipsius
673 3331 782 3392 Jacobi
813 3329 1048 3391 declinancium
1082 3342 1112 3391 et
1136 3327 1364 3410 pendencium,
1388 3347 1467 3408 quas

200 3439 269 3520 ipse
295 3437 433 3498 lacobus
456 3437 601 3519 precidit,
626 3456 705 3518 quas
723 3438 789 3518 ipse
806 3437 931 3519 Myiecz
948 3435 1169 3517 potencialiter
1192 3434 1319 3496 dicebat
1341 3434 1464 3513 scissas,

199 3544 294 3624 jurati
318 3543 554 3626 adjudicarunt,
580 3543 668 3625 quod
693 3543 760 3624 ipse
786 3543 923 3604 lacobus
947 3540 1006 3604 luit
1028 3541 1228 3604 voluntarius
1251 3561 1358 3603 secare
1382 3542 1466 3623 ipsas

199 3650 349 3727 frondem
375 3650 430 3712 sed
456 3649 543 3731 quod
562 3650 628 3732 ipse
651 3650 831 3732 potenciam
850 3649 988 3729 dicebat,
1005 3649 1092 3711 solus
1116 3649 1268 3710 remansit
1285 3648 1323 3708 de
1341 3647 1464 3708 eadem.

253 3885 352 3959 Feria
381 3889 488 3959 tercia
516 3890 670 3976 proxima
690 3895 767 3976 post
794 3887 916 3959 testam
941 3887 1031 3958 beati
1059 3883 1169 3957 Alexii
1198 3884 1411 3957 contessoris.

750 4045 813 4116 (19.
829 4043 928 4119 solii).

305 4181 384 4242 ltem
416 4181 556 4263 quedam
590 4181 723 4262 equacia
748 4179 808 4243 fuit
840 4202 896 4264 per
924 4181 1098 4264 quemdam
1131 4180 1296 4243 hominem
1330 4181 1362 4242 in
1395 4181 1465 4244 loro

205 4286 339 4348 annuali
354 4287 384 4347 in
400 4286 479 4348 festo
493 4289 584 4349 beate
602 4288 802 4369 Margarethe
819 4289 960 4370 virginis,
972 4289 1096 4350 noviter
1109 4289 1270 4370 preterito,
1286 4287 1465 4351 Fabianecz

197 4393 298 4454 sutori
334 4393 539 4456 inhabitatori
572 4395 655 4456 dicte
688 4395 824 4456 civitatis
857 4395 996 4472 vendita,
1025 4413 1084 4476 pro
1116 4413 1178 4474 qua
1204 4393 1270 4474 ipse
1303 4394 1464 4456 Fabianus

198 4511 288 4561 sutor
320 4520 422 4561 arram
455 4501 596 4579 dederat,
620 4521 683 4583 que
718 4503 850 4582 equacia
883 4500 942 4562 luit
974 4499 1075 4562 furata
1101 4514 1131 4562 et
1162 4500 1216 4562 ille
1241 4501 1296 4581 qui
1328 4501 1463 4563 eandem

198 4607 389 4668 vendiderat
412 4608 516 4668 noluit
540 4609 649 4670 venire
675 4628 733 4689 pro
758 4609 894 4690 pecunia
918 4627 976 4690 pro
998 4627 1060 4688 qua
1086 4607 1285 4686 vendiderat,
1310 4607 1365 4668 sed
1390 4627 1463 4688 pro·

198 4709 292 4792 fugit,
318 4715 372 4774 ubi
396 4713 526 4775 tandem
551 4733 609 4796 pro
635 4715 748 4775 eadem
773 4714 905 4795 equacia
928 4714 1059 4794 quidam
1085 4713 1279 4774 Benedictus
1304 4713 1463 4796 Mykxycb

199 4819 287 4880 venit
311 4832 343 4881 et
367 4821 502 4882 eandem
527 4822 695 4902 equaeiam
720 4841 809 4883 suam
829 4819 896 4882 lore
921 4821 1082 4902 allegavit,
1108 4840 1165 4902 pro
1183 4840 1246 4901 qua
1271 4820 1337 4901 ipse
1362 4820 1462 4881 Bene·

200 4925 304 4989 dictus
328 4928 512 4989 terciusmet
528 4928 643 5010 juravit
659 4948 754 5010 super
772 4928 883 4990 eadem
910 4929 1042 5010 equacia
1060 4927 1147 5009 quod
1172 4948 1227 4988 sua
1246 4940 1292 4988 est
1316 4939 1346 4987 et
1374 4927 1463 5007 quod

200 5055 259 5096 nec
282 5035 418 5097 eandem
436 5035 516 5096 nulli
541 5035 687 5098 vendidit
708 5056 765 5098 nec
783 5036 975 5118 propinavit,
993 5035 1042 5097 cui
1062 5034 1185 5097 reddita
1211 5047 1257 5096 eat
1281 5033 1348 5115 ipsa
1366 5053 1461 5114 equa-
