3694 5782
459 527 522 586 262
836 529 922 584 Anno
945 523 1035 603 1465.
1062 559 1102 570 —-
1130 523 1179 587 18.
1197 528 1346 602 januarii.

564 739 646 802 Item
670 741 861 802 Valentinus
885 740 1046 825 Pangracz
1079 737 1193 817 dictus,
1228 738 1403 800 modernus
1427 738 1561 818 juratus,
1585 737 1713 799 infacto

462 847 693 908 subtraccionis
717 847 813 910 musti
839 861 870 908 et
887 860 1043 908 certarum
1069 865 1174 907 rerum
1201 845 1309 906 relicte
1338 846 1475 907 condam
1502 845 1617 907 Mathei
1635 845 1712 906 insti·

463 955 551 1032 toris,
576 953 792 1034 jurameutum
825 953 885 1014 sibi
918 951 1137 1032 adjudicatum
1171 951 1320 1034 deposuit
1352 967 1385 1012 ut
1418 952 1531 1014 debuit
1561 967 1713 1040 tamquam
1808 939 1810 996 ἕ

463 1059 564 1140 justus
587 1060 695 1121 homo.

568 1166 645 1227 Item
671 1167 827 1226 discretus
845 1166 891 1226 vir
914 1164 1066 1225 dominus
1092 1164 1247 1225 Martinus
1265 1165 1431 1246 presbiter,
1449 1165 1590 1226 concivis
1606 1178 1715 1242 noster,

462 1287 570 1334 contra
598 1272 779 1333 Dionisium
805 1273 992 1354 scriptorem
1027 1271 1131 1352 primo
1156 1271 1269 1332 citatus
1301 1271 1333 1332 in
1358 1271 1480 1352 judicio
1507 1291 1570 1332 non
1596 1290 1714 1351 compa-

462 1381 524 1441 ruit
549 1399 657 1441 coram
689 1379 793 1441 nobis.

567 1486 643 1547 ltem
670 1484 810 1568 prefatus
827 1486 979 1547 dominus
1004 1487 1161 1546 Martinus
1179 1497 1288 1546 contra
1314 1485 1432 1545 Rosam
1458 1483 1601 1546 filarlram
1620 1485 1715 1566 primo

463 1594 575 1655 citatus
599 1613 665 1654 nou
689 1594 867 1673 comparuit
893 1612 999 1653 coram
1025 1593 1119 1654 nobis
1143 1592 1175 1651 in
1201 1591 1330 1672 judicio.

569 1701 644 1761 Item
679 1699 862 1760 Anthonius
894 1699 1041 1781 Chaylrin
1075 1698 1187 1772 dictus,
1220 1697 1307 1758 testis
1341 1697 1484 1758 Simonis
1516 1698 1655 1778 regutavi
1686 1697 1713 1757 in

460 1806 545 1867 facto
572 1805 654 1866 Petri
681 1806 822 1887 Dragyn‚
848 1806 936 1886 quod
961 1807 1028 1886 ipse
1054 1805 1183 1865 vidisset
1201 1803 1357 1864 famulum
1380 1805 1524 1865 eiusdem
1551 1803 1631 1864 Petri
1649 1823 1713 1864 cum

464 1916 567 1974 bobus
592 1913 622 1972 in
649 1913 787 1992 quadam
820 1925 903 1972 terra
937 1931 1008 1973 cum
1039 1911 1180 1992 quodam
1213 1925 1326 1972 trunco
1351 1911 1449 1991 vulgo
1482 1911 1543 1971 wal
1575 1911 1657 1970 dicto
1687 1909 1713 1968 in

462 2019 543 2080 sesto
568 2017 722 2100 Corporis
747 2019 866 2080 Christi
892 2019 1063 2080 laborasse.

568 2125 644 2186 ltem
670 2131 797 2205 Agnesa
821 2124 981 2186 secundus
1005 2125 1092 2186 testis
1116 2124 1213 2185 simili
1239 2124 1339 2184 modo
1363 2121 1445 2184 fassa
1469 2137 1516 2185 est
1540 2123 1627 2184 sicuti
1652 2123 1711 2203 ipse

462 2231 645 2294 Anthonius
668 2231 836 2314 Chaykyn.

569 2339 645 2398 ltem
671 2359 797 2399 causam
824 2339 906 2400 inter
922 2353 1102 2400 consortem
1126 2339 1261 2416 Nicolai,
1287 2337 1404 2417 judicis
1421 2338 1578 2416 moderni,
1594 2353 1623 2398 et
1640 2338 1714 2397 inter

463 2444 625 2505 Thomam
651 2444 783 2506 Cheden
811 2445 938 2506 racione
963 2446 1139 2507 oblacionis
1156 2444 1322 2507 cuiusdam
1344 2445 1464 2526 cinguli
1490 2465 1618 2527 mayecz
1634 2443 1714 2518 dicti,

461 2550 552 2628 jurati
578 2565 790 2630 prorogarunt
816 2571 916 2631 usque
942 2551 1080 2632 primum
1109 2551 1276 2632 judicium,
1309 2551 1333 2612 si
1360 2565 1495 2633 possunt
1519 2549 1713 2624 concordare,

462 2659 543 2718 bene
568 2657 710 2736 quidem,
736 2658 880 2738 alioquin
907 2656 1023 2718 facient
1048 2657 1202 2736 judicium
1228 2657 1310 2718 inter
1334 2656 1476 2718 eosdem.

566 2764 643 2824 Item
668 2784 794 2824 causam
822 2765 911 2824 Hans
936 2763 1088 2826 Gurthler
1111 2765 1239 2825 racione
1258 2763 1369 2824 mortis
1392 2762 1529 2824 condam
1558 2759 1711 2824 Benedicti

461 2868 626 2946 carnificis,
644 2870 720 2930 ciris
737 2871 776 2930 de
797 2871 969 2951 Krappina,
988 2871 1018 2931 in
1038 2869 1136 2930 domo
1154 2870 1298 2932 eiusdem
1317 2870 1406 2930 Hans
1422 2869 1565 2950 gurthler
1593 2867 1711 2942 mortui,

460 2977 552 3052 jurati
567 2978 800 3056 adjudicarunt,
818 2979 892 3058 quia
904 2977 1044 3058 prefatus
1062 2977 1150 3038 Hans
1167 2977 1311 3058 gurthler
1327 2977 1467 3039 evidenti
1485 2976 1665 3038 testimonio
1684 2993 1712 3033 se

461 3084 656 3165 expurgavit,
682 3085 770 3164 quod
796 3085 861 3162 ipse
895 3085 984 3145 Hans
1015 3085 1159 3166 gurthler
1184 3085 1215 3144 in
1247 3101 1348 3146 morte
1381 3085 1526 3146 eiusdem
1559 3081 1712 3145 Benedicti

461 3188 617 3250 carnificis
643 3191 796 3251 innocens
827 3204 908 3252 esset
933 3206 963 3252 et
996 3191 1147 3269 inmunis,
1180 3190 1234 3252 sed
1267 3191 1423 3252 solusmet
1446 3211 1478 3251 se
1504 3191 1607 3271 ipsum
1631 3185 1713 3248 mali-

461 3297 544 3357 ciose
579 3295 787 3358 interfecisset
818 3312 947 3378 propter
980 3298 1112 3384 nimiam
1150 3298 1347 3358 bibicionem
1381 3298 1446 3357 vini
1480 3297 1579 3377 vulgo
1611 3313 1714 3378 powze

461 3403 547 3481 dicti,
572 3418 602 3462 ct
627 3403 686 3464 hoc
711 3417 816 3464 actum
843 3402 901 3465 luit
925 3418 955 3464 et
980 3404 1205 3484 investigatum
1232 3424 1287 3485 per
1312 3403 1452 3484 judicem
1478 3417 1510 3464 et
1534 3404 1659 3484 juratos.

488 3638 581 3710 Feria
612 3649 708 3710 sexta
735 3639 885 3728 proxima
915 3651 993 3712 ante
1021 3643 1142 3713 leslum
1172 3645 1346 3712 beatorum
1376 3639 1511 3711 Fabiani
1540 3651 1572 3712 et
1600 3641 1690 3710 Seba-

749 3767 852 3834 stiaoi
884 3769 1073 3850 martirum,
1103 3787 1189 3836 anuo
1219 3766 1270 3837 LX
1300 3763 1426 3854 quinto.

860 3915 922 3992 (18.
938 3921 1088 3994 Jiztruarit',
1112 3939 1182 3978 ann.
1209 3915 1315 3996 1465).

564 4041 640 4100 ltem
666 4040 770 4120 primo
803 4056 848 4100 est
882 4042 1113 4122 proclamatum
1147 4058 1256 4103 contra
1283 4043 1436 4104 Mathiam
1470 4044 1664 4124 Tergowecz
1687 4053 1714 4099 et

461 4145 671 4222 Michaelem‚
703 4147 896 4225 tributarios,
940 4148 994 4228 qui
1028 4150 1201 4229 quemdam
1235 4151 1441 4211 Valentinum
1474 4150 1514 4210 de
1552 4151 1646 4211 Bwna
1686 4147 1714 4205 in

388 4323 391 4330 Ι
459 4251 618 4312 territorio
644 4253 727 4314 dicte
752 4253 888 4314 civitatis
912 4255 943 4314 in
970 4257 1157 4337 crepusculo
1182 4257 1283 4317 noctis
1320 4256 1417 4318 nullis
1441 4257 1506 4318 suis
1531 4257 1630 4338 culpis
1654 4253 1714 4316 exi·

458 4359 607 4437 gentibus
631 4360 810 4440 spoliarunt
835 4375 864 4421 et
896 4376 982 4422 extra
1013 4363 1207 4424 territorium
1234 4363 1317 4425 dicte
1351 4365 1488 4427 civitatis
1512 4365 1713 4438 deduxerant,

460 4479 490 4525 et
514 4465 773 4544 jurisdiccionem
800 4467 882 4529 dicte
908 4469 1043 4530 civitatis
1073 4469 1245 4549 fregerunt,
1271 4471 1325 4551 qui
1343 4473 1446 4532 vocati
1472 4485 1546 4534 sunt
1570 4471 1608 4533 ad
1631 4469 1714 4550 justi·

460 4571 541 4631 ciam
566 4585 599 4632 ut
623 4593 655 4632 se
680 4573 806 4634 racione
839 4576 947 4656 previa
980 4592 1202 4657 expurgarent,
1234 4591 1264 4638 et
1306 4598 1370 4639 non
1405 4595 1570 4657 venerunt,
1594 4596 1668 4658 ergo
1690 4575 1713 4634 si

461 4679 562 4739 iidem
589 4679 724 4740 Mathias
748 4694 778 4742 et
804 4680 939 4742 Michael
965 4681 1279 4764 comprehendentur
1297 4684 1327 4745 in
1352 4687 1513 4747 territorio
1538 4686 1618 4746 dicte
1643 4683 1713 4744 civi·

458 4785 542 4863 tatis,
567 4805 683 4866 penam
708 4806 805 4867 quam
830 4801 863 4848 ut
886 4788 964 4849 tales
990 4801 1161 4867 merentur,
1185 4791 1360 4872 pacientur.

566 4891 642 4951 ltem
662 4893 756 4952 Kwsa
782 4893 888 4954 relicta
906 4895 1042 4955 condam
1069 4895 1189 4956 Mathie
1207 4896 1298 4974 labri,
1317 4897 1531 4976 Corinthiani,
1549 4898 1625 4960 olim
1643 4917 1710 4959 con·

459 4997 535 5056 civis
561 4999 671 5076 nostri,
697 5015 796 5059 mater
821 5001 957 5060 condam
985 5003 1113 5081 Endrey
1138 5004 1246 5084 pueri;
1272 5005 1346 5064 itcm
1378 5006 1524 5066 Vrbanus
1545 5025 1642 5085 gener
1664 5005 1710 5064 lo·
