3694 5782
568 545 655 601 Anno
677 541 772 622 1466.
798 579 839 588 -
864 525 913 608 1¹2.
938 546 1098 608 decembris.
1410 570 1472 632 309

208 755 338 816 racione
363 755 543 838 emptionis
560 755 726 818 cuiusdam
752 756 844 818 vinee
866 756 989 820 deserte
1013 772 1044 820 et
1059 770 1141 820 terre
1166 759 1272 822 eidem
1289 761 1472 843 adjacentis,

210 881 306 943 quam
331 863 400 944 ipse
425 862 514 924 Jurse
537 883 555 924 a
580 862 674 924 Petro
699 862 739 924 de
772 863 854 924 ultra
880 863 1007 925 Zawam
1032 865 1161 928 emisset
1191 881 1224 928 et
1248 881 1471 950 comparasset,

206 967 278 1029 ideo
302 967 396 1050 jurati
420 969 525 1030 taliter
549 967 633 1030 Iacto
658 969 690 1030 in
715 969 871 1050 premisso
895 970 1001 1031 taliter
1024 971 1270 1053 adjudicassent,
1296 974 1371 1054 quia
1399 994 1469 1055 pre·

208 1072 290 1137 latus
315 1075 462 1137 Andreas
487 1075 683 1158 Symwnych
711 1089 856 1158 tempore
888 1077 1065 1159 empcionis
1097 1078 1180 1140 dicte
1204 1079 1297 1141 vinee
1322 1099 1378 1162 per
1401 1099 1470 1162 pre·

206 1179 308 1242 latum
342 1181 471 1243 Petrum
504 1197 622 1264 empta,
654 1182 710 1243 sed
743 1201 802 1243 nec
834 1196 980 1265 tempore
1011 1185 1189 1266 emptionis
1213 1185 1356 1248 eiusdem
1381 1187 1472 1248 Jurse

204 1307 261 1370 per
286 1287 426 1370 judicem
451 1301 506 1350 aut
529 1287 649 1371 juratos
674 1289 816 1350 monitus
848 1287 918 1368 fuit,
942 1290 1053 1372 sicque
1085 1291 1152 1373 ipse
1176 1291 1322 1354 Andreas
1347 1292 1470 1375 Symw-

205 1394 288 1476 nych
313 1395 414 1476 ipsam
439 1395 630 1476 peccuniam
655 1395 780 1456 solvere
804 1395 964 1457 tenebitur
989 1396 1048 1478 Ipsi
1082 1397 1176 1459 Petro
1200 1417 1258 1480 pro
1284 1417 1346 1479 qua
1364 1412 1470 1480 empta

206 1499 266 1563 fuit
289 1501 359 1584 ipsa
382 1501 475 1563 alnes
508 1501 596 1584 prius
620 1521 676 1584 pet
708 1501 813 1583 ipsum
839 1502 988 1579 Petrum;
1012 1502 1051 1563 de
1083 1523 1149 1585 quo
1181 1503 1302 1586 judicIo
1327 1505 1469 1586 ipsorum

207 1607 384 1688 juratorum
409 1607 476 1690 ipse
500 1607 647 1668 Andreas
672 1607 867 1690 Symwnych
892 1628 957 1670 non
986 1623 1154 1671 contentus
1179 1609 1316 1671 eandem
1341 1629 1469 1672 causam

206 1713 247 1775 ad
270 1713 413 1775 seniores
437 1713 612 1797 appellavit
635 1712 767 1794 judices.

313 1838 390 1900 Item
416 1858 543 1902 causam
570 1839 652 1901 inter
676 1853 856 1902 consortem
875 1839 998 1902 Phister
1022 1853 1053 1902 et
1077 1841 1158 1902 Inter
1183 1841 1262 1902 Pero
1287 1841 1467 1903 institorem

208 1945 240 2006 in
267 1943 351 2007 lacto
376 1945 459 2006 inter
483 1945 569 2027 Ipsos
593 1945 702 2008 habito
719 1945 847 2007 racione
872 1945 960 2028 quod
985 1946 1052 2029 ipse
1077 1946 1202 2008 dicebat
1220 1967 1351 2009 uxorem
1371 1948 1469 2030 ipsius

209 2051 330 2114 Phiater
344 2053 544 2116 meretricem
560 2072 637 2131 esse,
651 2053 683 2114 in
700 2053 802 2136 prima
817 2053 869 2115 die
882 2051 1016 2134 juridica
1032 2053 1093 2115 hoc
1105 2055 1316 2135 comprobare
1333 2067 1468 2116 tenetur.

313 2176 391 2239 Item
416 2197 544 2240 causam
563 2178 644 2239 Inter
658 2175 848 2239 Michaelem
865 2176 1015 2257 juratum,
1039 2175 1142 2238 filium
1159 2177 1322 2238 Valentini
1340 2176 1467 2258 judicis,

207 2283 246 2343 ab
270 2303 333 2344 una
358 2303 393 2345 ac
418 2284 500 2346 inter
532 2282 694 2345 Thomam
726 2283 933 2364 jobagionem
962 2282 1125 2344 Valentini
1159 2281 1198 2344 de
1223 2283 1396 2344 Wrbowcz
1420 2301 1467 2344 ra·

208 2389 300 2451 ciooe
323 2391 516 2453 abolicIonis
548 2390 713 2452 cuiusdam
746 2390 830 2472 sepis
854 2388 962 2472 (b)otti
993 2389 1092 2472 ipsius
1117 2387 1283 2451 Michaelis
1318 2388 1411 2470 jurati
1436 2389 1468 2451 iu

208 2496 406 2580 Podbressye
424 2497 535 2576 habitI,
552 2496 645 2578 jurati
662 2495 887 2578 adjudicarunt
904 2496 1019 2574 taliter,
1033 2495 1119 2578 quod
1139 2497 1206 2578 ipse
1223 2496 1368 2558 Thomas
1386 2497 1469 2578 Ipsas

206 2622 295 2684 sepes
326 2622 427 2684 usque
458 2615 621 2665 octavum¹
640 2603 725 2664 diem
759 2601 933 2665 reformare
964 2603 1136 2682 tenebitur,
1167 2618 1198 2665 et
1231 2604 1298 2684 ipse
1331 2603 1468 2665 Michael

207 2709 404 2770 estimatores
428 2708 562 2791 dampni
590 2710 621 2770 In
647 2707 765 2791 (h)orto
797 2728 857 2770 suo
881 2707 956 2770 lacti
984 2708 1024 2770 ad
1056 2709 1193 2791 primam
1218 2709 1304 2770 diem
1336 2709 1468 2790 judicia·

206 2814 286 2876 riam
310 2815 489 2896 producere
514 2816 685 2877 tenebitur.

311 2937 388 3000 Item
414 2958 541 3001 causam
567 2939 649 3000 inter
673 2937 867 3021 Dyonisium
902 2937 1070 3022 Sypchych
1103 2953 1134 3001 et
1158 2939 1239 3000 inter
1265 2939 1467 3002 Clementem

207 3044 409 3125 Hungarum,
441 3045 591 3126 juratum,
625 3045 753 3107 racione
785 3045 997 3107 extillacionis
1025 3045 1090 3106 vini
1124 3046 1155 3106 In
1181 3045 1300 3106 celario
1324 3045 1468 3106 eiusdem

113 3149 119 3162 '
206 3151 385 3213 Clementis
409 3151 517 3230 locati,
542 3151 634 3232 jurati
659 3151 884 3234 adjudicarunt
900 3151 1016 3230 taliter,
1041 3151 1129 3232 quod
1154 3152 1221 3232 ipse
1247 3150 1399 3213 Clemens
1422 3151 1468 3233 ju-

206 3270 293 3319 tatus
317 3258 420 3340 prIma
446 3257 523 3320 feria
550 3271 636 3320 sexta
654 3259 798 3340 proxime
816 3271 949 3321 ventura
975 3259 1006 3318 io
1031 3277 1083 3319 ara
1108 3271 1215 3318 sancte
1237 3256 1350 3318 Crucis
1366 3256 1469 3338 jurare

207 3365 363 3426 solusmet
380 3363 551 3443 tenebitur,
569 3364 658 3446 quod
675 3365 886 3447 prescrIptum
905 3364 1016 3425 vinum
1033 3383 1092 3425 nec
1108 3383 1165 3446 per
1189 3362 1351 3424 maliciam
1369 3362 1468 3445 ipsIua

209 3470 389 3533 Clementis
412 3469 468 3531 sed
500 3489 558 3532 nec
582 3489 639 3553 per
663 3467 818 3532 familiam
843 3470 987 3531 eiusdem
1020 3469 1208 3531 exstillasset
1232 3488 1288 3530 seu
1313 3469 1470 3532 ebibitum

207 3591 238 3639 et
262 3575 473 3640 educillatum
497 3574 619 3639 luisset.

312 3700 391 3762 Item
404 3719 533 3763 causam
550 3701 632 3762 Inter
649 3700 820 3762 Nicolaum
845 3713 987 3761 sutorem
1005 3718 1220 3761 successorem
1238 3697 1471 3781 Wrecharych,

205 3822 235 3870 et
259 3809 343 3870 Inter
367 3808 487 3869 Lucam
512 3820 654 3869 sutorem
684 3825 841 3888 generum
869 3805 1032 3868 ValentIni
1065 3805 1105 3867 de
1130 3805 1306 3884 Wrboucz,
1340 3805 1470 3866 racione

205 3913 445 3976 vulneracionis
468 3933 525 3996 per
549 3913 688 3975 vitulum
713 3912 858 3974 eiusdem
884 3913 970 3974 Luce
1000 3925 1031 3973 et
1055 3912 1155 3994 ipsius
1179 3911 1304 3974 Nicolai
1329 3911 1471 3988 lesionis,

206 4020 300 4100 jurari
324 4019 601 4102 adjudicaverunt,
634 4020 722 4101 quod
755 4019 823 4102 ipse
856 4019 1011 4081 Nicolaus
1041 4017 1146 4098 jurare
1176 4018 1339 4080 tenebitur
1368 4016 1470 4098 prima

206 4129 258 4190 dle
282 4127 390 4209 judica
414 4127 564 4190 videlicet
588 4125 665 4188 feria
683 4139 769 4189 sexta
799 4127 954 4188 solusmet
978 4125 1078 4202 ineo,
1103 4124 1191 4206 quod
1209 4125 1276 4206 ipse
1293 4143 1349 4206 per
1366 4124 1471 4206 ipsum

206 4233 345 4295 vitulum
378 4233 462 4294 lesus
493 4233 608 4312 existit,
640 4247 670 4295 et
702 4233 780 4294 dum
816 4232 944 4314 jurabit,
976 4233 1043 4314 ipse
1070 4231 1172 4292 lucas
1204 4229 1310 4292 eidem
1336 4229 1471 4291 Nitolao

207 4339 318 4402 decem
343 4359 458 4422 pensas
481 4339 688 4402 denariorum
714 4351 744 4400 et
769 4339 801 4400 in
826 4357 1015 4400 communes
1043 4357 1118 4399 usus
1142 4337 1226 4398 dicte
1251 4335 1388 4398 civitatis
1412 4355 1471 4417 pro

207 4447 348 4528 birsagio
373 4460 501 4508 centum
528 4445 677 4509 denarios
700 4445 825 4507 solvere
849 4445 1019 4507 tenebitur.

321 4569 400 4632 Item
437 4591 565 4634 causam
596 4571 678 4632 inter
712 4568 914 4631 Anthonium
946 4581 1086 4630 sutorem
1117 4587 1272 4649 generum
1298 4567 1412 4629 Costes
1442 4578 1473 4626 et

208 4675 290 4739 inter
314 4675 507 4760 Dyonisium
526 4675 696 4760 Sypchych
721 4675 851 4738 racione
868 4674 1068 4757 recepcIonis
1092 4686 1123 4735 et
1146 4673 1289 4735 vlolente
1314 4671 1473 4734 evasionis

209 4801 380 4862 porcorum
405 4781 438 4843 in
463 4781 604 4864 dampno
629 4781 773 4843 eiusdem
791 4781 958 4857 Anthonii,
983 4781 1050 4862 ipse
1078 4779 1263 4840 Anthonius
1287 4779 1388 4860 ipsam
1413 4796 1471 4859 po·

208 4889 347 4950 tenciam
364 4889 573 4971 comprobare
591 4902 727 4968 tenetur,
752 4888 840 4970 quod
861 4888 928 4969 ipse
953 4886 1048 4948 frater
1066 4885 1234 4970 Sypchych
1254 4886 1339 4968 ipsos
1357 4903 1472 4967 porcos

210 4995 434 5077 potencialiter
458 4995 638 5078 recepisset,
663 4995 695 5056 in
720 4995 824 5077 primo
849 4993 979 5075 judicio.
