3818 5786
419 513 454 574 16
573 548 577 554 ·
796 511 882 572 Anno
904 524 993 590 1451.
1019 547 1060 554 —
1085 526 1111 574 1.
1128 512 1289 586 famati.

413 727 493 786 ciam
520 725 623 788 facere
648 727 833 808 dignaretur
864 746 900 787 ac
925 725 1142 807 dignaremur,
1175 726 1314 806 ideoque
1340 726 1405 808 ipse
1438 726 1590 788 dominus
1623 725 1678 786 Se·

415 832 532 893 boldus
557 833 741 914 capitaneus
765 847 795 892 et
828 832 1042 893 communitas
1075 832 1216 914 predicta
1242 833 1281 892 ad
1313 832 1496 893 humillime
1521 830 1679 914 supplica·

413 939 515 1000 cionis
540 939 729 1001 instanciam
751 939 968 1021 predictorum
991 937 1233 1000 honorabilium
1251 953 1282 1001 et
1306 939 1532 1018 religiosorum
1557 958 1593 1000 ac
1618 938 1680 999 dis-

413 1058 573 1108 cretorum
598 1047 740 1108 virorum
774 1044 992 1108 misericordia
1026 1045 1077 1106 dei
1103 1059 1134 1107 et
1157 1045 1304 1108 omnium
1337 1059 1519 1108 sanctorum
1544 1063 1675 1106 snorum

413 1152 503 1232 moti,
518 1152 667 1235 predictis
681 1150 941 1214 malefactoribus
954 1151 1050 1212 talem
1067 1152 1206 1232 graciam
1221 1165 1252 1214 et
1265 1151 1518 1214 misericordiam
1533 1149 1678 1229 fecimus,

415 1271 451 1318 ut
475 1258 535 1341 ipsi
560 1258 642 1320 illesi
668 1273 697 1320 et
722 1258 861 1340 inpuniti
886 1258 925 1318 de
950 1258 1076 1320 civitate
1101 1259 1224 1320 eteius
1251 1258 1413 1321 territorio
1438 1278 1473 1320 ac
1497 1258 1537 1320 de
1561 1259 1679 1320 tenutis

413 1379 444 1426 et
468 1365 725 1446 possessionibus
749 1365 968 1448 predictorum
1000 1365 1207 1428 dominorum
1241 1365 1396 1428 comitum
1426 1365 1510 1426 exire
1542 1365 1681 1426 debeant

414 1485 445 1533 et
469 1491 636 1553 nunquam
669 1471 771 1532 redire
802 1485 832 1532 et
856 1491 956 1554 prope
989 1471 1073 1554 ipsas
1103 1473 1321 1553 possessiones
1351 1485 1382 1534 et
1412 1483 1521 1534 tenuta
1554 1471 1678 1553 predic·

412 1592 517 1638 torum
544 1577 751 1638 dominorum
776 1578 931 1639 comitum
956 1593 987 1638 et
1007 1577 1143 1638 civitatis
1160 1577 1302 1659 predicte
1327 1579 1357 1640 in
1384 1577 1539 1639 distancia
1563 1577 1674 1638 decem

415 1683 588 1745 miliarium
614 1703 802 1765 permanere
827 1703 892 1745 non
915 1685 1034 1746 debent
1059 1705 1117 1746 nec
1135 1705 1348 1768 perseverare,
1371 1686 1426 1766 qui
1451 1685 1475 1746 si
1501 1685 1533 1746 in
1558 1684 1677 1746 tenutis

415 1803 445 1850 et
462 1790 718 1871 possessionibus
743 1793 884 1872 ipsorum
907 1790 1114 1853 dominorum
1139 1792 1294 1853 comitum
1312 1807 1343 1853 et
1366 1792 1448 1853 dicte
1474 1791 1609 1852 civitatis
1636 1791 1675 1852 dc

414 1909 519 1957 cetero
544 1897 697 1978 repperiri
723 1898 872 1978 poterint,
897 1917 1012 1978 penam
1038 1917 1134 1978 quam
1160 1917 1218 1980 pro
1244 1899 1320 1980 ipsis
1343 1898 1409 1959 suis
1433 1897 1599 1959 maleficiis
1623 1897 1679 1958 de·

415 2015 611 2079 meruerunt,
636 2016 884 2084 consequentur.

520 2108 597 2168 ltem
624 2109 698 2189 quia
732 2109 916 2170 Anthonius
947 2129 1080 2192 arcupar
1112 2111 1216 2172 dictus
1248 2111 1361 2187 Jank0,
1391 2111 1526 2172 Paulum
1553 2107 1678 2172 fabrum

413 2216 533 2276 dictum
559 2234 670 2296 sporar
702 2215 795 2304 valde
824 2215 1020 2277 horribiliter
1045 2230 1075 2277 et
1107 2218 1245 2278 maxime
1279 2237 1379 2298 usque
1404 2217 1569 2298 sanguinis
1601 2215 1679 2277 eflu-

413 2321 538 2382 sionem
564 2341 635 2382 curn
662 2321 751 2400 ligno
776 2342 831 2382 seu
857 2320 939 2384 fuste
972 2323 1162 2402 verberavit,
1186 2325 1218 2385 in
1252 2344 1314 2406 qua
1340 2325 1567 2386 verberatione
1591 2324 1676 2385 idem

414 2428 533 2488 Paulus
547 2426 636 2488 faber
661 2429 713 2488 vix
737 2429 827 2488 vivus
845 2430 1007 2508 remansit,
1032 2444 1128 2512 prout
1153 2431 1238 2492 idem
1256 2430 1439 2492 Anthonius
1463 2451 1597 2512 arcupar
1621 2450 1677 2512 per

415 2553 488 2594 eum
521 2535 621 2614 ipsam
655 2534 915 2596 verberationem
947 2555 1042 2616 super
1075 2536 1254 2617 predictum
1291 2537 1425 2598 Paulum
1460 2535 1575 2599 factam
1610 2535 1678 2598 lore

413 2659 519 2701 coram
546 2639 656 2720 juratis
680 2655 710 2701 et
728 2640 888 2719 iudicibus
906 2643 1087 2704 senioribus
1104 2643 1203 2725 ipsius
1228 2644 1364 2705 civitatis
1388 2643 1484 2706 hodie
1508 2643 1679 2724 injudicio

412 2747 540 2828 penitus
564 2745 753 2824 affirmavit;
786 2747 926 2830 ideoque
954 2748 1047 2830 jurati
1081 2749 1183 2831 ipsam
1208 2769 1335 2812 causam
1369 2751 1446 2813 dicti
1472 2751 1562 2812 Pauli
1597 2749 1677 2812 fabri

413 2873 468 2934 per
493 2853 595 2934 ipsum
623 2865 732 2914 contra
758 2853 936 2935 predictum
962 2855 1164 2917 Anthonium
1190 2875 1377 2938 arcuparem
1401 2857 1498 2918 hodie
1516 2857 1678 2919 actitatam

412 2959 516 3019 taliter
541 2958 775 3040 adjudicarunt,
801 2974 835 3021 ut
859 2961 927 3042 ipse
960 2961 1145 3024 Anthonius
1177 2982 1312 3044 arcupar
1337 2964 1441 3046 primo
1466 2978 1497 3026 ct
1520 2963 1678 3046 principa·

412 3066 484 3126 liter
509 3066 635 3127 medico
661 3067 760 3148 ipsius
780 3067 875 3128 'Pauli
901 3066 982 3129 fabri
1008 3087 1065 3148 pro
1096 3069 1264 3130 medicinis
1297 3070 1396 3152 ipsius
1419 3069 1598 3132 satisfacere
1624 3070 1678 3132 de·

412 3175 485 3234 beat
509 3187 540 3234 et
556 3174 699 3254 predicto
726 3174 825 3235 Paulo
844 3173 934 3236 labro
959 3195 1017 3257 pro
1034 3176 1099 3237 suis
1119 3177 1306 3239 verberibus
1330 3192 1360 3239 et
1384 3178 1571 3239 vulneribus
1588 3177 1677 3240 XXV

411 3298 526 3360 pensas
551 3279 757 3341 denariorum
776 3293 807 3342 et
830 3279 927 3361 judici
945 3301 981 3342 ac
997 3281 1107 3362 juratis
1131 3281 1216 3362 juxta
1237 3298 1387 3346 contenta
1412 3284 1571 3366 privilegii
1590 3303 1678 3346 corn-

413 3385 520 3445 munis
544 3384 797 3448 satisfaccionem
823 3387 950 3449 solitam
976 3389 1158 3470 persolvere
1176 3389 1272 3452 debet
1295 3390 1381 3472 juxta
1404 3391 1507 3474 legem
1533 3405 1564 3454 et
1588 3391 1676 3472 justi-

413 3493 493 3552 ciam
519 3492 655 3554 civitatis
678 3505 855 3575 prenotate.

535 3713 570 3784 ln
600 3713 719 3802 vigilia
748 3714 827 3785 festi
857 3714 1113 3788 Purificacianis
1143 3716 1239 3788 beate
1268 3721 1414 3806 virginis
1443 3719 1558 3792 llarie.

924 3873 967 3947 (1.
984 3868 1167 3950 febr-traria).

521 4007 598 4068 ltem
623 4009 698 4089 quia
724 4009 915 4072 Benedictus
947 4010 1031 4072 filius
1056 4010 1188 4093 Georgii
1218 4013 1258 4074 de
1289 4015 1445 4096 superiori
1471 4017 1677 4098 Lompnycza

414 4113 586 4195 Jurethych
619 4116 874 4195 cognominatus,
907 4116 1100 4180 inhabitator
1128 4120 1272 4181 suburbii
1295 4121 1431 4183 civitatis
1462 4123 1615 4204 predicte,
1641 4123 1672 4184 in

415 4219 559 4300 pluribus
584 4218 752 4282 furticiniis
777 4236 807 4284 et
831 4225 943 4284 ceteris
967 4223 1056 4286 factis
1080 4225 1145 4286 suis
1169 4227 1262 4287 malis
1281 4243 1446 4310 reppertus
1470 4243 1517 4291 est
1540 4250 1556 4290 a
1576 4243 1675 4308 cerm,

413 4337 544 4406 propter
568 4345 631 4405 que
656 4324 816 4389 furticinia
842 4343 872 4391 et
896 4328 977 4392 facta
996 4351 1050 4392 sua
1074 4332 1157 4392 mala
1182 4333 1213 4392 in
1240 4335 1407 4396 laternum
1427 4349 1571 4398 nostrum
1589 4357 1676 4398 com-

413 4450 510 4490 mune
535 4431 640 4492 taliter
666 4447 711 4493 est
736 4437 942 4518 proscriptus,
966 4451 1001 4500 nt
1024 4439 1049 4498 si
1076 4439 1141 4519 ipse
1167 4439 1207 4500 de
1238 4455 1344 4503 cetero
1370 4442 1437 4524 ipsa
1460 4442 1621 4506 forticinia
1647 4457 1679 4508 et

414 4537 476 4597 alia
492 4535 573 4598 facta
599 4558 654 4599 sua
673 4540 756 4601 mala
774 4557 942 4605 renovaret
958 4565 1014 4605 seu
1029 4561 1236 4627 perpetraret,
1254 4562 1369 4610 extunc
1386 4569 1502 4632 penam
1528 4551 1677 4634 supplicii

413 4662 511 4723 qoam
548 4644 756 4708 demeruisset
787 4652 942 4732 consequi
974 4652 1154 4729 debuisset;
1193 4669 1223 4716 et
1259 4657 1333 4736 quia
1365 4657 1451 4719 idem
1485 4659 1679 4721 Benedictus

414 4749 587 4832 Jurethych
613 4752 724 4813 eadem
742 4775 798 4816 seu
822 4756 883 4816 hiis
911 4759 1027 4820 similia
1046 4757 1204 4821 forticinia
1232 4777 1261 4823 et
1279 4761 1359 4824 facta
1377 4785 1434 4826 sua
1459 4766 1542 4828 mala
1561 4767 1676 4828 iterum

413 4876 498 4918 nunc
524 4859 690 4920 renovavit
714 4874 743 4921 et
767 4865 954 4925 renovando
984 4866 1147 4928 maliciose
1182 4872 1389 4951 perpetravit,
1414 4887 1509 4953 prout
1534 4893 1620 4936 nunc
1645 4875 1676 4936 in

415 4963 535 5024 eisdem
562 4962 732 5027 forticiniis
756 4970 881 5031 notorie
907 4985 938 5032 et
961 4971 1127 5034 manifeste
1154 4995 1239 5037 nunc
1257 4979 1417 5040 renovatis
1443 4993 1489 5040 est
1513 4996 1680 5063 reppertus
