3818 5786
411 523 450 584 30
784 506 870 564 Anno
893 517 983 584 1452·
1008 539 1049 550 -
1072 503 1126 567 28.
1142 507 1297 583 januarii.

408 729 494 777 sexte
518 718 663 798 proxime
689 731 761 800 post
785 717 900 778 festum
920 718 1174 800 Epiphaniarum
1200 720 1344 799 Domini,
1361 721 1546 804 nuperrime
1569 735 1674 804 prete-

408 823 517 902 ritum,
543 822 649 906 elapse
673 825 817 907 proxime
843 837 874 886 et
897 827 1058 907 preterite,
1082 826 1169 908 juxta
1192 826 1469 908 adjudicacionem
1495 827 1674 910 juratorum

408 949 447 990 eo
472 930 571 991 modo
595 929 812 1011 juramentum
837 931 973 1012 prestitit
997 945 1028 994 et
1044 933 1204 1016 deposuit,
1226 947 1261 994 ut
1284 933 1351 1015 ipsa
1367 933 1491 1016 prefato
1509 933 1674 1017 Stephano

408 1035 512 1118 jurato
536 1051 567 1098 et
590 1037 683 1098 uxori
701 1037 800 1119 ipsius
817 1035 905 1098 nulla
922 1038 1085 1120 sortilegia
1103 1038 1176 1100 fecit
1194 1059 1252 1100 nec
1279 1039 1340 1100 sibi
1365 1040 1398 1101 in
1415 1041 1511 1101 rebus
1528 1040 1673 1122 ipsorum

408 1142 541 1225 aliquod
567 1143 745 1225 dampnum
771 1143 889 1222 intulit,
913 1144 969 1206 sed
994 1145 1027 1206 in
1050 1146 1142 1209 totali
1166 1145 1296 1208 accione
1321 1147 1420 1229 ipsius
1446 1147 1600 1230 Stephani
1624 1147 1673 1229 ju-

407 1249 465 1310 rati
491 1249 646 1312 innocens
669 1263 751 1311 esset
775 1263 806 1311 et
829 1248 889 1312 fuit
913 1264 1009 1332 atque
1034 1252 1182 1332 innoxia;
1215 1252 1353 1334 ideoque
1379 1254 1480 1335 ipsam
1509 1253 1671 1334 Agatham

408 1356 578 1418 mulierem
613 1355 696 1418 facto
722 1357 753 1418 in
786 1357 942 1439 premisso
974 1371 1083 1420 contra
1108 1356 1266 1440 prefatum
1300 1357 1499 1441 Stephanum
1533 1359 1674 1442 juratum

409 1463 611 1524 reddidimus
634 1463 815 1545 expeditam
840 1476 870 1525 et
894 1463 1085 1526 absolutam.

513 1569 591 1632 ltem
617 1571 693 1652 quia
723 1573 848 1652 Agatha
880 1571 997 1633 mulier
1030 1571 1135 1632 nutrix
1161 1569 1300 1654 Philippi
1333 1571 1485 1634 aurifabri
1509 1586 1541 1635 et
1565 1573 1674 1636 Scola-

406 1676 482 1737 stica
507 1676 624 1737 mulier
648 1696 728 1738 uxor
752 1676 913 1738 Francisci
931 1677 1072 1758 agricole
1098 1690 1129 1739 et
1145 1677 1277 1739 domina
1301 1678 1466 1740 Dorothea
1491 1698 1571 1741 uxor
1588 1680 1673 1741 Mar·

405 1785 464 1846 tini
489 1783 603 1864 judicis
635 1784 812 1864 juramenta
838 1785 914 1866 ipsis
942 1804 998 1866 per
1025 1784 1145 1866 juratos
1169 1784 1361 1866 adjudicata,
1385 1785 1488 1868 pridie
1519 1785 1673 1848 videlicet

407 1889 484 1952 feria
509 1904 596 1953 sexta
621 1891 766 1973 proxima
790 1904 862 1973 post
894 1889 1010 1953 festum
1043 1903 1150 1952 sancte
1176 1891 1351 1952 Katherine
1377 1891 1520 1974 virginis,
1546 1892 1578 1953 in
1610 1905 1673 1954 ter·

406 1997 496 2058 mino
521 1997 738 2078 deposicionis
772 1997 848 2079 ipsis
880 1996 1046 2079 deputato,
1079 1998 1295 2080 prestiterunt,
1327 1998 1401 2059 ideo
1426 1998 1510 2080 ipsas
1533 1999 1573 2060 ab
1605 1999 1672 2081 ipsa

407 2102 610 2182 juramentali
635 2103 842 2184 depositione
872 2103 1073 2164 reddidimus
1105 2103 1230 2184 quietas
1253 2119 1284 2165 et
1316 2104 1490 2186 expeditas,
1514 2104 1674 2186 predictas

406 2223 512 2270 autern
536 2209 689 2291 pecunias
711 2222 742 2270 et
765 2209 880 2270 anulos
901 2209 1028 2270 solvant
1052 2209 1133 2271 sicut
1157 2223 1204 2271 est
1228 2209 1459 2288 adjudicatum.

511 2315 589 2376 Item
614 2315 689 2397 quia
722 2314 877 2377 discretus
901 2315 949 2376 vir
979 2315 1131 2377 dominus
1155 2315 1308 2378 Clemens
1342 2315 1497 2398 presbiter
1521 2316 1673 2397 magister

405 2421 572 2503 hospitalis
585 2422 684 2484 nostri
702 2422 894 2500 communis,
919 2421 951 2482 id
968 2440 1042 2482 curn
1059 2419 1229 2482 sufficienti
1249 2435 1280 2483 et
1296 2421 1462 2503 fidedigno
1486 2435 1672 2485 nostrorum

405 2528 587 2590 concivium
617 2529 804 2591 testimonio
837 2527 970 2589 insede
1001 2541 1108 2589 nostra
1141 2526 1308 2609 judiciaria
1339 2528 1422 2590 clare
1447 2529 1673 2611 comprobavit

405 2654 512 2697 coram
536 2635 640 2713 nobis,
664 2649 699 2698 ut
723 2634 800 2696 dum
825 2636 946 2717 probus
970 2633 1108 2696 condam
1125 2632 1251 2716 juvenis
1275 2633 1422 2696 Thomas
1447 2634 1592 2697 Croacus
1607 2655 1670 2697 ser·

405 2741 488 2803 vitor
511 2755 542 2802 et
573 2742 788 2804 mercenarius
820 2741 939 2823 egregii
972 2741 1030 2802 viri
1064 2741 1189 2802 domini
1222 2740 1355 2802 Seboldi
1380 2741 1492 2824 Mayar
1513 2741 1671 2824 capitanei

405 2849 516 2928 nostri,
549 2848 580 2910 in
606 2868 691 2910 anno
724 2847 846 2924 jubileo
879 2848 1024 2930 proxime
1056 2847 1166 2930 elapso
1198 2867 1256 2929 pro
1288 2847 1390 2909 salute
1415 2847 1522 2909 anime
1555 2867 1612 2910 sue
1637 2847 1670 2908 in

405 2955 587 3016 Romanam
618 2955 739 3015 curiam
772 2973 905 3036 peregre
937 2952 1098 3035 profectus
1131 2954 1284 3015 extitisset
1316 2967 1347 3014 et
1378 2954 1418 3014 ab
1441 2952 1516 3015 inde
1540 2966 1669 3036 peracto

404 3061 475 3144 ipso
499 3061 612 3122 itinere
636 3060 771 3122 domum
791 3080 937 3122 reversus
953 3059 1074 3138 fuisset,
1097 3073 1174 3122 tunc
1192 3060 1360 3122 subitanea
1378 3073 1482 3122 morte
1498 3074 1673 3142 preventus

404 3169 444 3228 ab
468 3167 527 3229 hac
551 3167 621 3228 luce
654 3167 849 3246 decessisset,
882 3167 1015 3248 ipseque
1047 3167 1104 3228 illo
1139 3180 1284 3249 ternpore
1315 3167 1394 3228 dum
1435 3185 1567 3248 peregre
1599 3186 1672 3249 pro·

404 3273 506 3336 fectus
538 3272 608 3353 fuit,
640 3274 803 3356 quandam
836 3274 963 3335 vineam
995 3293 1085 3335 suam
1120 3274 1151 3334 in
1176 3273 1338 3336 territorio
1370 3273 1508 3335 civitatis
1532 3273 1672 3355 predicte

404 3380 486 3442 inter
510 3381 637 3442 vineam
655 3380 827 3462 Augustini
853 3379 946 3460 jurati
972 3393 1002 3442 et
1020 3380 1181 3442 Francisci
1207 3381 1324 3442 literati
1349 3379 1503 3459 habitam,
1528 3379 1672 3463 predicto

405 3485 554 3569 hospitali
587 3499 696 3549 nostro
729 3487 894 3548 communi
928 3487 1046 3567 legavit
1078 3500 1233 3570 perpetuo
1266 3486 1516 3569 possidendam
1541 3500 1573 3549 et
1596 3487 1673 3568 quia

405 3593 472 3675 ipse
497 3592 649 3655 dominus
674 3592 835 3654 Seboldus
859 3593 1044 3675 capitaneus
1064 3592 1208 3674 predicte
1231 3593 1392 3674 legacioni
1417 3593 1517 3676 ipsius
1541 3593 1672 3655 Thome

406 3699 521 3761 Croaci
546 3699 718 3778 consensit,
743 3699 946 3780 eandemque
963 3699 1091 3760 vineam
1116 3698 1215 3780 ipsius
1239 3697 1370 3760 Thorne
1387 3698 1504 3761 Croaci
1527 3698 1671 3782 predicto

404 3805 556 3887 hospitali
581 3818 691 3867 nostro
716 3805 881 3866 communi
906 3824 965 3887 pro
993 3804 1101 3865 anima
1133 3804 1232 3886 ipsius
1256 3803 1386 3867 Thome
1410 3803 1526 3876 Croaci
1551 3804 1673 3866 remisit

404 3909 633 3992 possidendam
658 3924 689 3972 et
720 3910 1031 3992 quomodocumque
1062 3909 1202 3972 voluerit
1233 3910 1396 3992 predictus
1420 3909 1572 3971 dominus
1596 3909 1670 3972 Cle·

404 4035 495 4078 mens
519 4016 766 4100 disponendam,
790 4015 846 4079 sed
871 4017 946 4098 quia
976 4017 1043 4098 ipse
1076 4016 1227 4078 dominus
1251 4016 1406 4079 Clemens
1429 4036 1489 4078 nos
1512 4035 1608 4099 super
1631 4035 1670 4078 eo

405 4121 633 4184 instantissime
664 4122 847 4204 postulavit,
873 4137 907 4184 ut
938 4141 997 4183 nos
1024 4123 1161 4184 eandem
1192 4123 1321 4184 vineam
1353 4122 1414 4184 sibi
1439 4121 1615 4202 vendendi,
1639 4134 1671 4184 et

405 4226 478 4287 loco
503 4227 601 4308 ipsius
618 4228 715 4289 aliam
732 4229 860 4291 vineam
876 4229 976 4310 ipsius
992 4228 1160 4310 hospitalis
1180 4229 1309 4311 plenam
1334 4228 1509 4307 vendendi,
1526 4240 1557 4290 et
1573 4228 1670 4290 aliam

404 4331 532 4392 vineam
564 4332 636 4394 loco
669 4333 768 4416 ipsius
792 4335 919 4395 emendi
952 4334 1178 4396 atribuerimus
1210 4333 1406 4413 facultatem,
1439 4335 1580 4417 ideoque
1612 4353 1671 4396 nos

404 4435 510 4498 eidem
527 4437 661 4499 domino
685 4439 846 4502 Clementi
864 4440 1041 4522 presbitero
1058 4441 1234 4523 predictam
1253 4441 1381 4503 vineam
1408 4441 1507 4523 ipsius
1531 4441 1669 4503 condam

405 4541 534 4604 Thome
550 4543 681 4625 plenam
698 4545 860 4607 vendendi
882 4559 913 4608 et
930 4546 1027 4608 aliam
1045 4548 1172 4609 vineam
1190 4548 1264 4609 loco
1281 4548 1381 4630 ipsius
1397 4548 1543 4630 predicto
1561 4546 1670 4630 hospi·

404 4647 459 4708 tali
484 4649 612 4710 emendi
637 4651 840 4714 attribuimus
864 4651 1058 4717 facultatem.

511 4754 588 4816 ltem
613 4756 687 4817 licet
703 4755 848 4818 Thomas
865 4757 967 4819 dictus
989 4757 1124 4820 Cheden
1141 4758 1225 4820 filius
1249 4760 1373 4838 Jacobi,
1390 4761 1533 4822 concivis
1550 4774 1672 4840 noster,

405 4860 588 4941 nuperrime
619 4881 676 4943 pro
709 4864 801 4924 certis
832 4864 997 4945 vituperiis
1029 4879 1059 4926 et
1096 4865 1188 4927 malis
1219 4866 1284 4928 suis
1316 4867 1480 4948 operibus,
1512 4887 1576 4949 que
1601 4867 1670 4950 ipse

404 4983 499 5045 super
522 4966 690 5028 Nicolaum
722 4967 861 5048 judicem
897 4981 1041 5032 nostrum
1074 4971 1268 5034 modernum
1293 4985 1324 5034 et
1356 4991 1453 5054 super
1477 4973 1559 5034 alios
1591 4991 1670 5035 con-
