3838 5786
438 590 498 670 388
828 594 914 650 Anno
938 607 1025 671 1471.
1050 629 1092 637 -
1117 609 1163 671 13.
1188 599 1316 669 augusti.

541 699 556 703 -
574 699 771 704 ----.-..
1493 703 1695 710 ——-——--—.

435 823 517 882 suas,
541 819 617 866 tunc
642 825 658 865 e
684 824 839 867 converso
858 805 944 866 idem
968 805 1144 888 Dyonisius
1161 807 1289 868 debebit
1306 806 1408 887 jurare
1426 809 1591 884 solusmet‚
1608 807 1697 888 quod

435 912 502 992 ipse
527 912 698 992 premissas
722 931 772 973 res
796 911 1054 973 mercimoniales
1078 932 1143 974 non
1171 913 1329 974 invidiose
1347 933 1449 994 usque
1474 913 1513 974 ad
1538 912 1596 974 hec
1620 927 1698 974 tem·

435 1037 513 1099 pora
538 1018 630 1078 etad
654 1031 742 1080 tanta
774 1017 913 1100 dampna
945 1018 1105 1080 retardare
1137 1033 1167 1079 et
1199 1017 1390 1098 clarefecit,
1422 1019 1483 1080 nisi
1510 1039 1567 1100 pro
1592 1019 1698 1099 requi·

436 1125 533 1184 renda
557 1145 630 1185 vera
656 1124 798 1204 justicia3
830 1137 860 1186 et
892 1123 970 1185 dum
995 1125 1062 1206 ipse
1097 1125 1271 1206 Dyonisius
1294 1126 1338 1186 sic
1371 1124 1500 1204 jurabit,
1523 1138 1600 1186 tunc
1633 1124 1699 1206 ipse

435 1230 587 1292 dominus
604 1231 765 1292 lohannes
779 1249 917 1292 unacum
934 1227 1057 1312 prefato
1067 1244 1154 1312 patre
1171 1251 1230 1292 suo
1248 1231 1373 1293 solvere
1386 1233 1582 1292 tenebuntur
1595 1251 1697 1312 quan-

437 1351 503 1396 tum
524 1337 641 1398 minori
664 1337 772 1419 precio
789 1337 907 1400 vendet
923 1337 1052 1398 easdem
1070 1357 1119 1398 res
1135 1337 1227 1400 sicuti
1246 1351 1392 1399 constant
1409 1338 1513 1420 ipsum
1527 1351 1622 1419 prout
1643 1337 1697 1397 ubi

436 1441 721 1524 emptefueruntet
738 1462 840 1524 usque
857 1442 934 1504 dum
952 1456 1075 1525 portate
1093 1442 1221 1505 fuerunt
1237 1443 1276 1504 ad
1296 1443 1429 1506 domum
1443 1444 1541 1525 ipsius
1551 1443 1697 1526 Dyouisii

436 1549 623 1633 Sypchych;
648 1549 687 1610 de
716 1568 782 1630 quo
806 1549 927 1630 judicio
960 1564 1068 1612 nostro
1100 1550 1168 1632 ipse
1192 1552 1285 1612 ambe
1310 1564 1414 1633 partes
1438 1565 1512 1612 sunt
1536 1563 1698 1612 contente.

435 1785 531 1859 Faria
559 1791 666 1860 tercia
695 1791 849 1878 proxima
877 1795 955 1860 aute
984 1787 1109 1859 festum
1128 1785 1383 1876 Assumpeiouis
1411 1784 1516 1858 llarie
1544 1788 1698 1877 virginis.

951 1943 1013 2019 (13.
1037 1942 1177 2018 augnarii).

540 2083 617 2144 ltem
643 2083 718 2165 quia
743 2082 889 2144 Thomas
912 2081 1000 2144 faber
1032 2083 1072 2144 de
1098 2082 1225 2166 Golyak
1258 2097 1368 2144 contra
1392 2083 1536 2145 Marcum
1563 2083 1698 2166 Sydow-

434 2189 548 2273 cbych‚
562 2190 612 2251 cui
627 2189 722 2270 judex
736 2189 939 2252 commiserat
956 2190 1065 2250 venire
1081 2189 1120 2250 ad
1138 2189 1278 2271 primum
1292 2188 1460 2270 judicium,
1478 2203 1583 2250 etnon
1601 2190 1699 2250 venit.

539 2296 618 2358 ltem
649 2296 725 2376 quia
758 2296 914 2357 Martinus
945 2295 1075 2378 Banych
1108 2310 1218 2358 contra
1251 2295 1395 2357 relictam
1430 2295 1585 2378 Stephani
1610 2295 1700 2376 longi

433 2403 539 2484 primo
563 2403 677 2464 citatus
702 2422 767 2464 non
792 2403 973 2484 comparuit
998 2402 1029 2462 in
1054 2401 1186 2482 judicio.

539 2509 617 2571 Item
642 2508 751 2570 relicta
771 2509 855 2570 Petri
878 2507 1034 2570 carnificis
1051 2523 1161 2570 contra
1179 2509 1333 2571 Mathiam
1352 2507 1575 2592 Scrobothych
1592 2509 1700 2592 primo

433 2617 526 2678 citata
551 2636 615 2677 non
641 2617 821 2698 comparuit
846 2615 877 2676 in
902 2614 1034 2696 judicio,

539 2723 617 2784 ltem
643 2723 769 2783 Marcus
793 2722 935 2783 Venetus
958 2736 1068 2783 contra
1094 2722 1174 2783 Pero
1198 2721 1338 2803 juratum
1364 2723 1469 2804 primo
1494 2723 1610 2785 citatus
1633 2741 1700 2784 uon

433 2829 612 2911 comparuit
637 2829 667 2890 in
690 2827 822 2908 judicio.

540 2936 617 2996 ltem
650 2955 777 2996 causam
811 2936 893 2996 inter
925 2934 1118 3019 Mayhenam
1150 2947 1182 2997 et
1217 2935 1298 2997 inter
1329 2935 1501 2997 Nicolaum
1536 2935 1700 2997 literatum

434 3041 674 3124 Chehkoyczyn
699 3042 829 3102 racione
854 3041 1020 3102 cuiusdam
1041 3041 1131 3102 litere
1156 3061 1212 3123 per
1237 3042 1342 3124 ipsum
1360 3057 1507 3120 arestate,
1532 3041 1626 3122 jurati
1644 3042 1700 3102 ad-

433 3148 625 3230 judicarunt,
649 3149 737 3230 quod
763 3149 829 3230 ipse
857 3148 1011 3209 Nicolaus
1026 3161 1154 3210 tenetur
1178 3149 1302 3211 solvere
1320 3149 1445 3210 notario
1470 3163 1502 3211 et
1524 3148 1622 3230 judici
1641 3169 1701 3230 pro

433 3257 587 3338 scriptura
613 3268 643 3316 et
666 3255 843 3336 sigillatum
869 3269 900 3315 et
924 3255 990 3336 ipsa
1016 3253 1174 3337 Mayhena
1207 3254 1267 3316 sibi
1293 3274 1426 3336 precare
1451 3254 1547 3315 aliam
1572 3253 1699 3316 literam

434 3383 528 3445 super
549 3361 739 3422 vendicione
754 3359 845 3421 fundi
862 3379 958 3442 quem
973 3359 1116 3443 Gywrko
1130 3359 1226 3422 lrater
1238 3360 1399 3422 Werchelc
1413 3362 1561 3424 vendidit
1573 3362 1700 3439 eidem;

437 3473 502 3552 ipse
528 3469 680 3530 Nicolaus
705 3468 839 3528 eandem
866 3486 994 3528 eausam
1019 3467 1193 3549 appellavit
1217 3467 1256 3528 ad
1281 3468 1424 3530 seniores
1448 3467 1581 3548 judices.

539 3575 618 3636 ltem
644 3593 772 3634 causam
791 3574 872 3634 inter
897 3572 1027 3655 Endrey
1043 3587 1208 3652 sartorem,
1225 3575 1387 3634 seniorem
1411 3573 1551 3656 juratum
1576 3589 1607 3637 et
1623 3595 1700 3636 cou-

434 3683 536 3744 civem
561 3695 717 3758 nostrum,
752 3699 787 3740 ac
812 3679 1016 3740 Domkonem
1050 3679 1153 3741 filium
1179 3680 1333 3763 Peroycb‚
1357 3681 1432 3762 quia
1457 3680 1543 3742 idem
1568 3681 1700 3744 Domko

433 3791 465 3850 id
490 3788 630 3850 evidenti
655 3801 815 3849 certorum
841 3786 1023 3848 concivium
1056 3801 1239 3849 nostrorum
1264 3787 1297 3848 iu
1329 3786 1449 3869 judicio
1475 3789 1700 3870 comprobavit

433 3916 539 3958 coram
564 3895 668 3971 nobis,
693 3893 781 3975 quod
807 3893 893 3954 idem
919 3893 1050 3976 Endrey
1081 3908 1182 3955 sartor
1206 3892 1307 3955 lassus
1338 3893 1398 3955 luit
1422 3913 1530 3956 coram
1556 3895 1696 3956 condam

435 4003 587 4066 Conrado
606 4002 735 4062 Rawsar
752 3999 857 4082 judice
882 4000 1090 4062 medietatem
1111 4001 1227 4062 domus
1251 4014 1281 4062 et
1298 3999 1390 4062 fundi
1406 4001 1455 4062 sui
1472 4000 1590 4080 taliter,
1608 4003 1697 4084 quod

433 4111 500 4192 ipse
525 4109 714 4171 Dominicus
738 4122 865 4170 tenetur
889 4109 1032 4190 coperire
1056 4107 1189 4170 totalem
1222 4107 1359 4170 eandem
1383 4107 1529 4188 domum,
1554 4121 1585 4170 et
1610 4109 1699 4190 quod

432 4216 563 4297 quando
588 4216 655 4296 ipse
680 4214 809 4294 Endrey
833 4215 963 4276 haberet
988 4212 1172 4276 facultatem
1204 4214 1383 4276 redimendi
1418 4234 1533 4296 prose
1557 4215 1610 4276 vel
1634 4217 1700 4277 suis

432 4323 603 4386 heredibus
621 4320 788 4382 abeodem
807 4321 990 4399 Domkone,
1014 4334 1170 4402 quantum
1188 4321 1255 4403 ipse
1273 4335 1446 4403 exponeret
1469 4340 1565 4403 super
1583 4322 1698 4383 eadem

432 4429 542 4506 domo,
568 4426 746 4488 redimendi
779 4426 910 4489 baberet
941 4426 1150 4506 facultatem¹
1177 4427 1306 4509 etquis
1339 4427 1432 4508 jurati
1459 4426 1542 4488 facto
1567 4428 1599 4488 in
1626 4448 1699 4510 pre·

432 4536 530 4596 misso
554 4534 659 4596 taliter
676 4533 877 4611 invenerunt,
895 4534 970 4613 quia
1000 4534 1066 4615 ipse
1084 4534 1213 4595 Domlco
1231 4553 1296 4594 uon
1313 4533 1459 4616 coperuit
1482 4533 1543 4594 sibi
1560 4533 1699 4596 eandem

432 4641 566 4702 domum
592 4639 714 4721 (quam)
741 4639 885 4720 coperire
909 4641 1100 4722 promiserat
1133 4655 1164 4702 et
1188 4660 1252 4702 non
1286 4640 1441 4722 coperuit,
1466 4653 1497 4700 et
1520 4659 1587 4702 non
1611 4641 1717 4702 stetit.

431 4749 493 4808 sibi
517 4749 550 4808 in
574 4747 733 4829 promisso
759 4767 828 4824 suo,
853 4747 927 4808 ideo
950 4747 1016 4829 ipse
1051 4748 1252 4809 voluntarius
1276 4759 1322 4810 est
1346 4766 1495 4809 revocare
1519 4767 1611 4808 suam
1637 4747 1698 4809 las·

431 4854 556 4915 sionem
583 4867 613 4914 et
638 4854 687 4914 cui
713 4853 852 4915 voluerit
876 4854 1010 4915 domum
1034 4873 1125 4914 suam
1143 4853 1218 4916 dare
1242 4853 1294 4915 vel
1318 4853 1476 4930 vendere;
1500 4853 1541 4915 de
1566 4874 1632 4936 quo
1649 4854 1697 4934 ju·

432 4960 517 5021 dicio
542 4959 717 5042 juratorum
743 4961 809 5042 ipse
834 4961 963 5022 Domko
987 4981 1053 5022 non
1083 4975 1252 5024 contentus
1271 4961 1407 5024 eandem
1433 4980 1561 5023 causam
1586 4961 1697 5044 appel·

432 5067 509 5128 lavit
534 5067 565 5128 in
590 5068 788 5151 presenciam
813 5068 978 5129 seniorum
1003 5067 1158 5149 judicum.
