<?xml version="1.0" encoding="UTF-8"?>
<!DOCTYPE html PUBLIC "-//W3C//DTD XHTML 1.0 Transitional//EN"
    "http://www.w3.org/TR/xhtml1/DTD/xhtml1-transitional.dtd">
<html xmlns="http://www.w3.org/1999/xhtml" xml:lang="en" lang="en">
 <head>
  <title>
</title>
<meta http-equiv="Content-Type" content="text/html;charset=utf-8" />
  <meta name='ocr-system' content='tesseract 3.04.00' />
  <meta name='ocr-capabilities' content='ocr_page ocr_carea ocr_par ocr_line ocrx_word'/>
</head>
<body>
  <div class='ocr_page' id='page_1' title='image "./monumentahistor13laszgoog_0465.png"; bbox 0 0 3838 5786; ppageno 0'>
   <div class='ocr_carea' id='block_1_1' title="bbox 0 4209 4 5044">
    <p class='ocr_par' dir='ltr' id='par_1_1' title="bbox 0 4209 4 5044">
     <span class='ocr_line' id='line_1_1' title="bbox 0 4209 4 5044; baseline 0 0"><span class='ocrx_word' id='word_1_1' title='bbox 0 4209 4 5044; x_wconf 95' lang='lat' dir='ltr'> </span> 
     </span>
    </p>
   </div>
   <div class='ocr_carea' id='block_1_2' title="bbox 285 552 1558 3387">
    <p class='ocr_par' dir='ltr' id='par_1_2' title="bbox 698 552 1555 637">
     <span class='ocr_line' id='line_1_2' title="bbox 698 552 1555 637; baseline 0.009 -26"><span class='ocrx_word' id='word_1_2' title='bbox 698 555 895 632; x_wconf 75' lang='lat' dir='ltr'>Armo1472.</span> <span class='ocrx_word' id='word_1_3' title='bbox 921 589 961 598; x_wconf 91' lang='lat'><strong>—</strong></span> <span class='ocrx_word' id='word_1_4' title='bbox 987 552 1036 617; x_wconf 85' lang='lat'>16.</span> <span class='ocrx_word' id='word_1_5' title='bbox 1053 557 1146 632; x_wconf 80' lang='lat' dir='ltr'>junii.</span> <span class='ocrx_word' id='word_1_6' title='bbox 1493 578 1555 637; x_wconf 85' lang='lat'>405</span> 
     </span>
    </p>

    <p class='ocr_par' dir='ltr' id='par_1_3' title="bbox 293 767 1556 1062">
     <span class='ocr_line' id='line_1_3' title="bbox 398 767 1556 850; baseline 0.003 -22"><span class='ocrx_word' id='word_1_7' title='bbox 398 767 476 829; x_wconf 84' lang='lat' dir='ltr'><strong>Item</strong></span> <span class='ocrx_word' id='word_1_8' title='bbox 502 767 577 850; x_wconf 89' lang='lat' dir='ltr'>quia</span> <span class='ocrx_word' id='word_1_9' title='bbox 603 767 785 850; x_wconf 79' lang='lat' dir='ltr'><strong>Stephanus</strong></span> <span class='ocrx_word' id='word_1_10' title='bbox 809 782 839 829; x_wconf 92' lang='lat' dir='ltr'>et</span> <span class='ocrx_word' id='word_1_11' title='bbox 865 767 967 830; x_wconf 91' lang='lat' dir='ltr'>Lucas</span> <span class='ocrx_word' id='word_1_12' title='bbox 983 783 1118 846; x_wconf 86' lang='lat' dir='ltr'>sutores,</span> <span class='ocrx_word' id='word_1_13' title='bbox 1142 783 1264 830; x_wconf 90' lang='lat' dir='ltr'>actores</span> <span class='ocrx_word' id='word_1_14' title='bbox 1288 783 1398 831; x_wconf 90' lang='lat' dir='ltr'>contra</span> <span class='ocrx_word' id='word_1_15' title='bbox 1416 771 1556 832; x_wconf 87' lang='lat' dir='ltr'>eundem</span> 
     </span>
     <span class='ocr_line' id='line_1_4' title="bbox 293 873 1556 957; baseline 0.005 -24"><span class='ocrx_word' id='word_1_16' title='bbox 293 873 474 936; x_wconf 89' lang='lat' dir='ltr'>lohannem</span> <span class='ocrx_word' id='word_1_17' title='bbox 508 873 668 957; x_wconf 87' lang='lat' dir='ltr'>Soldynar</span> <span class='ocrx_word' id='word_1_18' title='bbox 700 874 827 936; x_wconf 80' lang='lat' dir='ltr'>racione</span> <span class='ocrx_word' id='word_1_19' title='bbox 859 874 1026 936; x_wconf 90' lang='lat' dir='ltr'>cuiusdam</span> <span class='ocrx_word' id='word_1_20' title='bbox 1063 875 1212 956; x_wconf 86' lang='lat' dir='ltr'>vituperii</span> <span class='ocrx_word' id='word_1_21' title='bbox 1245 876 1349 957; x_wconf 92' lang='lat' dir='ltr'>primo</span> <span class='ocrx_word' id='word_1_22' title='bbox 1382 876 1467 938; x_wconf 92' lang='lat' dir='ltr'>citati</span> <span class='ocrx_word' id='word_1_23' title='bbox 1494 897 1556 939; x_wconf 93' lang='lat' dir='ltr'>non</span> 
     </span>
     <span class='ocr_line' id='line_1_5' title="bbox 293 979 1007 1062; baseline 0.004 -22"><span class='ocrx_word' id='word_1_24' title='bbox 293 993 543 1062; x_wconf 86' lang='lat' dir='ltr'>comparuerunt</span> <span class='ocrx_word' id='word_1_25' title='bbox 568 980 599 1041; x_wconf 91' lang='lat' dir='ltr'>in</span> <span class='ocrx_word' id='word_1_26' title='bbox 624 979 745 1061; x_wconf 90' lang='lat' dir='ltr'>judicio</span> <span class='ocrx_word' id='word_1_27' title='bbox 770 999 878 1042; x_wconf 89' lang='lat' dir='ltr'>coram</span> <span class='ocrx_word' id='word_1_28' title='bbox 903 982 1007 1044; x_wconf 90' lang='lat' dir='ltr'>nobis.</span> 
     </span>
    </p>

    <p class='ocr_par' dir='ltr' id='par_1_4' title="bbox 291 1084 1558 1810">
     <span class='ocr_line' id='line_1_6' title="bbox 399 1084 1558 1170; baseline 0.002 -22"><span class='ocrx_word' id='word_1_29' title='bbox 399 1085 477 1148; x_wconf 88' lang='lat' dir='ltr'>Item</span> <span class='ocrx_word' id='word_1_30' title='bbox 502 1106 629 1148; x_wconf 89' lang='lat' dir='ltr'>causam</span> <span class='ocrx_word' id='word_1_31' title='bbox 647 1087 729 1149; x_wconf 88' lang='lat' dir='ltr'>inter</span> <span class='ocrx_word' id='word_1_32' title='bbox 746 1084 869 1170; x_wconf 90' lang='lat' dir='ltr'>Gywan</span> <span class='ocrx_word' id='word_1_33' title='bbox 889 1088 1071 1150; x_wconf 90' lang='lat' dir='ltr'>barberium</span> <span class='ocrx_word' id='word_1_34' title='bbox 1090 1089 1219 1150; x_wconf 85' lang='lat' dir='ltr'>racione</span> <span class='ocrx_word' id='word_1_35' title='bbox 1244 1088 1374 1150; x_wconf 86' lang='lat' dir='ltr'>lesionis</span> <span class='ocrx_word' id='word_1_36' title='bbox 1399 1101 1429 1151; x_wconf 90' lang='lat' dir='ltr'>et</span> <span class='ocrx_word' id='word_1_37' title='bbox 1447 1089 1558 1150; x_wconf 92' lang='lat' dir='ltr'>mortis</span> 
     </span>
     <span class='ocr_line' id='line_1_7' title="bbox 293 1193 1558 1277; baseline 0.003 -25"><span class='ocrx_word' id='word_1_38' title='bbox 293 1193 369 1273; x_wconf 90' lang='lat' dir='ltr'>equi</span> <span class='ocrx_word' id='word_1_39' title='bbox 401 1193 461 1272; x_wconf 90' lang='lat' dir='ltr'>sui,</span> <span class='ocrx_word' id='word_1_40' title='bbox 493 1212 590 1276; x_wconf 91' lang='lat' dir='ltr'>quem</span> <span class='ocrx_word' id='word_1_41' title='bbox 624 1194 691 1276; x_wconf 87' lang='lat' dir='ltr'>ipse</span> <span class='ocrx_word' id='word_1_42' title='bbox 723 1213 852 1276; x_wconf 89' lang='lat' dir='ltr'>pascere</span> <span class='ocrx_word' id='word_1_43' title='bbox 886 1193 1018 1257; x_wconf 89' lang='lat' dir='ltr'>dederat</span> <span class='ocrx_word' id='word_1_44' title='bbox 1048 1193 1171 1256; x_wconf 84' lang='lat' dir='ltr'>famulo</span> <span class='ocrx_word' id='word_1_45' title='bbox 1202 1194 1345 1273; x_wconf 85' lang='lat' dir='ltr'>Achacii‚</span> <span class='ocrx_word' id='word_1_46' title='bbox 1375 1195 1430 1276; x_wconf 93' lang='lat' dir='ltr'>qui</span> <span class='ocrx_word' id='word_1_47' title='bbox 1456 1215 1558 1277; x_wconf 92' lang='lat' dir='ltr'>equus</span> 
     </span>
     <span class='ocr_line' id='line_1_8' title="bbox 292 1298 1556 1383; baseline 0.003 -25"><span class='ocrx_word' id='word_1_48' title='bbox 292 1311 438 1361; x_wconf 90' lang='lat' dir='ltr'>mortuus</span> <span class='ocrx_word' id='word_1_49' title='bbox 462 1313 519 1378; x_wconf 90' lang='lat' dir='ltr'>est,</span> <span class='ocrx_word' id='word_1_50' title='bbox 544 1300 611 1382; x_wconf 90' lang='lat' dir='ltr'>ipse</span> <span class='ocrx_word' id='word_1_51' title='bbox 637 1298 762 1382; x_wconf 89' lang='lat' dir='ltr'>Gywan</span> <span class='ocrx_word' id='word_1_52' title='bbox 787 1299 891 1380; x_wconf 89' lang='lat' dir='ltr'>jurare</span> <span class='ocrx_word' id='word_1_53' title='bbox 915 1301 1075 1362; x_wconf 90' lang='lat' dir='ltr'>tenebitur</span> <span class='ocrx_word' id='word_1_54' title='bbox 1099 1299 1179 1362; x_wconf 85' lang='lat' dir='ltr'>feria</span> <span class='ocrx_word' id='word_1_55' title='bbox 1203 1313 1289 1363; x_wconf 85' lang='lat' dir='ltr'>sexta</span> <span class='ocrx_word' id='word_1_56' title='bbox 1312 1302 1456 1383; x_wconf 86' lang='lat' dir='ltr'>proxime</span> <span class='ocrx_word' id='word_1_57' title='bbox 1481 1321 1556 1362; x_wconf 90' lang='lat' dir='ltr'>ven·</span> 
     </span>
     <span class='ocr_line' id='line_1_9' title="bbox 291 1405 1558 1491; baseline 0.001 -24"><span class='ocrx_word' id='word_1_58' title='bbox 291 1419 372 1484; x_wconf 90' lang='lat' dir='ltr'>tura,</span> <span class='ocrx_word' id='word_1_59' title='bbox 397 1406 486 1489; x_wconf 92' lang='lat' dir='ltr'>quod</span> <span class='ocrx_word' id='word_1_60' title='bbox 511 1407 578 1489; x_wconf 87' lang='lat' dir='ltr'>ipse</span> <span class='ocrx_word' id='word_1_61' title='bbox 603 1425 705 1488; x_wconf 84' lang='lat' dir='ltr'>equus</span> <span class='ocrx_word' id='word_1_62' title='bbox 722 1425 786 1467; x_wconf 93' lang='lat' dir='ltr'>non</span> <span class='ocrx_word' id='word_1_63' title='bbox 814 1421 860 1467; x_wconf 90' lang='lat' dir='ltr'>est</span> <span class='ocrx_word' id='word_1_64' title='bbox 875 1427 933 1489; x_wconf 87' lang='lat' dir='ltr'>per</span> <span class='ocrx_word' id='word_1_65' title='bbox 956 1406 1118 1468; x_wconf 81' lang='lat' dir='ltr'>maliciam</span> <span class='ocrx_word' id='word_1_66' title='bbox 1144 1407 1244 1490; x_wconf 91' lang='lat' dir='ltr'>ipsius</span> <span class='ocrx_word' id='word_1_67' title='bbox 1261 1405 1386 1491; x_wconf 87' lang='lat' dir='ltr'>Gywan</span> <span class='ocrx_word' id='word_1_68' title='bbox 1411 1421 1558 1469; x_wconf 91' lang='lat' dir='ltr'>mortuus</span> 
     </span>
     <span class='ocr_line' id='line_1_10' title="bbox 291 1513 1556 1596; baseline 0.001 -23"><span class='ocrx_word' id='word_1_69' title='bbox 291 1513 346 1574; x_wconf 88' lang='lat' dir='ltr'>sed</span> <span class='ocrx_word' id='word_1_70' title='bbox 372 1533 409 1574; x_wconf 88' lang='lat' dir='ltr'>ex</span> <span class='ocrx_word' id='word_1_71' title='bbox 434 1513 555 1575; x_wconf 90' lang='lat' dir='ltr'>lesione</span> <span class='ocrx_word' id='word_1_72' title='bbox 580 1513 680 1596; x_wconf 91' lang='lat' dir='ltr'>ipsius</span> <span class='ocrx_word' id='word_1_73' title='bbox 704 1513 846 1575; x_wconf 90' lang='lat' dir='ltr'>custodis</span> <span class='ocrx_word' id='word_1_74' title='bbox 870 1527 901 1574; x_wconf 91' lang='lat' dir='ltr'>et</span> <span class='ocrx_word' id='word_1_75' title='bbox 928 1533 984 1575; x_wconf 89' lang='lat' dir='ltr'>sua</span> <span class='ocrx_word' id='word_1_76' title='bbox 1002 1513 1136 1593; x_wconf 88' lang='lat' dir='ltr'>incuria,</span> <span class='ocrx_word' id='word_1_77' title='bbox 1161 1528 1192 1575; x_wconf 89' lang='lat' dir='ltr'>et</span> <span class='ocrx_word' id='word_1_78' title='bbox 1214 1515 1315 1575; x_wconf 89' lang='lat' dir='ltr'>eciam</span> <span class='ocrx_word' id='word_1_79' title='bbox 1341 1514 1444 1594; x_wconf 90' lang='lat' dir='ltr'>jurare</span> <span class='ocrx_word' id='word_1_80' title='bbox 1469 1529 1556 1575; x_wconf 90' lang='lat' dir='ltr'>tene-</span> 
     </span>
     <span class='ocr_line' id='line_1_11' title="bbox 291 1618 1557 1702; baseline 0.002 -22"><span class='ocrx_word' id='word_1_81' title='bbox 291 1618 378 1681; x_wconf 89' lang='lat' dir='ltr'>bitur</span> <span class='ocrx_word' id='word_1_82' title='bbox 401 1633 559 1701; x_wconf 84' lang='lat' dir='ltr'>quantum</span> <span class='ocrx_word' id='word_1_83' title='bbox 583 1619 684 1682; x_wconf 85' lang='lat' dir='ltr'>valuit</span> <span class='ocrx_word' id='word_1_84' title='bbox 701 1620 768 1702; x_wconf 89' lang='lat' dir='ltr'>ipse</span> <span class='ocrx_word' id='word_1_85' title='bbox 793 1639 913 1701; x_wconf 88' lang='lat' dir='ltr'>equus;</span> <span class='ocrx_word' id='word_1_86' title='bbox 938 1632 969 1681; x_wconf 93' lang='lat' dir='ltr'>et</span> <span class='ocrx_word' id='word_1_87' title='bbox 993 1620 1069 1681; x_wconf 94' lang='lat' dir='ltr'>dum</span> <span class='ocrx_word' id='word_1_88' title='bbox 1088 1619 1215 1701; x_wconf 81' lang='lat' dir='ltr'>jurabit,</span> <span class='ocrx_word' id='word_1_89' title='bbox 1239 1633 1316 1682; x_wconf 92' lang='lat' dir='ltr'>tunc</span> <span class='ocrx_word' id='word_1_90' title='bbox 1333 1621 1400 1702; x_wconf 91' lang='lat' dir='ltr'>ipse</span> <span class='ocrx_word' id='word_1_91' title='bbox 1418 1619 1557 1683; x_wconf 86' lang='lat' dir='ltr'>famulus</span> 
     </span>
     <span class='ocr_line' id='line_1_12' title="bbox 291 1724 1510 1810; baseline 0.002 -24"><span class='ocrx_word' id='word_1_92' title='bbox 291 1724 425 1787; x_wconf 77' lang='lat' dir='ltr'>Acbacii</span> <span class='ocrx_word' id='word_1_93' title='bbox 448 1725 610 1788; x_wconf 88' lang='lat' dir='ltr'>tenebitur</span> <span class='ocrx_word' id='word_1_94' title='bbox 634 1726 758 1788; x_wconf 88' lang='lat' dir='ltr'>solvere</span> <span class='ocrx_word' id='word_1_95' title='bbox 784 1727 888 1808; x_wconf 91' lang='lat' dir='ltr'>ipsum</span> <span class='ocrx_word' id='word_1_96' title='bbox 914 1746 1033 1808; x_wconf 88' lang='lat' dir='ltr'>equum</span> <span class='ocrx_word' id='word_1_97' title='bbox 1059 1725 1164 1788; x_wconf 90' lang='lat' dir='ltr'>eidem</span> <span class='ocrx_word' id='word_1_98' title='bbox 1190 1725 1315 1810; x_wconf 88' lang='lat' dir='ltr'>Gywan</span> <span class='ocrx_word' id='word_1_99' title='bbox 1339 1728 1510 1790; x_wconf 89' lang='lat' dir='ltr'>tenebitur.</span> 
     </span>
    </p>

    <p class='ocr_par' dir='ltr' id='par_1_5' title="bbox 287 1831 1555 2534">
     <span class='ocr_line' id='line_1_13' title="bbox 398 1831 1554 1915; baseline 0 -21"><span class='ocrx_word' id='word_1_100' title='bbox 398 1831 476 1894; x_wconf 91' lang='lat' dir='ltr'>ltem</span> <span class='ocrx_word' id='word_1_101' title='bbox 501 1851 629 1895; x_wconf 82' lang='lat' dir='ltr'>causam</span> <span class='ocrx_word' id='word_1_102' title='bbox 655 1831 892 1894; x_wconf 88' lang='lat' dir='ltr'>interleccionis</span> <span class='ocrx_word' id='word_1_103' title='bbox 924 1851 1018 1894; x_wconf 81' lang='lat' dir='ltr'>vacce</span> <span class='ocrx_word' id='word_1_104' title='bbox 1044 1845 1074 1895; x_wconf 87' lang='lat' dir='ltr'>et</span> <span class='ocrx_word' id='word_1_105' title='bbox 1104 1833 1197 1895; x_wconf 89' lang='lat' dir='ltr'>vituli</span> <span class='ocrx_word' id='word_1_106' title='bbox 1222 1831 1351 1894; x_wconf 90' lang='lat' dir='ltr'>Thome</span> <span class='ocrx_word' id='word_1_107' title='bbox 1375 1831 1554 1915; x_wconf 82' lang='lat' dir='ltr'>ireniparis,</span> 
     </span>
     <span class='ocr_line' id='line_1_14' title="bbox 292 1937 1552 2022; baseline -0.001 -21"><span class='ocrx_word' id='word_1_108' title='bbox 292 1940 428 2001; x_wconf 90' lang='lat' dir='ltr'>senioris</span> <span class='ocrx_word' id='word_1_109' title='bbox 458 1938 586 2020; x_wconf 84' lang='lat' dir='ltr'>judicis,</span> <span class='ocrx_word' id='word_1_110' title='bbox 616 1959 673 2022; x_wconf 91' lang='lat' dir='ltr'>per</span> <span class='ocrx_word' id='word_1_111' title='bbox 705 1953 843 2020; x_wconf 93' lang='lat' dir='ltr'>quatuor</span> <span class='ocrx_word' id='word_1_112' title='bbox 875 1937 1013 2000; x_wconf 86' lang='lat' dir='ltr'>famulos</span> <span class='ocrx_word' id='word_1_113' title='bbox 1043 1953 1118 2020; x_wconf 92' lang='lat' dir='ltr'>puta</span> <span class='ocrx_word' id='word_1_114' title='bbox 1151 1937 1306 2000; x_wconf 85' lang='lat' dir='ltr'>Anthonii</span> <span class='ocrx_word' id='word_1_115' title='bbox 1340 1938 1552 2021; x_wconf 89' lang='lat' dir='ltr'>Therrnsych,</span> 
     </span>
     <span class='ocr_line' id='line_1_15' title="bbox 291 2044 1555 2129; baseline 0.001 -23"><span class='ocrx_word' id='word_1_116' title='bbox 291 2044 429 2125; x_wconf 88' lang='lat' dir='ltr'>Achacz,</span> <span class='ocrx_word' id='word_1_117' title='bbox 454 2045 582 2108; x_wconf 89' lang='lat' dir='ltr'>Thome</span> <span class='ocrx_word' id='word_1_118' title='bbox 600 2047 717 2108; x_wconf 93' lang='lat' dir='ltr'>sutoris</span> <span class='ocrx_word' id='word_1_119' title='bbox 741 2059 772 2108; x_wconf 89' lang='lat' dir='ltr'>et</span> <span class='ocrx_word' id='word_1_120' title='bbox 789 2046 917 2129; x_wconf 91' lang='lat' dir='ltr'>Mycule</span> <span class='ocrx_word' id='word_1_121' title='bbox 933 2045 1044 2126; x_wconf 86' lang='lat' dir='ltr'>generi</span> <span class='ocrx_word' id='word_1_122' title='bbox 1062 2044 1293 2128; x_wconf 86' lang='lat' dir='ltr'>Wythethych,</span> <span class='ocrx_word' id='word_1_123' title='bbox 1319 2045 1384 2126; x_wconf 88' lang='lat' dir='ltr'>ipse</span> <span class='ocrx_word' id='word_1_124' title='bbox 1409 2045 1555 2107; x_wconf 84' lang='lat' dir='ltr'>Thomas</span> 
     </span>
     <span class='ocr_line' id='line_1_16' title="bbox 289 2150 1553 2234; baseline 0.002 -22"><span class='ocrx_word' id='word_1_125' title='bbox 289 2150 392 2231; x_wconf 82' lang='lat' dir='ltr'>jurare</span> <span class='ocrx_word' id='word_1_126' title='bbox 416 2152 578 2215; x_wconf 88' lang='lat' dir='ltr'>tenebitur</span> <span class='ocrx_word' id='word_1_127' title='bbox 609 2152 721 2214; x_wconf 88' lang='lat' dir='ltr'>eadem</span> <span class='ocrx_word' id='word_1_128' title='bbox 748 2151 825 2214; x_wconf 91' lang='lat' dir='ltr'>feria</span> <span class='ocrx_word' id='word_1_129' title='bbox 858 2163 943 2213; x_wconf 84' lang='lat' dir='ltr'>sexta</span> <span class='ocrx_word' id='word_1_130' title='bbox 968 2152 1113 2234; x_wconf 89' lang='lat' dir='ltr'>proxime</span> <span class='ocrx_word' id='word_1_131' title='bbox 1147 2166 1279 2214; x_wconf 88' lang='lat' dir='ltr'>ventura</span> <span class='ocrx_word' id='word_1_132' title='bbox 1311 2152 1342 2213; x_wconf 94' lang='lat' dir='ltr'>in</span> <span class='ocrx_word' id='word_1_133' title='bbox 1368 2172 1420 2212; x_wconf 89' lang='lat' dir='ltr'>ara</span> <span class='ocrx_word' id='word_1_134' title='bbox 1446 2167 1553 2214; x_wconf 91' lang='lat' dir='ltr'>sancte</span> 
     </span>
     <span class='ocr_line' id='line_1_17' title="bbox 288 2256 1553 2341; baseline 0 -22"><span class='ocrx_word' id='word_1_135' title='bbox 288 2258 402 2320; x_wconf 85' lang='lat' dir='ltr'>Crucis</span> <span class='ocrx_word' id='word_1_136' title='bbox 424 2259 590 2338; x_wconf 91' lang='lat' dir='ltr'>solusmet‚</span> <span class='ocrx_word' id='word_1_137' title='bbox 615 2272 771 2341; x_wconf 89' lang='lat' dir='ltr'>quantum</span> <span class='ocrx_word' id='word_1_138' title='bbox 797 2258 898 2320; x_wconf 89' lang='lat' dir='ltr'>valuit</span> <span class='ocrx_word' id='word_1_139' title='bbox 923 2259 990 2340; x_wconf 89' lang='lat' dir='ltr'>ipsa</span> <span class='ocrx_word' id='word_1_140' title='bbox 1014 2277 1108 2320; x_wconf 83' lang='lat' dir='ltr'>vacca</span> <span class='ocrx_word' id='word_1_141' title='bbox 1134 2271 1165 2319; x_wconf 91' lang='lat' dir='ltr'>et</span> <span class='ocrx_word' id='word_1_142' title='bbox 1189 2257 1309 2320; x_wconf 90' lang='lat' dir='ltr'>vitulus</span> <span class='ocrx_word' id='word_1_143' title='bbox 1333 2256 1497 2334; x_wconf 90' lang='lat' dir='ltr'>eiusdem;</span> <span class='ocrx_word' id='word_1_144' title='bbox 1522 2273 1553 2320; x_wconf 93' lang='lat' dir='ltr'>et</span> 
     </span>
     <span class='ocr_line' id='line_1_18' title="bbox 287 2363 1553 2448; baseline 0.001 -23"><span class='ocrx_word' id='word_1_145' title='bbox 287 2364 364 2428; x_wconf 89' lang='lat' dir='ltr'>dum</span> <span class='ocrx_word' id='word_1_146' title='bbox 401 2365 529 2448; x_wconf 88' lang='lat' dir='ltr'>jurabit,</span> <span class='ocrx_word' id='word_1_147' title='bbox 560 2379 637 2429; x_wconf 92' lang='lat' dir='ltr'>tunc</span> <span class='ocrx_word' id='word_1_148' title='bbox 669 2365 728 2448; x_wconf 91' lang='lat' dir='ltr'>ipsi</span> <span class='ocrx_word' id='word_1_149' title='bbox 762 2379 901 2447; x_wconf 88' lang='lat' dir='ltr'>quatuor</span> <span class='ocrx_word' id='word_1_150' title='bbox 931 2364 1055 2426; x_wconf 88' lang='lat' dir='ltr'>solvere</span> <span class='ocrx_word' id='word_1_151' title='bbox 1087 2365 1281 2426; x_wconf 86' lang='lat' dir='ltr'>tenebuntur</span> <span class='ocrx_word' id='word_1_152' title='bbox 1313 2363 1418 2426; x_wconf 91' lang='lat' dir='ltr'>eidem</span> <span class='ocrx_word' id='word_1_153' title='bbox 1451 2363 1553 2446; x_wconf 87' lang='lat' dir='ltr'>ipsam</span> 
     </span>
     <span class='ocr_line' id='line_1_19' title="bbox 287 2491 428 2534; baseline 0.021 -3"><span class='ocrx_word' id='word_1_154' title='bbox 287 2491 428 2534; x_wconf 82' lang='lat' dir='ltr'>vaccam.</span> 
     </span>
    </p>

    <p class='ocr_par' dir='ltr' id='par_1_6' title="bbox 286 2575 1550 2874">
     <span class='ocr_line' id='line_1_20' title="bbox 392 2575 1550 2660; baseline 0.002 -22"><span class='ocrx_word' id='word_1_155' title='bbox 392 2579 470 2641; x_wconf 89' lang='lat' dir='ltr'>ltem</span> <span class='ocrx_word' id='word_1_156' title='bbox 495 2578 703 2640; x_wconf 91' lang='lat' dir='ltr'>commissum</span> <span class='ocrx_word' id='word_1_157' title='bbox 735 2591 782 2640; x_wconf 87' lang='lat' dir='ltr'>est</span> <span class='ocrx_word' id='word_1_158' title='bbox 813 2578 950 2640; x_wconf 91' lang='lat' dir='ltr'>Nicolao</span> <span class='ocrx_word' id='word_1_159' title='bbox 982 2577 1123 2660; x_wconf 83' lang='lat' dir='ltr'>agricole</span> <span class='ocrx_word' id='word_1_160' title='bbox 1155 2576 1279 2659; x_wconf 89' lang='lat' dir='ltr'>pecleni</span> <span class='ocrx_word' id='word_1_161' title='bbox 1312 2575 1409 2656; x_wconf 83' lang='lat' dir='ltr'>dicto,</span> <span class='ocrx_word' id='word_1_162' title='bbox 1435 2579 1550 2640; x_wconf 87' lang='lat' dir='ltr'>Janselr</span> 
     </span>
     <span class='ocr_line' id='line_1_21' title="bbox 289 2683 1549 2767; baseline 0.002 -23"><span class='ocrx_word' id='word_1_163' title='bbox 289 2683 370 2746; x_wconf 93' lang='lat' dir='ltr'>illud</span> <span class='ocrx_word' id='word_1_164' title='bbox 395 2685 569 2766; x_wconf 89' lang='lat' dir='ltr'>birsagium</span> <span class='ocrx_word' id='word_1_165' title='bbox 587 2685 712 2746; x_wconf 89' lang='lat' dir='ltr'>solvere</span> <span class='ocrx_word' id='word_1_166' title='bbox 730 2684 818 2766; x_wconf 90' lang='lat' dir='ltr'>quod</span> <span class='ocrx_word' id='word_1_167' title='bbox 836 2683 896 2746; x_wconf 84' lang='lat' dir='ltr'>fuit</span> <span class='ocrx_word' id='word_1_168' title='bbox 912 2683 1132 2766; x_wconf 90' lang='lat' dir='ltr'>adjudicatum</span> <span class='ocrx_word' id='word_1_169' title='bbox 1150 2683 1210 2745; x_wconf 91' lang='lat' dir='ltr'>sibi</span> <span class='ocrx_word' id='word_1_170' title='bbox 1228 2683 1430 2766; x_wconf 76' lang='lat' dir='ltr'>periuratos,</span> <span class='ocrx_word' id='word_1_171' title='bbox 1447 2705 1549 2767; x_wconf 87' lang='lat' dir='ltr'>usque</span> 
     </span>
     <span class='ocr_line' id='line_1_22' title="bbox 286 2789 1549 2874; baseline 0.002 -22"><span class='ocrx_word' id='word_1_172' title='bbox 286 2805 435 2853; x_wconf 90' lang='lat' dir='ltr'>octavum</span> <span class='ocrx_word' id='word_1_173' title='bbox 450 2792 537 2852; x_wconf 89' lang='lat' dir='ltr'>diem</span> <span class='ocrx_word' id='word_1_174' title='bbox 550 2791 696 2874; x_wconf 88' lang='lat' dir='ltr'>proxime</span> <span class='ocrx_word' id='word_1_175' title='bbox 710 2789 852 2852; x_wconf 81' lang='lat' dir='ltr'>futurum</span> <span class='ocrx_word' id='word_1_176' title='bbox 866 2789 993 2853; x_wconf 88' lang='lat' dir='ltr'>solvere</span> <span class='ocrx_word' id='word_1_177' title='bbox 1007 2803 1037 2853; x_wconf 89' lang='lat' dir='ltr'>et</span> <span class='ocrx_word' id='word_1_178' title='bbox 1051 2790 1189 2852; x_wconf 88' lang='lat' dir='ltr'>eundem</span> <span class='ocrx_word' id='word_1_179' title='bbox 1202 2803 1390 2852; x_wconf 88' lang='lat' dir='ltr'>contentum</span> <span class='ocrx_word' id='word_1_180' title='bbox 1405 2791 1549 2855; x_wconf 89' lang='lat' dir='ltr'>reddere.</span> 
     </span>
    </p>

    <p class='ocr_par' dir='ltr' id='par_1_7' title="bbox 285 2896 1551 3387">
     <span class='ocr_line' id='line_1_23' title="bbox 392 2896 1551 2979; baseline 0.002 -21"><span class='ocrx_word' id='word_1_181' title='bbox 392 2897 471 2960; x_wconf 91' lang='lat' dir='ltr'>ltem</span> <span class='ocrx_word' id='word_1_182' title='bbox 496 2898 572 2979; x_wconf 93' lang='lat' dir='ltr'>quia</span> <span class='ocrx_word' id='word_1_183' title='bbox 597 2898 752 2960; x_wconf 88' lang='lat' dir='ltr'>discretus</span> <span class='ocrx_word' id='word_1_184' title='bbox 776 2897 823 2959; x_wconf 93' lang='lat' dir='ltr'>vir</span> <span class='ocrx_word' id='word_1_185' title='bbox 855 2896 1006 2959; x_wconf 91' lang='lat' dir='ltr'>dominus</span> <span class='ocrx_word' id='word_1_186' title='bbox 1040 2897 1155 2959; x_wconf 89' lang='lat' dir='ltr'>Gallus</span> <span class='ocrx_word' id='word_1_187' title='bbox 1185 2897 1417 2979; x_wconf 89' lang='lat' dir='ltr'>prebendarius</span> <span class='ocrx_word' id='word_1_188' title='bbox 1440 2913 1471 2960; x_wconf 90' lang='lat' dir='ltr'>et</span> <span class='ocrx_word' id='word_1_189' title='bbox 1495 2919 1551 2960; x_wconf 95' lang='lat' dir='ltr'>no-</span> 
     </span>
     <span class='ocr_line' id='line_1_24' title="bbox 286 3003 1550 3088; baseline 0.002 -24"><span class='ocrx_word' id='word_1_190' title='bbox 286 3004 385 3065; x_wconf 91' lang='lat' dir='ltr'>tarius</span> <span class='ocrx_word' id='word_1_191' title='bbox 416 3005 525 3066; x_wconf 88' lang='lat' dir='ltr'>vicarii</span> <span class='ocrx_word' id='word_1_192' title='bbox 558 3004 692 3066; x_wconf 85' lang='lat' dir='ltr'>ecclesie</span> <span class='ocrx_word' id='word_1_193' title='bbox 724 3003 940 3085; x_wconf 88' lang='lat' dir='ltr'>zagrabiensis</span> <span class='ocrx_word' id='word_1_194' title='bbox 972 3017 1081 3066; x_wconf 88' lang='lat' dir='ltr'>contra</span> <span class='ocrx_word' id='word_1_195' title='bbox 1115 3005 1260 3065; x_wconf 90' lang='lat' dir='ltr'>Marcum</span> <span class='ocrx_word' id='word_1_196' title='bbox 1294 3003 1550 3088; x_wconf 86' lang='lat' dir='ltr'>Gywralcowych</span> 
     </span>
     <span class='ocr_line' id='line_1_25' title="bbox 287 3109 1550 3193; baseline 0.002 -23"><span class='ocrx_word' id='word_1_197' title='bbox 287 3109 467 3172; x_wconf 86' lang='lat' dir='ltr'>carnificem</span> <span class='ocrx_word' id='word_1_198' title='bbox 494 3111 621 3172; x_wconf 88' lang='lat' dir='ltr'>racione</span> <span class='ocrx_word' id='word_1_199' title='bbox 646 3109 719 3172; x_wconf 85' lang='lat' dir='ltr'>furti</span> <span class='ocrx_word' id='word_1_200' title='bbox 745 3111 912 3172; x_wconf 90' lang='lat' dir='ltr'>cuiusdam</span> <span class='ocrx_word' id='word_1_201' title='bbox 930 3111 1059 3172; x_wconf 88' lang='lat' dir='ltr'>camisie</span> <span class='ocrx_word' id='word_1_202' title='bbox 1084 3110 1183 3191; x_wconf 86' lang='lat' dir='ltr'>vulgo</span> <span class='ocrx_word' id='word_1_203' title='bbox 1211 3110 1356 3193; x_wconf 87' lang='lat' dir='ltr'>surlycza</span> <span class='ocrx_word' id='word_1_204' title='bbox 1381 3111 1463 3173; x_wconf 89' lang='lat' dir='ltr'>dicte</span> <span class='ocrx_word' id='word_1_205' title='bbox 1488 3124 1550 3174; x_wconf 87' lang='lat' dir='ltr'>ter·</span> 
     </span>
     <span class='ocr_line' id='line_1_26' title="bbox 286 3215 1549 3299; baseline 0.002 -21"><span class='ocrx_word' id='word_1_206' title='bbox 286 3216 383 3278; x_wconf 91' lang='lat' dir='ltr'>ciario</span> <span class='ocrx_word' id='word_1_207' title='bbox 408 3217 449 3278; x_wconf 91' lang='lat' dir='ltr'>ad</span> <span class='ocrx_word' id='word_1_208' title='bbox 472 3215 628 3298; x_wconf 85' lang='lat' dir='ltr'>judicium</span> <span class='ocrx_word' id='word_1_209' title='bbox 661 3232 793 3278; x_wconf 88' lang='lat' dir='ltr'>vocatus</span> <span class='ocrx_word' id='word_1_210' title='bbox 821 3230 852 3278; x_wconf 90' lang='lat' dir='ltr'>et</span> <span class='ocrx_word' id='word_1_211' title='bbox 884 3217 1110 3298; x_wconf 87' lang='lat' dir='ltr'>proclamatus,</span> <span class='ocrx_word' id='word_1_212' title='bbox 1142 3235 1207 3277; x_wconf 93' lang='lat' dir='ltr'>non</span> <span class='ocrx_word' id='word_1_213' title='bbox 1239 3217 1420 3299; x_wconf 92' lang='lat' dir='ltr'>comparuit</span> <span class='ocrx_word' id='word_1_214' title='bbox 1444 3238 1549 3299; x_wconf 90' lang='lat' dir='ltr'>neque</span> 
     </span>
     <span class='ocr_line' id='line_1_27' title="bbox 285 3323 634 3387; baseline 0.006 -3"><span class='ocrx_word' id='word_1_215' title='bbox 285 3323 372 3385; x_wconf 89' lang='lat' dir='ltr'>venit</span> <span class='ocrx_word' id='word_1_216' title='bbox 397 3343 506 3385; x_wconf 91' lang='lat' dir='ltr'>coram</span> <span class='ocrx_word' id='word_1_217' title='bbox 531 3323 634 3387; x_wconf 91' lang='lat' dir='ltr'>nobis.</span> 
     </span>
    </p>
   </div>
   <div class='ocr_carea' id='block_1_3' title="bbox 314 3540 1518 3757">
    <p class='ocr_par' dir='ltr' id='par_1_8' title="bbox 314 3540 1518 3757">
     <span class='ocr_line' id='line_1_28' title="bbox 314 3540 1518 3634; baseline -0.001 -19"><span class='ocrx_word' id='word_1_218' title='bbox 314 3540 412 3616; x_wconf 82' lang='lat' dir='ltr'>Faria</span> <span class='ocrx_word' id='word_1_219' title='bbox 442 3547 549 3616; x_wconf 85' lang='lat' dir='ltr'>tercia</span> <span class='ocrx_word' id='word_1_220' title='bbox 578 3545 731 3634; x_wconf 85' lang='lat' dir='ltr'>proxima</span> <span class='ocrx_word' id='word_1_221' title='bbox 760 3551 837 3633; x_wconf 87' lang='lat' dir='ltr'>post</span> <span class='ocrx_word' id='word_1_222' title='bbox 865 3543 985 3615; x_wconf 85' lang='lat' dir='ltr'>leston</span> <span class='ocrx_word' id='word_1_223' title='bbox 1014 3543 1189 3615; x_wconf 86' lang='lat' dir='ltr'>beatorum</span> <span class='ocrx_word' id='word_1_224' title='bbox 1219 3543 1288 3615; x_wconf 88' lang='lat' dir='ltr'>Viti</span> <span class='ocrx_word' id='word_1_225' title='bbox 1317 3551 1349 3614; x_wconf 88' lang='lat' dir='ltr'>et</span> <span class='ocrx_word' id='word_1_226' title='bbox 1378 3542 1518 3614; x_wconf 84' lang='lat' dir='ltr'>Modesti</span> 
     </span>
     <span class='ocr_line' id='line_1_29' title="bbox 610 3669 1219 3757; baseline -0.003 -17"><span class='ocrx_word' id='word_1_227' title='bbox 610 3671 801 3754; x_wconf 85' lang='lat' dir='ltr'>martirum,</span> <span class='ocrx_word' id='word_1_228' title='bbox 831 3670 981 3757; x_wconf 89' lang='lat' dir='ltr'>proxime</span> <span class='ocrx_word' id='word_1_229' title='bbox 1008 3669 1219 3757; x_wconf 86' lang='lat' dir='ltr'>preteritum.</span> 
     </span>
    </p>
   </div>
   <div class='ocr_carea' id='block_1_4' title="bbox 816 3817 1008 3899">
    <p class='ocr_par' dir='ltr' id='par_1_9' title="bbox 816 3817 1008 3899">
     <span class='ocr_line' id='line_1_30' title="bbox 816 3817 1008 3899; baseline 0.016 -21"><span class='ocrx_word' id='word_1_230' title='bbox 816 3817 882 3899; x_wconf 78' lang='lat'><em>(16.</em></span> <span class='ocrx_word' id='word_1_231' title='bbox 899 3821 1008 3896; x_wconf 70' lang='lat' dir='ltr'>sitnia).</span> 
     </span>
    </p>
   </div>
   <div class='ocr_carea' id='block_1_5' title="bbox 280 3959 1548 5111">
    <p class='ocr_par' dir='ltr' id='par_1_10' title="bbox 285 3959 1546 4238">
     <span class='ocr_line' id='line_1_31' title="bbox 390 3959 1546 4042; baseline -0.001 -21"><span class='ocrx_word' id='word_1_232' title='bbox 390 3961 468 4022; x_wconf 88' lang='lat' dir='ltr'>ltem</span> <span class='ocrx_word' id='word_1_233' title='bbox 501 3961 577 4042; x_wconf 91' lang='lat' dir='ltr'>quia</span> <span class='ocrx_word' id='word_1_234' title='bbox 603 3959 780 4042; x_wconf 81' lang='lat' dir='ltr'>Gregorius</span> <span class='ocrx_word' id='word_1_235' title='bbox 810 3974 899 4022; x_wconf 90' lang='lat' dir='ltr'>sutor</span> <span class='ocrx_word' id='word_1_236' title='bbox 929 3980 1092 4023; x_wconf 90' lang='lat' dir='ltr'>successor</span> <span class='ocrx_word' id='word_1_237' title='bbox 1117 3959 1249 4042; x_wconf 85' lang='lat' dir='ltr'>Georgii</span> <span class='ocrx_word' id='word_1_238' title='bbox 1282 3959 1403 4021; x_wconf 88' lang='lat' dir='ltr'>Bekaui</span> <span class='ocrx_word' id='word_1_239' title='bbox 1437 3973 1546 4020; x_wconf 89' lang='lat' dir='ltr'>contra</span> 
     </span>
     <span class='ocr_line' id='line_1_32' title="bbox 287 4065 1546 4150; baseline -0.002 -22"><span class='ocrx_word' id='word_1_240' title='bbox 287 4086 421 4129; x_wconf 90' lang='lat' dir='ltr'>uxorem</span> <span class='ocrx_word' id='word_1_241' title='bbox 448 4067 614 4129; x_wconf 89' lang='lat' dir='ltr'>Michaelis</span> <span class='ocrx_word' id='word_1_242' title='bbox 638 4067 726 4150; x_wconf 89' lang='lat' dir='ltr'>parvi</span> <span class='ocrx_word' id='word_1_243' title='bbox 746 4068 862 4129; x_wconf 91' lang='lat' dir='ltr'>sutoris</span> <span class='ocrx_word' id='word_1_244' title='bbox 886 4068 991 4150; x_wconf 90' lang='lat' dir='ltr'>primo</span> <span class='ocrx_word' id='word_1_245' title='bbox 1021 4068 1134 4129; x_wconf 91' lang='lat' dir='ltr'>citatus</span> <span class='ocrx_word' id='word_1_246' title='bbox 1158 4087 1222 4128; x_wconf 92' lang='lat' dir='ltr'>non</span> <span class='ocrx_word' id='word_1_247' title='bbox 1247 4067 1426 4148; x_wconf 87' lang='lat' dir='ltr'>comparuit</span> <span class='ocrx_word' id='word_1_248' title='bbox 1451 4066 1481 4126; x_wconf 93' lang='lat' dir='ltr'>in</span> <span class='ocrx_word' id='word_1_249' title='bbox 1499 4065 1546 4146; x_wconf 87' lang='lat' dir='ltr'>ju·</span> 
     </span>
     <span class='ocr_line' id='line_1_33' title="bbox 285 4174 631 4238; baseline 0.006 -3"><span class='ocrx_word' id='word_1_250' title='bbox 285 4174 371 4236; x_wconf 88' lang='lat' dir='ltr'>dicio</span> <span class='ocrx_word' id='word_1_251' title='bbox 396 4193 503 4236; x_wconf 91' lang='lat' dir='ltr'>coram</span> <span class='ocrx_word' id='word_1_252' title='bbox 528 4175 631 4238; x_wconf 88' lang='lat' dir='ltr'>nobis.</span> 
     </span>
    </p>

    <p class='ocr_par' dir='ltr' id='par_1_11' title="bbox 282 4278 1548 4471">
     <span class='ocr_line' id='line_1_34' title="bbox 389 4278 1548 4363; baseline -0.003 -21"><span class='ocrx_word' id='word_1_253' title='bbox 389 4281 466 4342; x_wconf 92' lang='lat' dir='ltr'>ltem</span> <span class='ocrx_word' id='word_1_254' title='bbox 492 4282 567 4363; x_wconf 92' lang='lat' dir='ltr'>quia</span> <span class='ocrx_word' id='word_1_255' title='bbox 593 4283 709 4344; x_wconf 89' lang='lat' dir='ltr'>Kelecz</span> <span class='ocrx_word' id='word_1_256' title='bbox 734 4295 823 4344; x_wconf 93' lang='lat' dir='ltr'>sutor</span> <span class='ocrx_word' id='word_1_257' title='bbox 847 4295 957 4343; x_wconf 88' lang='lat' dir='ltr'>contra</span> <span class='ocrx_word' id='word_1_258' title='bbox 983 4281 1071 4342; x_wconf 85' lang='lat' dir='ltr'>Hans</span> <span class='ocrx_word' id='word_1_259' title='bbox 1096 4281 1195 4341; x_wconf 90' lang='lat' dir='ltr'>Pazar</span> <span class='ocrx_word' id='word_1_260' title='bbox 1219 4278 1409 4341; x_wconf 90' lang='lat' dir='ltr'>secundario</span> <span class='ocrx_word' id='word_1_261' title='bbox 1434 4280 1548 4341; x_wconf 92' lang='lat' dir='ltr'>citatus</span> 
     </span>
     <span class='ocr_line' id='line_1_35' title="bbox 282 4389 1018 4471; baseline 0 -21"><span class='ocrx_word' id='word_1_262' title='bbox 282 4407 346 4450; x_wconf 92' lang='lat' dir='ltr'>non</span> <span class='ocrx_word' id='word_1_263' title='bbox 372 4390 552 4471; x_wconf 88' lang='lat' dir='ltr'>comparuit</span> <span class='ocrx_word' id='word_1_264' title='bbox 576 4390 608 4451; x_wconf 90' lang='lat' dir='ltr'>iu</span> <span class='ocrx_word' id='word_1_265' title='bbox 633 4389 754 4471; x_wconf 89' lang='lat' dir='ltr'>judicio</span> <span class='ocrx_word' id='word_1_266' title='bbox 779 4408 887 4450; x_wconf 91' lang='lat' dir='ltr'>coram</span> <span class='ocrx_word' id='word_1_267' title='bbox 914 4389 1018 4450; x_wconf 92' lang='lat' dir='ltr'>nobis.</span> 
     </span>
    </p>

    <p class='ocr_par' dir='ltr' id='par_1_12' title="bbox 280 4491 1548 5111">
     <span class='ocr_line' id='line_1_36' title="bbox 388 4491 1546 4579; baseline -0.003 -24"><span class='ocrx_word' id='word_1_268' title='bbox 388 4495 467 4556; x_wconf 91' lang='lat' dir='ltr'>ltem</span> <span class='ocrx_word' id='word_1_269' title='bbox 499 4515 628 4557; x_wconf 90' lang='lat' dir='ltr'>causam</span> <span class='ocrx_word' id='word_1_270' title='bbox 664 4496 746 4557; x_wconf 88' lang='lat' dir='ltr'>inter</span> <span class='ocrx_word' id='word_1_271' title='bbox 779 4495 893 4579; x_wconf 78' lang='lat' dir='ltr'>lladoy</span> <span class='ocrx_word' id='word_1_272' title='bbox 926 4494 966 4556; x_wconf 90' lang='lat' dir='ltr'>de</span> <span class='ocrx_word' id='word_1_273' title='bbox 990 4495 1213 4556; x_wconf 85' lang='lat' dir='ltr'>Jaztrebarzlca</span> <span class='ocrx_word' id='word_1_274' title='bbox 1245 4505 1275 4553; x_wconf 90' lang='lat' dir='ltr'>et</span> <span class='ocrx_word' id='word_1_275' title='bbox 1299 4492 1381 4553; x_wconf 88' lang='lat' dir='ltr'>inter</span> <span class='ocrx_word' id='word_1_276' title='bbox 1405 4491 1546 4552; x_wconf 75' lang='lat' dir='ltr'>blasium</span> 
     </span>
     <span class='ocr_line' id='line_1_37' title="bbox 282 4598 1547 4684; baseline -0.003 -23"><span class='ocrx_word' id='word_1_277' title='bbox 282 4599 467 4684; x_wconf 84' lang='lat' dir='ltr'>Ztenychlry</span> <span class='ocrx_word' id='word_1_278' title='bbox 491 4602 619 4663; x_wconf 91' lang='lat' dir='ltr'>racione</span> <span class='ocrx_word' id='word_1_279' title='bbox 644 4622 700 4663; x_wconf 91' lang='lat' dir='ltr'>sue</span> <span class='ocrx_word' id='word_1_280' title='bbox 725 4602 954 4684; x_wconf 89' lang='lat' dir='ltr'>captivacionis</span> <span class='ocrx_word' id='word_1_281' title='bbox 982 4599 1074 4681; x_wconf 91' lang='lat' dir='ltr'>jurati</span> <span class='ocrx_word' id='word_1_282' title='bbox 1094 4599 1177 4661; x_wconf 87' lang='lat' dir='ltr'>dicte</span> <span class='ocrx_word' id='word_1_283' title='bbox 1202 4599 1338 4660; x_wconf 90' lang='lat' dir='ltr'>civitatis</span> <span class='ocrx_word' id='word_1_284' title='bbox 1363 4599 1468 4658; x_wconf 89' lang='lat' dir='ltr'>taliter</span> <span class='ocrx_word' id='word_1_285' title='bbox 1493 4598 1547 4658; x_wconf 91' lang='lat' dir='ltr'>ad-</span> 
     </span>
     <span class='ocr_line' id='line_1_38' title="bbox 281 4701 1547 4790; baseline -0.001 -23"><span class='ocrx_word' id='word_1_286' title='bbox 281 4707 515 4788; x_wconf 83' lang='lat' dir='ltr'>judicaverunt,</span> <span class='ocrx_word' id='word_1_287' title='bbox 540 4708 628 4789; x_wconf 92' lang='lat' dir='ltr'>quod</span> <span class='ocrx_word' id='word_1_288' title='bbox 654 4709 728 4789; x_wconf 88' lang='lat' dir='ltr'>quia</span> <span class='ocrx_word' id='word_1_289' title='bbox 748 4709 814 4790; x_wconf 89' lang='lat' dir='ltr'>ipse</span> <span class='ocrx_word' id='word_1_290' title='bbox 840 4708 954 4790; x_wconf 80' lang='lat' dir='ltr'>Radoy</span> <span class='ocrx_word' id='word_1_291' title='bbox 979 4707 1074 4768; x_wconf 92' lang='lat' dir='ltr'>habet</span> <span class='ocrx_word' id='word_1_292' title='bbox 1091 4707 1197 4767; x_wconf 90' lang='lat' dir='ltr'>literas</span> <span class='ocrx_word' id='word_1_293' title='bbox 1221 4701 1299 4767; x_wconf 88' lang='lat' dir='ltr'>salvi</span> <span class='ocrx_word' id='word_1_294' title='bbox 1329 4705 1547 4766; x_wconf 88' lang='lat' dir='ltr'>conductusa</span> 
     </span>
     <span class='ocr_line' id='line_1_39' title="bbox 281 4811 1547 4896; baseline -0.004 -21"><span class='ocrx_word' id='word_1_295' title='bbox 281 4815 451 4896; x_wconf 90' lang='lat' dir='ltr'>capitaneo</span> <span class='ocrx_word' id='word_1_296' title='bbox 474 4829 505 4876; x_wconf 88' lang='lat' dir='ltr'>et</span> <span class='ocrx_word' id='word_1_297' title='bbox 522 4816 751 4877; x_wconf 86' lang='lat' dir='ltr'>communitate</span> <span class='ocrx_word' id='word_1_298' title='bbox 770 4815 852 4876; x_wconf 88' lang='lat' dir='ltr'>dicte</span> <span class='ocrx_word' id='word_1_299' title='bbox 870 4815 1017 4892; x_wconf 86' lang='lat' dir='ltr'>civitatis,</span> <span class='ocrx_word' id='word_1_300' title='bbox 1036 4814 1109 4876; x_wconf 90' lang='lat' dir='ltr'>ideo</span> <span class='ocrx_word' id='word_1_301' title='bbox 1129 4813 1194 4895; x_wconf 90' lang='lat' dir='ltr'>ipse</span> <span class='ocrx_word' id='word_1_302' title='bbox 1214 4813 1338 4874; x_wconf 89' lang='lat' dir='ltr'>Blasius</span> <span class='ocrx_word' id='word_1_303' title='bbox 1362 4811 1547 4894; x_wconf 82' lang='lat' dir='ltr'>Ztenychlry</span> 
     </span>
     <span class='ocr_line' id='line_1_40' title="bbox 281 4919 1548 5003; baseline -0.005 -21"><span class='ocrx_word' id='word_1_304' title='bbox 281 4921 388 4983; x_wconf 93' lang='lat' dir='ltr'>noluit</span> <span class='ocrx_word' id='word_1_305' title='bbox 412 4921 516 4983; x_wconf 88' lang='lat' dir='ltr'>eidem</span> <span class='ocrx_word' id='word_1_306' title='bbox 536 4921 658 5002; x_wconf 91' lang='lat' dir='ltr'>aliquid</span> <span class='ocrx_word' id='word_1_307' title='bbox 677 4921 872 5003; x_wconf 87' lang='lat' dir='ltr'>respondere</span> <span class='ocrx_word' id='word_1_308' title='bbox 891 4921 921 4981; x_wconf 92' lang='lat' dir='ltr'>in</span> <span class='ocrx_word' id='word_1_309' title='bbox 936 4920 1067 5000; x_wconf 88' lang='lat' dir='ltr'>judicio,</span> <span class='ocrx_word' id='word_1_310' title='bbox 1086 4919 1160 4980; x_wconf 89' lang='lat' dir='ltr'>ideo</span> <span class='ocrx_word' id='word_1_311' title='bbox 1178 4938 1241 4980; x_wconf 91' lang='lat' dir='ltr'>non</span> <span class='ocrx_word' id='word_1_312' title='bbox 1260 4931 1433 5001; x_wconf 90' lang='lat' dir='ltr'>potuerunt</span> <span class='ocrx_word' id='word_1_313' title='bbox 1450 4937 1548 4998; x_wconf 90' lang='lat' dir='ltr'>penes</span> 
     </span>
     <span class='ocr_line' id='line_1_41' title="bbox 280 5025 1545 5111; baseline -0.005 -22"><span class='ocrx_word' id='word_1_314' title='bbox 280 5027 391 5089; x_wconf 91' lang='lat' dir='ltr'>literas</span> <span class='ocrx_word' id='word_1_315' title='bbox 415 5028 502 5109; x_wconf 90' lang='lat' dir='ltr'>regie</span> <span class='ocrx_word' id='word_1_316' title='bbox 527 5029 701 5090; x_wconf 90' lang='lat' dir='ltr'>Maiestatis</span> <span class='ocrx_word' id='word_1_317' title='bbox 725 5029 829 5088; x_wconf 89' lang='lat' dir='ltr'>eidem</span> <span class='ocrx_word' id='word_1_318' title='bbox 855 5028 969 5111; x_wconf 82' lang='lat' dir='ltr'>Radoy</span> <span class='ocrx_word' id='word_1_319' title='bbox 993 5047 1120 5089; x_wconf 88' lang='lat' dir='ltr'>causam</span> <span class='ocrx_word' id='word_1_320' title='bbox 1140 5027 1282 5109; x_wconf 87' lang='lat' dir='ltr'>ipsorum</span> <span class='ocrx_word' id='word_1_321' title='bbox 1307 5025 1449 5106; x_wconf 90' lang='lat' dir='ltr'>judicare</span> <span class='ocrx_word' id='word_1_322' title='bbox 1467 5042 1545 5104; x_wconf 90' lang='lat' dir='ltr'>quo-</span> 
     </span>
    </p>
   </div>
   <div class='ocr_carea' id='block_1_6' title="bbox 0 0 1924 5785">
    <p class='ocr_par' dir='ltr' id='par_1_13' title="bbox 0 0 1924 5785">
     <span class='ocr_line' id='line_1_42' title="bbox 0 0 1924 5785; baseline 0 0"><span class='ocrx_word' id='word_1_323' title='bbox 0 0 1924 5785; x_wconf 95' lang='lat' dir='ltr'> </span> 
     </span>
    </p>
   </div>
  </div>
 </body>
</html>
