3644 5788
582 528 785 610 Ann01458.
810 565 853 576 -
877 527 929 594 28.
947 532 1032 608 julii.
1387 550 1445 612 159

280 743 362 804 Item
380 743 473 826 jurati
491 743 755 824 adjudicaverunt
779 763 907 804 causam
926 743 1007 803 inter
1025 741 1240 802 Laurencium
1265 741 1305 802 de
1325 741 1443 802 Kalecz

178 849 308 912 fratrem
334 849 513 932 patruelem
537 850 674 911 condam
701 848 832 930 Georgii
866 849 1007 910 concivis
1037 847 1137 909 nostri
1163 847 1194 908 in
1221 847 1320 908 fluvio
1345 848 1440 908 Zavve

174 957 333 1018 submersi
352 977 388 1018 ac
405 952 582 1039 Elyzabeth
600 955 741 1018 Zernche
760 955 889 1036 dictam,
914 974 1047 1017 uxorem
1065 954 1256 1035 legittimam
1281 953 1439 1036 Dyonisii,

174 1064 306 1125 racione
339 1063 552 1145 quarumdam
586 1082 690 1124 rerum
723 1082 781 1124 nec
813 1081 878 1124 non
915 1061 1122 1143 pecuniarum
1156 1057 1270 1142 prefati
1307 1057 1440 1141 Georgii

174 1171 334 1231 submersi
360 1184 391 1233 et
414 1170 560 1231 intestate
578 1169 709 1247 decessi,
735 1189 770 1230 ac
787 1168 920 1230 demum
944 1168 976 1228 in
1006 1167 1123 1228 scrinio
1142 1167 1240 1248 ipsius
1264 1165 1441 1248 Elyzabeth

173 1288 387 1359 repertarum,
412 1295 493 1358 quos
517 1275 656 1338 florenos
681 1289 711 1336 et
735 1295 815 1356 quas
846 1275 999 1357 pecunias
1023 1272 1143 1357 prefata
1167 1273 1343 1356 Elyzabeth
1369 1293 1441 1354 pro·

173 1383 260 1465 prias
285 1385 445 1444 asserebat
461 1396 534 1465 post
558 1381 815 1444 confraccionem
832 1381 1012 1462 sigillorum
1038 1378 1235 1462 prefatorum
1253 1379 1439 1460 juratorum,

174 1489 296 1571 quibus
329 1488 443 1572 prefati
475 1489 568 1569 jurati
601 1489 712 1550 cistam
744 1508 799 1550 seu
831 1488 983 1549 scrinium
1018 1487 1117 1569 ipsius
1141 1485 1278 1548 condam
1304 1486 1436 1567 Georgii

177 1596 459 1677 consignaverunt,
483 1594 587 1656 taliter
611 1607 642 1655 et
666 1614 705 1656 eo
730 1594 840 1673 modo,
865 1615 901 1655 ex
927 1613 992 1676 quo
1017 1592 1137 1676 prelata
1165 1592 1341 1674 Elyzabeth
1367 1613 1437 1674 pre·

175 1699 239 1763 fata
265 1700 373 1783 sigilla
398 1700 492 1781 fregit
516 1714 547 1762 et
570 1701 653 1782 ipsas
683 1699 836 1783 pecunias
853 1701 998 1782 proprias
1015 1700 1127 1762 asserit
1151 1715 1291 1781 repertas
1316 1700 1346 1759 in
1365 1700 1439 1760 scri·

174 1829 237 1872 neo
263 1829 335 1888 suo,
359 1809 428 1870 sola
445 1827 502 1891 pro
527 1807 629 1869 tribus
652 1808 782 1872 florenis
807 1807 1022 1888 juramentum
1048 1806 1210 1888 deponere
1235 1807 1360 1884 debeat,
1384 1825 1441 1887 pro

173 1916 311 1997 reliquis
335 1934 411 1976 vero
436 1914 588 1996 omnibus
612 1927 643 1976 et
667 1914 802 1995 singulis
819 1933 878 1996 pro
902 1913 1048 1994 quolibet
1066 1911 1133 1976 flor.
1152 1912 1338 1994 singillatim
1358 1931 1440 1973 unus

171 2021 274 2083 homo
300 2021 515 2102 juramentum
541 2019 702 2102 deponere
727 2020 861 2095 debeat;
887 2020 1010 2100 dequo
1035 2018 1155 2100 judicio
1180 2018 1354 2098 juratorum
1370 2038 1439 2100 pre-

173 2127 239 2190 fata
276 2126 455 2209 Elyzabeth
491 2147 556 2188 non
593 2139 742 2188 contenta
778 2127 878 2207 ipsam
915 2143 1041 2186 causam
1074 2125 1113 2186 ad
1147 2123 1268 2204 judices
1298 2124 1440 2186 seniores

172 2234 362 2317 appellavit.

282 2341 361 2402 ltem
387 2340 504 2401 Paulus
528 2353 617 2402 sutor
641 2353 750 2400 contra
769 2337 1003 2420 Margaretham
1030 2335 1309 2398 Reluchevvicham
1333 2335 1438 2418 primo

174 2448 291 2510 citatus
316 2467 382 2508 non
407 2447 595 2528 comparuit.

280 2554 361 2615 ltem
386 2551 479 2633 jurati
504 2552 770 2634 adjudicaverunt
795 2569 923 2612 causam
949 2551 1030 2611 inter
1056 2548 1249 2632 Dyonisium
1273 2545 1440 2628 Wodopia

172 2673 203 2722 et
235 2658 437 2722 Twrlrouich
469 2659 598 2720 racione
631 2657 858 2740 disposicionis
888 2656 1055 2718 cuiusdam
1091 2655 1217 2734 domus,
1249 2653 1304 2716 tali
1330 2652 1440 2731 modo,

172 2766 261 2848 quod
287 2764 431 2849 prefatus
456 2764 653 2826 Turkowich
688 2777 802 2826 octavo
826 2764 878 2826 die
909 2763 1128 2845 juramentum
1152 2763 1183 2822 in
1209 2759 1339 2843 propria
1371 2779 1441 2840 per·

172 2893 251 2934 sona
275 2872 441 2954 deponere
473 2871 598 2948 debeat,
631 2884 666 2932 ut
697 2871 763 2953 ipse
795 2869 894 2932 totale
930 2867 1047 2931 lactum
1081 2866 1307 2949 disposicionis
1339 2865 1438 2947 ipsius

172 2979 290 3041 domus
307 2979 368 3040 sibi
386 2977 560 3060 deperierit
584 2998 620 3038 ac
643 2978 773 3059 insuper
789 2997 847 3059 pro
869 2976 1011 3058 quodam
1036 2975 1124 3036 socio
1141 2993 1199 3036 suo
1218 2993 1274 3055 pro
1300 2985 1438 3054 quatuor

172 3087 281 3167 pensis
306 3085 513 3146 denariorum
538 3083 706 3146 fideiussor
730 3103 794 3145 non
820 3081 890 3144 fuit.

280 3191 360 3252 ltem
385 3191 478 3272 jurati
503 3189 769 3273 adjudicaverunt
804 3190 885 3250 inter
910 3189 1087 3272 Symonem
1120 3201 1150 3247 et
1179 3185 1364 3266 Philippum
1388 3204 1438 3245 su·

171 3315 286 3376 torem,
313 3297 402 3378 quod
427 3309 540 3358 octavo
565 3296 617 3358 die
642 3295 783 3378 prefatus
808 3295 930 3377 Symon
955 3293 1171 3374 juramentum
1196 3291 1359 3374 deponere
1384 3290 1438 3351 de·

171 3407 245 3466 beat
268 3423 367 3486 super
386 3423 436 3482 e0,
461 3417 495 3465 ut
513 3403 579 3484 ipse
596 3403 656 3464 sibi
676 3401 728 3463 illa
751 3401 858 3464 debita
875 3420 938 3481 que
956 3401 1023 3482 ipse
1040 3413 1150 3461 contra
1164 3397 1302 3460 eundem
1321 3416 1437 3478 propo-

170 3513 268 3574 nebat
294 3530 353 3594 pro
377 3523 461 3572 terra
485 3511 543 3570 sibi
570 3509 728 3586 debenda,
753 3509 858 3569 eidem
884 3527 949 3568 non
974 3507 1180 3586 obligaretur.

279 3617 359 3679 Item
385 3616 477 3696 jurati
502 3615 769 3698 adjudicaverunt
801 3634 929 3676 causam
964 3613 1046 3674 inter
1070 3611 1213 3674 Blasium
1238 3609 1377 3691 juratum
1401 3629 1438 3668 ae

170 3725 356 3786 iohannem
389 3735 542 3784 sartorem
576 3722 704 3782 racione
736 3719 903 3782 cuiusdam
941 3717 1203 3798 adjudicacionis,
1234 3728 1268 3776 ut
1299 3713 1439 3796 prelatus

170 3831 299 3892 Blasius
334 3830 456 3908 juratus
488 3829 588 3910 ipsam
624 3847 751 3889 causam
776 3827 858 3907 juste
891 3825 1138 3906 adjudicaverat,
1171 3844 1207 3884 ac
1232 3821 1438 3905 postmodum

168 3935 314 4019 prefatus
338 3934 500 3996 Johannes
524 3935 627 4016 ipsam
654 3953 718 3994 non
743 3933 847 4015 potuit
864 3932 1045 4014 appellare;
1071 3931 1193 4012 dequo
1218 3928 1338 4009 judicio
1356 3927 1439 4008 jura-

167 4057 277 4105 torum
296 4039 440 4124 prefatus
456 4039 619 4102 Johannes
636 4059 701 4101 non
715 4053 884 4101 contentus
898 4038 1072 4120 appellavit
1089 4037 1129 4098 ad
1146 4038 1288 4099 seniores
1305 4035 1434 4116 iudices.

277 4148 357 4210 ltem
382 4147 475 4229 jurati
507 4145 772 4227 adjudicaverunt
800 4164 929 4206 causam
962 4146 1043 4205 inter
1069 4143 1261 4226 Dyonisium
1286 4141 1435 4222 Vodopia

168 4269 200 4319 et
224 4255 399 4318 Nicolaum
423 4254 502 4315 alias
532 4253 671 4334 juratum
704 4253 832 4314 racione
857 4251 1071 4333 quarumdam
1104 4253 1256 4312 arborum
1282 4249 1437 4330 plantata-

170 4381 255 4441 rum,
280 4360 370 4442 quod
401 4359 543 4443 prelatus
567 4359 719 4422 Nicolaus
750 4373 851 4420 sartor
882 4359 1002 4438 iuratus
1033 4358 1249 4440 juramentum
1275 4354 1437 4438 deponere

169 4469 289 4531 debeat
314 4467 346 4528 in
378 4488 427 4546 eo,
453 4467 541 4549 quod
575 4467 641 4548 ipse
674 4464 813 4548 prefatas
843 4467 974 4528 arbores
1001 4464 1040 4524 de
1073 4465 1139 4545 ipsa
1164 4464 1258 4524 vinea
1281 4481 1338 4522 sua
1372 4481 1436 4521 non

170 4574 354 4658 exportavit
389 4588 420 4636 et
444 4593 502 4636 nec
535 4574 595 4636 sibi
627 4572 762 4653 aliquod
795 4572 971 4654 dampnum
997 4572 1028 4632 in
1054 4571 1121 4652 ipsa
1155 4571 1248 4631 vinea
1272 4588 1329 4630 sua
1354 4567 1436 4630 lecit.

278 4680 358 4743 ltem
381 4680 477 4763 jurati
501 4679 767 4760 adjudicaverunt
796 4698 924 4740 causam
956 4679 1038 4738 inter
1063 4677 1262 4740 Demetrium
1288 4675 1367 4738 alias
1390 4673 1437 4756 ju·

165 4801 275 4851 ratum
308 4789 468 4849 seniorem
501 4799 531 4847 et
562 4805 696 4847 uxorem
729 4785 856 4846 Andree
881 4784 1022 4864 agricole
1056 4784 1184 4844 racione
1218 4781 1435 4864 quorumdam

166 4895 347 4978 pullorum,
370 4906 406 4955 ut
431 4893 496 4975 ipsa
522 4905 594 4975 post
627 4893 804 4972 ingressum
835 4889 949 4971 templi
974 4902 1045 4972 post
1081 4903 1219 4970 partum,
1245 4901 1359 4950 octavo
1384 4885 1435 4947 die

166 5001 319 5084 sequenti
342 5001 510 5062 terciamet
533 4997 749 5081 juramentum
768 4998 930 5080 deponere
956 4997 1070 5059 debeat
1095 4997 1136 5057 ita
1161 4995 1322 5070 videlicet,
1347 4994 1436 5076 quod
