3738 5786
595 593 682 650 Anno
705 605 794 670 1453.
820 629 862 638 -
885 609 935 655 20.
960 593 1076 670 aprilis.

567 803 644 866 Item
670 804 823 868 Clemens
846 805 944 870 faber.

563 911 640 972 Item
666 912 828 976 Iohannes
852 911 951 993 faber,
975 934 1096 996 sporur.

568 1018 645 1080 Item
670 1019 827 1081 Martinus
850 1019 948 1082 faber.

564 1123 642 1186 Item
667 1125 858 1188 Valentinus
882 1124 980 1188 faber.

564 1231 642 1294 Item
668 1231 828 1314 Georgius
853 1230 952 1296 leber.

564 1337 644 1401 Item
669 1340 867 1402 Laurencius
889 1359 1010 1422 sporat.

564 1445 642 1507 Item
668 1446 786 1508 Paulus
809 1466 930 1530 sporar.

564 1551 642 1614 Item
667 1553 807 1617 Michael
831 1554 985 1616 literatus.

563 1659 641 1720 Item
668 1659 809 1722 Brichus
837 1680 957 1744 sporar.

564 1763 642 1827 Item
668 1765 846 1848 Gregorius
872 1767 1038 1849 Bdudycb.

565 1872 642 1933 Item
668 1871 821 1935 Clemens
846 1872 1031 1956 Banycbyn.

563 1978 641 2040 Item
666 1979 785 2040 Paulus
807 1999 906 2061 gener
931 1979 1029 2041 Blasii
1052 1979 1216 2041 Institoris.

563 2085 641 2147 Item
667 2084 820 2147 Clemens
843 2085 984 2168 pellifex.

568 2191 646 2254 Item
670 2191 834 2254 Iohannes
857 2205 957 2254 sartor
980 2211 1079 2274 gener
1102 2191 1282 2275 Ventbych.

564 2297 642 2361 Item
667 2299 824 2362 Martinus
848 2313 946 2361 sutor.

563 2405 640 2468 Item
665 2406 818 2468 NIcoIaus
847 2420 945 2468 sutor.

303 2599 384 2664 Item
418 2597 561 2682 prelatus
592 2597 764 2661 Conradus
798 2599 894 2680 judex
926 2599 1101 2661 modernus
1132 2601 1267 2662 civitatis
1298 2615 1464 2684 prenotate

198 2726 337 2767 unacum
362 2705 475 2788 juratis
507 2719 539 2767 et
568 2705 758 2768 consiIIariis
791 2705 955 2767 modernis
979 2706 1169 2788 supradictis
1201 2726 1274 2768 cum
1306 2727 1464 2770 consensu

198 2813 343 2875 unanimi
369 2826 401 2873 et
418 2811 570 2874 concordi
588 2812 753 2874 voluntate
776 2832 811 2874 ac
833 2813 961 2874 decreto
978 2812 1081 2874 tocius
1098 2813 1337 2874 communitatis
1354 2813 1463 2874 omnia

197 2932 313 2980 statuta
345 2931 442 2999 atque
468 2918 593 2980 decreta
625 2932 689 2980 tam
723 2920 754 2980 In
786 2919 925 3001 presenti
958 2939 1055 3000 quam
1089 2920 1120 2979 in
1153 2919 1293 3000 antiquis
1324 2920 1463 2982 keternis

197 3038 348 3086 contenta
373 3037 405 3086 et
429 3025 618 3106 conscripta,
643 3025 749 3106 quoad
776 3045 889 3086 omnes
914 3025 1082 3106 clausulas,
1116 3040 1231 3107 puncta
1258 3039 1288 3088 et
1312 3026 1462 3088 articulos

198 3131 388 3192 eorumdem
413 3145 604 3193 statutorum
630 3151 686 3213 per
709 3144 812 3193 totum
845 3151 965 3194 annum
998 3132 1152 3214 presentis
1176 3132 1335 3214 judicatus
1361 3134 1460 3216 IpsIus

198 3237 342 3299 Conradi
368 3238 482 3320 judicis
506 3258 542 3299 ac
567 3238 718 3320 deinceps
735 3253 891 3322 perpetuo
909 3251 939 3300 et
957 3239 1208 3302 irrevocabiliter
1232 3239 1462 3302 confirmarunt

197 3360 355 3427 perpetuo
379 3345 515 3407 valitura
541 3359 572 3407 et
595 3346 805 3408 observanda.

250 3545 346 3618 Feria
375 3557 472 3619 sexta
502 3551 654 3638 proxima
691 3557 767 3638 post
794 3549 915 3621 festum
945 3551 1034 3620 beati
1063 3549 1232 3622 Ambrosii
1262 3551 1407 3641 episcopi

682 3681 784 3764 atque
813 3675 972 3746 doctoris.

732 3823 775 3902 (6.
800 3829 927 3903 aprilis).

303 3967 381 4029 Item
413 3968 489 4050 quia
513 3969 637 4050 Agatha
670 3968 814 4030 servitrix
840 3967 988 4049 Gregorii
1020 3967 1077 4029 filii
1103 3967 1211 4050 Ozyas
1242 3988 1298 4050 per
1330 3968 1456 4048 adjudi-

196 4074 362 4135 cacionem
387 4074 564 4154 juratorum
588 4073 685 4136 bodie
710 4075 825 4155 juravit
849 4087 884 4136 ut
908 4074 1030 4153 debuit,
1055 4087 1089 4136 ut
1113 4075 1179 4157 ipsa
1204 4089 1313 4156 togam
1338 4075 1456 4136 lineam

195 4179 298 4241 Elene
323 4180 467 4241 mulieris
491 4180 668 4242 Trombeta
694 4181 777 4242 dicte
802 4199 867 4242 non
896 4181 1050 4243 subtraxit
1075 4200 1179 4263 neque
1205 4196 1251 4243 est
1275 4181 1401 4243 conscia
1425 4182 1457 4242 in

195 4285 267 4366 ipso
292 4285 387 4365 Iustu,
418 4287 475 4350 sed
507 4289 538 4349 in
563 4288 652 4349 totali
685 4289 816 4350 acci0ne
850 4287 949 4369 ipsius
981 4287 1104 4370 Agathe
1138 4289 1281 4350 mulieris
1305 4288 1460 4350 innocens

194 4406 279 4454 esset
302 4395 427 4474 penitus
451 4407 483 4456 et
506 4394 647 4456 innoxia.

276 4593 369 4669 Feria
398 4605 495 4670 sexta
524 4599 676 4686 proxima
714 4601 747 4670 in
776 4597 941 4670 dominica
970 4598 1200 4669 Misericordin
1228 4597 1368 4668 Domini.

722 4750 789 4831 (20.
814 4751 945 4833 aprilis).

302 4874 378 4936 Item
403 4875 604 4956 Margaretha
628 4874 743 4936 ancilla
763 4873 901 4936 condam
926 4874 1088 4936 Valentini
1110 4872 1190 4936 fabri
1215 4893 1271 4956 per
1295 4873 1457 4951 adjudica·

193 4981 322 5042 cionem
352 4981 531 5063 juratorum
556 4993 670 5043 octavo
703 4981 754 5042 die
787 5001 882 5064 super
913 5001 999 5042 aram
1031 4981 1128 5042 tercia
1159 5001 1192 5040 se
1217 4979 1363 5062 personis
1395 4981 1454 5042 sibi

192 5086 352 5148 similibus
376 5099 487 5150 contra
512 5085 671 5170 prelatum
688 5087 897 5150 ValentInum
911 5087 1036 5148 fabrum
1056 5087 1158 5168 jurare
1184 5087 1344 5148 tenebitur
1362 5107 1456 5166 super

1354 5189 1365 5213 ᾖ
