3644 5788
516 603 602 664 Anno
625 601 715 682 1461.
742 639 783 648 —-
805 617 854 681 27.
878 607 1052 667 novembris.
1353 625 1410 667 arr

256 813 335 876 lrem
362 815 449 877 idem
473 815 641 898 Philippus
664 817 811 880 similiter
836 819 911 880 bina
935 817 1003 880 vice
1028 817 1141 879 citatus
1166 833 1275 880 contra
1301 817 1416 900 Elyam

154 932 293 980 sutorem
320 940 385 982 non
411 921 591 1004 comparuit
615 923 647 983 in
672 921 792 1002 judicio
817 943 926 986 coram
951 924 1054 984 nobis.

256 1024 338 1088 ltem
356 1027 457 1108 prima
481 1028 551 1089 vice
567 1027 799 1110 proclamatum
819 1043 865 1092 est
887 1029 939 1111 (de
957 1028 1068 1111 literis)
1085 1049 1180 1110 super
1197 1028 1312 1092 domos
1335 1049 1410 1092 con·

155 1132 223 1194 dam
238 1133 375 1214 provide
390 1133 533 1195 mulieris
547 1135 644 1196 Lucia
662 1149 773 1198 vocate
791 1136 831 1198 de
848 1136 919 1197 vico
931 1127 1130 1214 Latinorum,
1148 1136 1179 1196 in
1193 1135 1275 1198 dicta
1286 1136 1413 1198 civitate

155 1237 346 1316 habitarum,
371 1259 434 1320 que
458 1240 626 1302 casualiter
650 1255 723 1302 sunt
754 1242 880 1320 amisse,
906 1257 941 1304 ut
971 1245 996 1302 si
1022 1243 1093 1324 quis
1117 1241 1246 1303 easdem
1272 1241 1413 1320 liaberet,

155 1343 280 1406 easdem
307 1345 338 1406 in
364 1344 483 1423 judicio
506 1365 614 1406 coram
648 1347 741 1408 nobis
774 1347 950 1430 producere
983 1361 1139 1424 teneatur,
1172 1347 1317 1428 alioquin
1342 1362 1414 1430 post

155 1452 282 1513 terciam
308 1453 601 1534 proclamacionem
631 1453 793 1515 dabuntur
817 1455 906 1516 litere
938 1473 1032 1536 super
1057 1453 1185 1516 easdem
1210 1453 1326 1516 domos
1351 1453 1414 1514 illis

156 1559 270 1640 quibus
296 1573 485 1640 congruunt,
518 1559 668 1621 videlicet
692 1559 756 1622 filie
788 1561 906 1622 sotoris
937 1559 1081 1622 eiusdem
1114 1559 1251 1622 condam
1284 1559 1415 1621 domine

157 1665 249 1727 Lucis
275 1667 400 1728 concivi
420 1680 531 1746 ,nostre
556 1667 648 1728 uxori
674 1667 761 1728 Luce
785 1667 912 1730 sutoris.
982 1686 984 1692 ’

259 1773 338 1835 ltem
363 1793 492 1834 causam
516 1773 598 1835 inter
624 1771 798 1834 Cristinam
824 1775 967 1836 relictam
993 1773 1131 1835 condam
1157 1773 1311 1834 Jankonis
1328 1793 1416 1836 arcu·

157 1881 235 1958 paris
261 1895 292 1941 et
317 1881 398 1942 inter
421 1879 523 1942 hlium
549 1881 693 1942 eiusdem
729 1881 894 1960 Janlronis,
926 1881 1110 1963 pellificem,
1134 1881 1227 1962 jurati
1254 1879 1416 1960 adjudica·

158 1999 266 2047 verunt
290 1987 404 2064 taliter,
430 1987 518 2068 quod
543 2000 769 2049 testamentum
796 1985 997 2064 confirmant,
1021 1987 1076 2048 sed
1095 1987 1149 2048 illa
1173 1987 1232 2048 tria
1258 2007 1331 2048 vasa
1349 2006 1414 2047 are·

159 2105 234 2154 stata
258 2093 323 2154 vini
349 2093 400 2154 hic
424 2094 456 2154 in
493 2093 620 2155 civitate
644 2093 751 2156 habita
777 2113 832 2176 per
863 2093 964 2154 hlium
997 2093 1140 2154 eiusdem
1167 2093 1331 2171 Jankonis,
1356 2093 1414 2174 ipsi

157 2197 221 2259 filio
252 2199 396 2260 eiusdem
429 2200 582 2261 lanlronis
614 2199 839 2280 adjudicarunt
871 2201 1028 2282 pertinere
1061 2219 1098 2260 ex
1131 2219 1188 2278 eo,
1221 2199 1295 2280 quia
1331 2197 1415 2260 lilius

157 2305 295 2366 eiusdem
313 2305 489 2386 legittimus
514 2305 638 2382 existit;
662 2304 785 2387 dequo
808 2304 929 2386 judicio
947 2307 1096 2367 Marenus
1121 2305 1254 2366 maritus
1270 2304 1415 2368 eiusdem

158 2408 314 2472 Cristinne
338 2431 404 2472 non
430 2425 599 2474 contentus
623 2412 758 2473 eandem
792 2431 920 2474 causam
954 2412 985 2472 in
1018 2431 1153 2494 persona
1179 2411 1336 2474 consortis
1360 2431 1416 2473 sue

157 2519 196 2578 ad
217 2519 357 2580 seniores
381 2518 504 2600 judices
528 2519 713 2602 appellavit.

256 2625 334 2686 ltem
370 2645 496 2687 causam
531 2625 613 2686 inter
637 2625 843 2687 Valentinum
876 2639 907 2686 et
932 2625 1094 2686 Thomam
1125 2639 1249 2687 sutores
1281 2627 1409 2688 racione

158 2731 387 2792 verbetacionis
411 2745 442 2792 et
465 2731 631 2812 sanguinis
648 2729 811 2792 effusionis
828 2730 921 2810 jurati
937 2731 1212 2812 adjudicaverunt,
1233 2731 1321 2812 quod
1338 2751 1407 2813 pte·

158 2833 233 2897 latus
250 2837 438 2898 Valentinus
454 2851 543 2898 sutor
560 2839 786 2899 secundusmet
809 2837 949 2918 (jurabit)
965 2837 995 2898 in
1009 2857 1060 2898 ara
1076 2853 1182 2900 sancte
1201 2837 1314 2900 Crucis
1332 2836 1408 2899 feria

160 2956 239 3004 sexta
263 2944 409 3026 proxime
432 2957 578 3022 ventura,
602 2944 691 3025 quod
716 2945 782 3026 ipse
808 2943 953 3004 Thomas
977 2963 1071 3024 super
1095 2945 1234 3006 eundern
1260 2945 1413 3026 premissa

158 3046 237 3129 lecit,
261 3065 292 3112 et
317 3051 395 3113 dum
420 3051 537 3130 jurabit
561 3065 636 3112 tunc
662 3051 728 3132 ipse
753 3051 898 3112 Thomas
931 3050 1095 3112 convictus
1119 3065 1165 3112 est
1200 3065 1311 3114 contra
1335 3070 1413 3112 eun-

162 3155 227 3217 dem
260 3157 467 3219 Valentinum
502 3159 533 3220 in
564 3157 653 3218 XXV
685 3159 793 3239 pensis
824 3157 1030 3218 denariorum
1064 3169 1095 3218 et
1126 3157 1348 3218 communitati
1383 3157 1413 3218 in

160 3263 296 3344 quinque
321 3263 439 3345 pensis.

260 3369 336 3430 ltem
363 3387 456 3430 causa
483 3369 564 3430 inter
588 3383 773 3430 executores
797 3369 934 3430 condam
959 3370 1038 3430 Pero
1063 3369 1154 3448 jurati
1181 3382 1212 3430 et
1237 3369 1319 3430 inter
1343 3368 1414 3429 Bla-

153 3474 239 3560 sium
263 3476 423 3537 seniorem
442 3475 591 3554 juratum,
609 3491 774 3552 sartorem,
800 3475 927 3536 racione
945 3475 1112 3537 cuiusdam
1137 3475 1241 3537 dentis
1266 3473 1412 3536 unicorni

164 3579 284 3643 dimissa
309 3597 356 3644 est
380 3583 410 3642 in
436 3581 571 3664 pristino
596 3596 688 3643 statu.

258 3688 334 3750 ltem
360 3707 488 3750 causam
515 3689 595 3750 inter
626 3701 807 3750 consortem
842 3686 1018 3768 Limhurgh
1043 3701 1073 3748 et
1105 3687 1246 3750 relictam
1272 3687 1410 3751 condam

165 3789 307 3875 Stephani
346 3793 502 3856 carnificis
534 3795 661 3856 racione
689 3795 777 3876 palii,
805 3793 897 3874 jurati
930 3793 1204 3872 adjudicaverunt,
1230 3794 1317 3875 quod
1344 3795 1409 3874 ipsa

163 3916 283 3961 consors
315 3901 494 3982 Limburgh
523 3901 638 3982 jurabit
669 3901 805 3962 solamet
836 3913 991 3980 quantum
1017 3900 1117 3960 valuit
1148 3914 1264 3962 eorunc
1289 3901 1408 3982 palium

163 4021 227 4065 cum
251 4007 353 4089 ipsum
379 4008 419 4068 ad
437 4007 692 4068 conservandum
719 4007 823 4068 eidem
841 4005 983 4082 tradidit,
1006 4019 1036 4066 et
1061 4005 1138 4066 dum
1164 4005 1290 4086 jurabit,
1316 4005 1411 4066 hodie

162 4107 245 4172 datus
268 4127 312 4176 est
336 4113 493 4176 terminus
516 4113 692 4174 solutionis
716 4113 832 4174 tercius
856 4113 935 4190 dies,
961 4127 991 4173 et
1016 4127 1062 4173 est
1086 4113 1201 4174 soluta.

258 4219 333 4281 ltem
360 4219 498 4282 Mathias
521 4233 622 4281 sartor
648 4220 791 4296 claudus,
817 4220 905 4297 civis,
924 4233 1032 4280 contra
1059 4219 1228 4280 Nicolaum
1247 4231 1412 4296 sartorem,

161 4323 308 4387 seniorem
332 4326 471 4406 juratum
496 4327 600 4408 primo
625 4327 738 4387 citatus
762 4345 826 4386 non
851 4327 1042 4408 comparuit.

444 4561 538 4636 Feria
568 4573 665 4635 sexta
695 4563 844 4654 proxima
875 4572 953 4636 ante
984 4563 1124 4635 hadrec.

646 4721 711 4794 (27.
735 4716 922 4798 novembris).

261 4855 333 4918 ltem
358 4857 492 4939 provida
518 4858 635 4919 mulier
661 4858 837 4940 Elyzabeth
863 4877 994 4918 consors
1013 4857 1131 4918 Mathis
1159 4857 1237 4918 labri
1263 4858 1342 4918 alias
1367 4876 1414 4915 re-

167 4955 232 5018 licta
254 4962 403 5024 lohannis
430 4965 532 5025 losak
558 4963 637 5025 olim
664 4965 805 5026 concivis
830 4965 941 5040 nostri,
968 4965 998 5024 id
1025 4983 1096 5024 cum
1124 4963 1293 5024 sufficienti
1329 4963 1414 5024 testi-

168 5065 266 5126 monio
289 5089 391 5130 coram
418 5069 512 5131 nohis
537 5071 567 5131 in
594 5070 669 5132 sede
691 5070 856 5150 judiciaria
875 5071 1109 5152 comprobavit,
1128 5069 1295 5151 quomodo
1315 5069 1414 5128 Bene-

1305 5177 1320 5208 ss
