3818 5786
380 454 420 520 24
762 437 847 492 Anno
870 447 960 511 1451.
986 467 1027 476 -
1051 444 1100 509 27.
1125 437 1251 507 augusti.

378 647 452 708 vida
484 646 622 709 condam
655 647 786 708 domina
821 646 983 707 Dorothea
1016 659 1145 726 vocata,
1177 645 1286 708 relicta
1322 645 1460 707 condam
1494 645 1643 726 Gregorii

379 753 467 835 parvi
492 753 567 815 dicti
594 753 780 834 Gregurtcz,
806 771 937 814 consors
958 753 1057 834 ipsius
1082 752 1247 834 Stephani,
1272 752 1304 813 in
1322 753 1472 814 extremis
1498 753 1563 814 vite
1588 771 1644 814 sue

379 859 565 942 temporalis
596 860 781 938 laborasset,
806 873 882 922 tunc
906 859 973 941 ipsa
1005 859 1115 920 vineas
1148 878 1220 921 suas
1250 871 1421 922 etterram
1454 879 1545 920 suam
1576 878 1644 920 ara·

380 966 477 1027 bilem
499 966 530 1027 in
555 966 716 1028 territorio
742 978 773 1028 et
797 985 911 1047 campo
936 965 1071 1027 civitatis
1099 965 1222 1027 habitas
1246 978 1277 1026 et
1299 967 1497 1044 existentem,
1522 963 1644 1047 prelato

381 1071 546 1154 Stephano
563 1073 679 1134 marito
695 1092 754 1134 suo
772 1072 931 1152 legittimo
948 1072 1068 1154 legavit
1085 1086 1240 1154 perpetuo
1256 1072 1486 1155 possidendas;
1504 1073 1645 1153 ideoque

379 1197 438 1240 nos
462 1179 590 1240 easdem
615 1179 725 1240 vineas
749 1193 780 1240 et
802 1192 920 1240 terram
945 1179 1099 1240 arabilem
1121 1179 1265 1261 predicto
1290 1179 1454 1262 Stephano
1478 1179 1582 1262 jurato
1607 1197 1643 1240 ac

379 1304 435 1366 per
460 1305 534 1346 eum
559 1286 624 1346 suis
648 1285 820 1347 heredibus
847 1285 1017 1347 statuimus
1049 1298 1079 1348 et
1103 1285 1364 1348 confirmavimus
1396 1285 1463 1366 jure
1489 1299 1644 1372 perpetuo

379 1391 589 1473 possidendas
613 1405 643 1453 et
667 1391 976 1472 quomodocumque
1000 1391 1140 1453 voluerit
1164 1392 1391 1475 disponendas.

486 1499 564 1560 ltem
589 1518 717 1560 causam
743 1498 824 1559 inter
841 1497 1020 1579 Georgium
1045 1497 1216 1581 pellificem
1233 1498 1372 1581 juratum
1398 1499 1590 1561 modernum
1615 1511 1647 1560 et

380 1605 464 1667 inter
488 1605 582 1687 Gyan
606 1603 778 1686 pellificem
804 1605 974 1685 antiquum
998 1605 1148 1685 juratum,
1174 1605 1214 1666 ad
1241 1606 1381 1687 primum
1406 1605 1564 1686 judicium
1588 1623 1646 1686 pro

379 1731 456 1795 pace
481 1711 586 1774 fienda
611 1732 667 1794 per
685 1712 879 1793 peticionem
905 1724 1064 1774 certorum
1082 1715 1258 1794 proborum
1280 1713 1420 1774 virorum
1447 1713 1487 1774 ad
1505 1713 1646 1795 primum

383 1818 539 1902 judicium
564 1817 714 1880 duximus
738 1818 985 1900 prorogandam.

383 2037 479 2112 lesia
507 2048 606 2112 sexta
636 2043 789 2130 proxima
828 2048 903 2130 pust
942 2041 1062 2112 festum
1093 2043 1203 2112 sancti
1232 2039 1458 2118 Bartholomei
1489 2041 1647 2130 apostoli.

849 2195 910 2270 (27·
935 2193 1074 2269 augusta).

487 2333 565 2395 ltem
591 2334 675 2394 Rosa
701 2331 766 2395 filia
792 2334 892 2394 Elene
917 2333 1054 2416 pistricis
1078 2347 1188 2394 contra
1212 2333 1347 2395 Bensam
1375 2333 1517 2416 lagnych
1542 2333 1648 2415 primo

383 2439 476 2501 citata
502 2459 565 2500 non
592 2440 781 2520 comparuit.

488 2545 565 2607 ltem
591 2547 738 2626 quamvis
763 2547 908 2608 Thomas
933 2545 1067 2609 Cheden
1101 2545 1185 2608 filius
1217 2547 1339 2625 Jacobi,
1364 2546 1505 2608 concivis
1529 2557 1646 2624 noster,

381 2673 440 2735 pro
465 2650 634 2713 manifesta
669 2653 761 2733 culpa
788 2667 819 2713 et
850 2654 982 2715 crimine
1014 2673 1083 2732 suo,
1117 2673 1180 2735 qua
1213 2668 1244 2715 et
1272 2672 1337 2734 quo
1370 2673 1405 2713 cx
1439 2651 1646 2732 instigacione

381 2759 511 2842 dyaboli
536 2759 706 2820 Nicolaum
730 2759 869 2839 judicem
910 2773 1054 2821 nostrum
1080 2759 1274 2821 modernum
1298 2758 1400 2821 filium
1428 2758 1583 2821 Demetrii
1606 2757 1646 2819 ad

382 2864 495 2927 faciem
521 2885 611 2926 suam
637 2885 709 2926 cum
735 2867 836 2926 securi
863 2868 1018 2947 percussit
1042 2880 1073 2928 et
1095 2868 1226 2928 barbam
1245 2867 1313 2927 eius
1336 2864 1462 2944 evulsit,
1486 2864 1646 2927 indecem

382 2973 496 3035 marcis
520 2972 725 3034 denariorum
751 2987 805 3034 aut
838 2974 913 3054 ipsis
946 2973 1169 3034 deficientibus
1194 2974 1225 3033 in
1259 2973 1433 3034 amlssione
1457 2989 1645 3033 manussue

382 3079 468 3161 juxta
493 3093 643 3140 contenta
668 3079 827 3160 privilegii
846 3079 945 3140 nostri
964 3080 1147 3140 communis
1164 3079 1297 3157 juridice
1322 3079 1488 3140 convictus
1513 3091 1543 3140 et
1558 3096 1646 3158 agra·

381 3200 473 3247 vatus
498 3185 661 3261 extitisset,
686 3197 791 3245 tamen
818 3185 892 3266 quia
912 3205 967 3267 per
991 3185 1191 3246 venerabiles
1209 3200 1239 3246 et
1263 3185 1433 3266 religiosos
1457 3184 1541 3246 viros
1557 3182 1647 3244 vide·

382 3291 456 3352 licet
482 3292 663 3352 Heremitas
681 3305 712 3353 et
736 3291 817 3352 alios
835 3291 945 3352 fratres
962 3292 1146 3354 claustrales
1163 3312 1219 3354 seu
1237 3291 1413 3354 monachos
1437 3291 1646 3355 claustrorum

383 3398 482 3460 sancti
508 3398 669 3458 Francisci
695 3412 726 3458 et
742 3398 842 3459 sancti
862 3399 986 3459 Nicolai
1012 3419 1047 3460 ac
1065 3398 1146 3459 alios
1171 3398 1325 3459 discretos
1350 3411 1381 3459 et
1396 3397 1545 3459 honestos
1561 3395 1648 3457 viros

384 3519 448 3566 tarn
473 3504 656 3586 spirituales
689 3523 785 3585 quam
819 3505 978 3566 seculares
1012 3505 1105 3566 nobis
1129 3525 1187 3587 pro
1219 3505 1333 3566 eodem
1360 3504 1489 3566 Thoma
1512 3501 1648 3565 Cheden

386 3609 415 3670 in
442 3629 481 3671 eo
505 3609 720 3692 supplicatum
745 3630 781 3670 ac
805 3611 885 3692 parti
911 3611 1041 3672 adverse
1065 3611 1212 3672 similiter
1236 3611 1269 3671 in
1294 3631 1332 3672 eo
1349 3609 1569 3692 supplicatum
1594 3629 1646 3670 ex-

383 3717 456 3794 titit,
481 3729 514 3777 ut
536 3717 601 3798 ipse
620 3717 771 3777 Nicolaus
788 3717 894 3799 judex,
912 3737 983 3799 pars
996 3717 1146 3779 videlicet
1162 3719 1305 3797 adversa,
1322 3718 1386 3780 lesa
1411 3732 1442 3778 et
1467 3715 1598 3796 offensa,
1615 3729 1647 3778 et

385 3842 443 3884 nos
467 3836 543 3904 puta
568 3821 691 3902 judices
714 3836 745 3884 et
769 3823 911 3884 seniores
935 3823 989 3885 alii
1015 3843 1051 3885 ac
1075 3823 1170 3904 jurati
1195 3838 1225 3886 et
1254 3825 1428 3886 consiliarii
1454 3837 1483 3886 et
1507 3824 1647 3885 universi

384 3929 469 3990 cives
486 3949 522 3990 ac
534 3941 600 3990 tota
618 3931 833 3991 communitas
844 3931 981 3992 civitatis
994 3932 1276 4012 Montisgrecensis
1294 3933 1353 4013 ipsi
1368 3931 1494 3993 Thome
1513 3930 1647 3993 Cheden

384 4054 442 4116 pro
465 4035 607 4117 predicta
632 4055 688 4097 sua
713 4036 807 4118 culpa
831 4051 862 4099 et
887 4037 1019 4098 crimine
1051 4039 1191 4119 graciam
1217 4051 1248 4099 et
1280 4037 1532 4099 misericordiam
1556 4035 1647 4098 fecis·

383 4159 507 4217 semus;
532 4140 671 4222 ideoque
703 4161 761 4202 nos
795 4162 908 4204 omnes
939 4144 1113 4225 supradicti
1146 4143 1251 4206 eidem
1277 4145 1407 4206 Thome
1432 4143 1563 4206 Cheden
1589 4162 1647 4225 pro

385 4246 525 4327 predicta
551 4248 644 4328 culpa
669 4262 701 4310 et
725 4249 859 4311 crimine
884 4269 942 4311 suo
960 4250 1065 4311 taliter
1088 4251 1229 4330 graciam
1254 4265 1284 4312 et
1302 4250 1553 4314 misericordiam
1577 4269 1648 4332 pre·

385 4353 543 4415 dictorum
569 4355 794 4436 religiosorum
820 4369 850 4418 et
876 4357 1086 4418 discretorum
1106 4357 1248 4418 virorum
1267 4358 1480 4440 peticionibus
1504 4357 1648 4420 inclinati

384 4460 480 4520 talem
504 4460 644 4540 graciam
670 4475 700 4522 et
725 4461 979 4524 misericordiam
1003 4461 1137 4526 lecimus
1161 4465 1344 4546 specialem,
1370 4479 1404 4527 ut
1429 4465 1493 4548 ipse
1518 4482 1576 4526 nec
1600 4463 1647 4546 ju·

385 4565 489 4626 dicem
513 4585 571 4626 nec
593 4567 661 4628 eius
686 4587 877 4630 assessorem
904 4589 1008 4651 neque
1033 4570 1174 4652 aliquem
1209 4571 1337 4653 penitus
1361 4571 1463 4633 civem
1489 4569 1648 4632 similibus

385 4673 573 4735 criminibus
596 4689 627 4735 et
652 4675 754 4756 plagis
778 4675 905 4756 alliciat,
930 4697 989 4738 nec
1013 4697 1108 4760 super
1133 4677 1218 4760 ipsos
1248 4678 1322 4739 talia
1347 4692 1516 4762 perpetret,
1541 4679 1596 4760 qui
1621 4678 1646 4738 si

385 4781 425 4841 de
449 4793 554 4840 cetero
580 4779 611 4840 id
635 4781 686 4841 vel
711 4781 816 4844 simile
841 4784 1070 4865 perpetraverit
1090 4803 1148 4865 pro
1173 4785 1289 4846 talibus
1307 4784 1390 4864 juxta
1418 4798 1565 4847 contenta
1583 4785 1646 4867 pri·

385 4885 494 4966 vilegii
520 4885 619 4945 nostri
644 4887 778 4968 predicti
804 4889 963 4968 punietur.
