3644 5788
571 581 658 638 Anno
681 577 774 658 1460.
799 613 841 624 -
864 595 894 658 4.
911 581 995 658 julii.
1362 579 1421 656 189

258 791 336 853 ltem
361 812 487 853 causam
513 793 596 854 inter
622 792 765 855 Fernech
784 791 935 854 Belchich
961 805 992 854 et
1016 791 1214 874 Stephanum
1242 793 1352 875 Zayko
1370 813 1417 854 ra·

160 897 244 959 tione
270 899 484 980 quarumdam
503 919 692 980 pascuarum
711 901 741 961 in
769 898 857 960 fenili
882 919 941 960 suo
959 919 1015 980 per
1039 901 1138 961 boves
1155 900 1254 980 ipsius
1272 899 1415 961 Fernech

161 1005 255 1066 noctis
280 1005 311 1064 in
345 1005 479 1066 silencio
511 1020 540 1067 et
573 1006 770 1068 clandestine
803 1005 974 1088 depastatis
1006 1025 1041 1066 ac
1066 1025 1122 1088 per
1153 1005 1320 1086 jamfetum
1347 1005 1415 1068 Ste-

162 1109 294 1190 phanum
321 1111 431 1193 Zayko
455 1131 550 1194 super
574 1112 678 1196 ipsum
709 1111 852 1174 Fernech
885 1111 946 1172 hoc
971 1109 1080 1173 furtim
1114 1109 1181 1174 fore
1207 1110 1325 1174 lactum
1350 1111 1416 1173 dic-

162 1231 268 1294 tarum,
292 1216 385 1298 jurati
411 1217 456 1278 sic
480 1216 757 1298 adjudicaverunt,
782 1217 870 1299 quod
895 1217 1036 1300 prefatus
1066 1218 1211 1280 Fernech
1235 1231 1350 1279 octavo
1368 1219 1419 1278 die

163 1335 217 1383 net
240 1324 359 1384 tercius
382 1323 442 1384 sibi
468 1325 627 1387 similibus
660 1325 874 1403 juramentum
900 1326 932 1386 in
964 1344 1003 1386 eo
1029 1325 1192 1407 deponere
1217 1324 1360 1403 habebit,
1386 1337 1421 1386 ut

164 1427 218 1508 ipse
243 1429 374 1510 propria
399 1429 563 1492 voluntate
589 1451 648 1492 nec
673 1451 709 1492 ex
735 1431 937 1512 negligencia
955 1432 1022 1514 ipsa
1047 1451 1164 1513 pascua
1190 1450 1244 1512 per
1268 1429 1416 1510 jamfetus

165 1535 251 1595 boves
274 1555 350 1597 suos
374 1534 483 1598 furtim
508 1537 635 1618 depasci
661 1536 804 1614 fecisset;
829 1557 894 1619 quo
919 1537 1078 1620 deposito,
1107 1535 1247 1620 prefatus
1273 1536 1416 1598 Fernech

166 1639 332 1722 dampnum
357 1643 417 1704 sibi
442 1657 658 1726 perpetratum
690 1643 812 1706 exsolvi
843 1644 974 1706 debebit
1014 1645 1135 1726 etipse
1168 1643 1256 1705 solus
1281 1644 1312 1704 iu
1349 1643 1418 1725 ipso

166 1744 238 1808 furtu
264 1763 296 1810 et
321 1746 452 1810 infamia
477 1750 664 1812 remanebit.

258 1853 337 1916 ltem
362 1855 438 1936 quia
462 1855 572 1918 relicta
597 1857 736 1918 condam
758 1856 924 1918 Benedicti
943 1855 1067 1938 Gywsn
1094 1876 1150 1938 per
1174 1855 1308 1918 domurn
1326 1875 1416 1917 suam

167 1958 318 2022 innostra
350 1961 477 2023 civitate
510 1961 665 2041 habitam,
698 1962 801 2024 vicine
833 1982 890 2024 sue
923 1961 1073 2024 videlicet
1106 1961 1284 2044 Elyzabeth
1310 1962 1419 2024 relicte

166 2067 289 2128 condam
317 2068 485 2129 Laurencii
517 2069 582 2130 ceci
618 2088 771 2150 magnum
806 2069 982 2151 dampnum
1017 2081 1148 2150 propter
1179 2087 1244 2130 non
1267 2067 1419 2130 reforma·

167 2173 279 2235 tionem
306 2174 424 2236 domus
448 2195 504 2236 sue
528 2175 670 2256 predicte
695 2176 727 2236 in
753 2174 852 2236 domo
877 2175 976 2257 ipsius
1001 2174 1179 2258 Elyzabeth
1204 2175 1348 2236 mulieris
1372 2176 1419 2236 in-

167 2279 226 2339 tulit
249 2293 279 2340 et
305 2277 389 2358 fecit,
414 2281 535 2362 pluries
559 2281 660 2342 eciam
685 2282 807 2344 monita
833 2301 890 2343 nec
916 2281 1016 2364 ipsam
1045 2281 1179 2342 domum
1204 2300 1295 2342 suam
1320 2279 1419 2342 refor-

169 2387 253 2446 mavit
278 2405 337 2447 nec
363 2386 421 2468 ipsi
448 2387 625 2470 Elyzabeth
644 2387 771 2449 mulieri
790 2386 829 2448 de
855 2386 979 2470 prefato
996 2385 1139 2468 dampno
1163 2384 1417 2448 satisfaccionem

169 2489 323 2572 impendit,
357 2492 431 2554 ideo
456 2511 515 2554 nos
547 2491 701 2575 prefatam
724 2493 857 2554 domum
890 2494 989 2574 ipsius
1013 2493 1122 2554 relicte
1156 2492 1320 2554 Benedicti
1353 2493 1415 2574 jam

168 2594 216 2657 late
242 2597 418 2680 Elyzabeth
436 2598 563 2660 mulieri
577 2618 635 2680 pro
653 2599 814 2680 premissis
831 2599 979 2682 dampnis
992 2601 1058 2661 suis
1074 2598 1169 2660 vendi
1195 2599 1417 2660 commisimus

169 2717 191 2764 et
212 2705 412 2766 attribuimus
435 2705 495 2766 sibi
521 2705 681 2768 vendendi
706 2707 835 2788 plenam
864 2721 1064 2788 potestatem.

260 2811 337 2873 ltem
361 2810 507 2872 Thomas
531 2810 664 2873 Cheden
697 2825 807 2874 contra
833 2811 1033 2876 Anthonium
1060 2813 1211 2876 Soldinar
1242 2814 1346 2898 primo
1371 2813 1413 2874 ci·

168 2929 238 2978 tatus
261 2935 325 2978 non
351 2917 540 2999 comparuit.

189 3151 277 3226 ieria
304 3163 401 3227 serta
431 3159 583 3244 proxima
612 3165 689 3246 post
716 3157 838 3228 festum
859 3157 1078 3230 visitacionis
1108 3157 1204 3230 beate
1235 3161 1388 3247 virginis.

702 3305 747 3388 (4.
764 3308 866 3386 julii).

261 3447 335 3509 ltem
362 3447 500 3509 Michael
526 3448 723 3510 baccalarius
755 3462 864 3510 contra
891 3449 1065 3510 Martinum
1090 3449 1250 3511 seniorem
1276 3449 1415 3530 judicem

169 3563 207 3611 est
228 3554 388 3614 convictus
412 3555 444 3615 in
468 3554 508 3615 x.
533 3555 648 3616 marcis
679 3555 885 3616 denariorum
914 3573 951 3616 ex
976 3573 1026 3632 eo,
1058 3557 1133 3636 quia
1159 3555 1244 3616 idem
1269 3555 1411 3617 dehone-

169 3658 250 3718 stavit
271 3679 342 3720 eum
369 3660 400 3720 in
426 3659 589 3741 presencia
614 3659 729 3740 judicis
749 3675 780 3721 et
804 3659 980 3740 juratorum
998 3660 1028 3720 in
1055 3660 1129 3720 sede
1147 3659 1311 3740 judiciaria
1337 3681 1412 3722 con-

168 3762 357 3842 sedencium;
397 3766 437 3827 de
469 3785 535 3848 quo
571 3766 711 3848 prefatus
748 3767 885 3829 Michael
919 3767 1112 3828 baccalarius
1144 3786 1208 3828 non
1246 3781 1414 3829 contentus

168 3869 325 3950 appellarit
349 3872 389 3934 ad
415 3873 557 3934 seniores
582 3871 711 3948 judices.

261 3977 333 4039 ltern
360 3979 472 4040 Petrus
495 3979 624 4062 Dragyn
650 3993 781 4061 propter
805 3999 937 4042 uxorem
962 3999 1052 4040 suam
1079 3981 1183 4062 primo
1208 3979 1321 4040 citatus
1346 3999 1411 4040 non

167 4085 339 4164 comparuit.

259 4190 333 4252 ltem
369 4191 515 4253 Thomas
546 4191 679 4255 Cheden
714 4207 824 4255 contra
857 4193 1058 4254 Anthonium
1093 4192 1243 4254 Soldinar
1274 4192 1415 4254 secundo

167 4291 269 4355 citatus
291 4316 355 4359 non
381 4299 571 4379 comparuit.

263 4400 335 4463 ltem
361 4403 488 4465 Marcus
511 4402 651 4465 carnifex
675 4418 786 4467 contra
812 4404 1015 4487 Dyonisium.

264 4506 336 4570 ltem
362 4527 490 4570 causam
508 4509 590 4571 inter
608 4511 781 4572 Martinum
801 4510 938 4592 judicem
958 4525 988 4572 et
1005 4511 1147 4572 relictam
1165 4509 1303 4570 condam
1319 4509 1415 4570 Blasii

167 4609 248 4690 olym
269 4611 379 4694 judicis
405 4635 551 4677 necnon
578 4615 769 4679 Michaelem
794 4615 896 4678 filium
923 4617 1079 4694 eiusdem,
1104 4617 1196 4697 jurati
1223 4635 1415 4699 prorogave-

166 4729 234 4776 runt
257 4736 351 4801 usque
376 4721 415 4782 ad
440 4721 576 4803 primam
602 4721 689 4783 diem
713 4721 914 4802 judiciariam
939 4736 1139 4804 sequentem.

264 4824 335 4888 ltem
361 4847 489 4888 causam
514 4828 596 4889 inter
620 4828 822 4890 Clementem
857 4843 997 4891 sutorem
1024 4843 1054 4890 et
1080 4828 1166 4890 lwko
1191 4829 1339 4890 similiter
1363 4848 1414 4888 su·

166 4929 260 4988 iorem
281 4944 432 5014 tanquam
457 4947 589 5012 actores,
614 4946 645 4995 et
668 4935 837 4996 dominum
869 4936 997 4996 Petrum
1022 4934 1283 4996 archidiaconum
1310 4947 1341 4996 et
1365 4955 1415 4995 ca·

166 5033 307 5099 nutricum
332 5039 464 5101 ecclesie
481 5039 707 5121 zagrabiensis,
732 5040 859 5102 racione
877 5041 1077 5102 detencionis
1097 5055 1227 5123 propter
1252 5040 1414 5122 quendam
