3738 5786
801 557 1002 638 Auno1456.
1025 575 1141 638 -13.
1165 563 1294 634 augusti.

519 774 597 835 Item
622 772 697 854 quia
730 771 861 834 domina
887 771 1087 853 Margaretha
1119 771 1228 832 relicta
1252 771 1389 832 condam
1415 771 1529 833 Briccii
1561 770 1677 852 judicis

412 881 631 964 juramentum
658 879 718 941 sibi
744 879 775 940 in
801 877 885 940 facto
902 879 1112 961 pecuniarum
1138 897 1196 960 pro
1214 877 1332 959 quibus
1348 877 1533 940 Anthonius
1556 876 1680 958 juratus

413 1002 524 1051 contra
550 989 650 1070 ipsam
677 985 843 1046 dominam
874 985 1109 1067 Margaretham
1145 997 1176 1045 et
1200 998 1309 1047 contra
1332 983 1513 1046 iohannem
1538 982 1679 1065 judicem

414 1095 562 1177 litigavit,
579 1114 636 1177 pet
659 1093 803 1154 seniores
819 1091 941 1174 judices
965 1091 1197 1174 adjudicatum,
1215 1091 1313 1154 hodie
1330 1111 1369 1153 eo
1393 1091 1493 1152 modo
1518 1090 1679 1172 deposuit,

415 1215 449 1264 ut
474 1202 541 1284 ipsa
567 1201 667 1262 nescit
691 1198 813 1280 aliquid
832 1199 870 1277 de
888 1218 938 1278 e0,
960 1212 995 1260 ut
1012 1199 1037 1260 si
1056 1197 1233 1280 Gregorius
1250 1197 1371 1280 juratus
1388 1197 1491 1259 dictus
1516 1195 1678 1258 Hudostih

414 1311 445 1371 in
467 1309 617 1372 extremis
641 1309 704 1369 vite
728 1327 785 1368 sue
801 1306 989 1388 temporalis
1006 1307 1157 1368 laborans
1174 1307 1213 1367 de
1233 1305 1378 1387 pecuniis
1395 1305 1470 1384 illis,
1487 1324 1545 1386 pro
1562 1305 1681 1386 quibus

412 1431 495 1478 terra
520 1415 657 1477 condam
685 1413 782 1475 Blasii
808 1413 945 1496 Frawyn
970 1413 1029 1494 ipsi
1056 1411 1216 1494 Gregorio
1251 1411 1356 1493 jurato
1381 1413 1585 1494 inpignorata
1609 1410 1680 1490 luit,

413 1523 523 1584 liberis
547 1542 602 1584 seu
627 1521 801 1583 heredibus
832 1520 932 1602 ipsius
957 1520 1054 1582 Blasii
1087 1520 1225 1602 Frawyn
1258 1519 1382 1602 aliquid
1407 1518 1580 1594 relaxavit;
1604 1518 1679 1578 ideo

415 1631 516 1712 ipsam
542 1629 708 1690 dominam
733 1625 969 1708 Margaretlram
995 1627 1123 1688 racione
1148 1625 1366 1708 deposicionis
1390 1626 1491 1708 ipsius
1509 1625 1680 1706 juramenti

415 1727 617 1796 reddidimus
633 1753 691 1796 nos
702 1733 810 1816 judex,
829 1731 923 1814 jurati
941 1747 972 1794 et
982 1733 1124 1794 seniores
1137 1732 1260 1814 judices
1276 1732 1418 1814 quietam
1437 1745 1468 1793 et
1484 1731 1678 1814 expeditam.

441 1905 537 1978 Feria
566 1913 665 1976 sexta
694 1907 847 1994 proxima
875 1912 952 1994 post
990 1904 1112 1975 festum
1143 1903 1343 1975 Natiuitatis
1371 1903 1461 1974 beati
1489 1902 1654 1992 johannis

970 2027 1132 2118 Baptista.

949 2184 1012 2256 (25.
1030 2181 1138 2258 junii),

520 2321 598 2384 ltem
623 2321 697 2402 quia
725 2320 842 2382 Paulus
866 2334 1023 2382 mercator
1046 2321 1130 2382 tilius
1147 2321 1312 2383 Benedicti
1339 2321 1378 2382 de
1396 2321 1511 2398 Vaslta,
1537 2320 1681 2382 concivis
1727 2351 1729 2357 s

415 2445 532 2508 noster,
558 2430 590 2490 id
616 2449 687 2490 cum
713 2427 884 2491 sufficienti
910 2443 940 2490 et
968 2427 1134 2510 fidedigno
1169 2442 1353 2490 nostrorum
1386 2429 1567 2491 concivium
1594 2429 1683 2490 testi-

415 2538 526 2599 monio
553 2538 584 2598 in
609 2537 685 2598 sede
709 2549 815 2598 nostra
841 2535 1007 2616 judiciaria
1025 2536 1108 2598 clare
1133 2549 1164 2598 et
1187 2536 1305 2597 seriose
1330 2535 1554 2617 comprobavit
1570 2554 1681 2596 coram

415 2645 520 2722 nobis,
546 2656 580 2705 ut
604 2642 682 2704 dum
707 2643 842 2724 provida
867 2643 1005 2704 condam
1031 2657 1062 2705 et
1077 2643 1211 2705 honesta
1234 2643 1352 2704 mulier
1376 2641 1538 2704 Dorothea
1556 2655 1683 2720 vocata,

415 2750 479 2813 filia
505 2749 641 2811 condam
668 2750 752 2811 Petri
778 2749 977 2811 Dauidowcz
1001 2750 1109 2811 relicta
1134 2769 1211 2810 vero
1236 2749 1373 2811 condam
1399 2747 1522 2810 Nicolai
1548 2748 1683 2810 sartoris

419 2857 586 2940 Supanecz
611 2855 698 2933 dicti,
715 2853 773 2916 filii
791 2854 956 2937 Stephani,
981 2868 1011 2917 et
1027 2855 1157 2917 tandem
1182 2875 1261 2917 uxor
1278 2854 1434 2937 legittima
1454 2855 1544 2917 Pauli
1561 2874 1684 2916 merca-

414 2963 493 3024 toris
518 2961 689 3043 prenotati,
715 2961 746 3021 in
771 2961 921 3022 extremis
946 2963 1009 3023 vite
1026 2981 1082 3022 sue
1106 2961 1294 3044 temporalis
1310 2961 1496 3038 laborasset,
1520 2973 1596 3021 tunc
1616 2960 1684 3042 ipsa

415 3068 550 3129 domum
575 3087 666 3128 suam
691 3082 849 3128 muratam
875 3087 947 3129 cum
973 3067 1075 3129 lundo
1099 3082 1130 3128 et
1155 3068 1273 3129 celario
1296 3069 1505 3128 subterraneo
1530 3086 1566 3128 ac
1590 3065 1683 3128 hedi·

414 3174 494 3236 hciis
519 3175 551 3235 in
576 3174 739 3235 vicinitate
765 3173 882 3236 domus
905 3174 1052 3236 similiter
1076 3188 1201 3236 murate
1224 3189 1255 3236 et
1280 3173 1370 3236 fundi
1397 3195 1432 3236 ac
1456 3173 1684 3235 hedificiorum

415 3279 549 3342 fratrum
584 3279 823 3342 Heremitarum
856 3280 1010 3358 habitam,
1043 3300 1141 3342 unam
1174 3281 1331 3361 integram
1361 3281 1482 3342 curiam
1514 3280 1554 3341 ad
1587 3299 1685 3342 usum

415 3387 553 3448 civitatis
584 3384 705 3469 prefate
739 3387 770 3447 in
803 3405 836 3446 se
868 3387 1100 3466 continentem,
1132 3401 1163 3447 et
1195 3387 1277 3448 duos
1304 3386 1450 3468 (hlortos,
1481 3387 1686 3468 superiorem

416 3493 566 3554 videlicet
588 3506 618 3553 et
643 3493 829 3554 inferiorem
855 3492 887 3554 in
913 3493 1073 3554 territorio
1109 3493 1248 3555 civitatis
1279 3493 1422 3576 predicte
1445 3493 1582 3572 habitos,
1608 3515 1685 3556 cum

416 3601 481 3660 suis
512 3599 704 3661 utilitatibus
736 3612 766 3661 et
799 3599 1006 3681 pertinenciis
1037 3600 1194 3661 universis
1217 3599 1341 3682 prelato
1375 3601 1475 3662 Paulo
1508 3602 1685 3663 mercatori

416 3725 474 3786 pro
499 3718 577 3766 tunc
601 3705 716 3765 marito
741 3724 800 3767 suo
825 3705 942 3766 ultimo
967 3705 1138 3787 legavisset
1162 3719 1193 3768 et
1210 3705 1382 3768 dimisisset
1406 3721 1562 3789 perpetuo
1579 3707 1688 3790 possi-

416 3811 568 3889 dendam,
594 3811 668 3872 ideo
693 3830 752 3872 nos
776 3811 913 3873 eandem
938 3812 1073 3874 domum
1098 3825 1256 3874 muratam
1281 3833 1353 3876 cum
1380 3811 1481 3874 fundo
1507 3827 1538 3875 et
1562 3814 1688 3876 celario

416 3920 625 3978 subterraneo
651 3931 681 3977 et
703 3916 861 3978 hedificiis
885 3937 920 3979 ac
945 3917 1081 4000 (h)ortos
1105 3918 1188 3981 duos
1212 3939 1285 3981 cum
1311 3939 1423 3982 eorum
1448 3920 1571 3982 cunctis
1596 3922 1689 3982 utili-

416 4024 534 4084 tatibus
567 4037 597 4084 et
629 4024 837 4105 pertinenciis
868 4025 1026 4086 universis
1056 4027 1200 4107 predicto
1237 4026 1338 4088 Paulo
1363 4027 1532 4088 mercatori
1558 4047 1595 4088 ac
1627 4047 1691 4110 per

417 4149 489 4191 eum
515 4129 581 4190 suis
604 4128 778 4190 heredibus
802 4131 971 4192 statuimus
995 4145 1026 4193 et
1049 4131 1311 4194 confirmavimus
1335 4147 1491 4216 perpetuo
1515 4133 1690 4216 possiden-

417 4235 490 4296 dam
516 4249 546 4294 et
570 4235 881 4317 quomodocumque
906 4238 1044 4299 voluerit
1073 4238 1310 4320 disponendam
1342 4239 1428 4318 juxta
1453 4240 1688 4303 condicionem

416 4341 552 4402 civitatis
576 4354 743 4422 prenotate
767 4343 807 4403 ab
832 4343 967 4424 antiquo
992 4345 1214 4426 approbatam.

444 4507 539 4580 Faria
567 4517 664 4581 sexta
694 4513 952 4599 proximante
981 4513 1102 4584 testum
1140 4513 1394 4604 hssumpcionis
1423 4515 1520 4587 beate
1550 4517 1663 4588 llarie

893 4657 1023 4725 semper
1050 4639 1206 4726 virginis.

934 4791 995 4866 (13.
1019 4793 1159 4865 auguste).

523 4913 600 4974 ltem
626 4913 779 4973 Nicolaus
803 4925 904 4973 sartor
921 4911 1005 4973 filius
1029 4912 1191 4991 Damiani,
1218 4914 1326 4976 senior
1342 4913 1465 4996 juratus
1481 4929 1512 4976 et
1537 4917 1692 4980 concivis

419 5033 535 5098 noster,
561 5033 670 5080 contra
695 5019 912 5100 Augustinum
948 5020 1057 5080 Kusne
1090 5019 1193 5082 filium
1219 5021 1309 5083 Pauli
1334 5021 1439 5102 primo
1468 5022 1584 5084 citatus
1613 5044 1691 5089 non

416 5126 606 5207 comparuit.
