3694 5782
587 539 674 597 Anno
698 534 790 616 1464.
815 571 857 580 -
880 551 930 616 24.
945 535 1108 615 februarii.

741 749 943 812 Dominicus.

743 856 927 940 Dyonisius.

743 965 948 1029 Benedictus.

742 1072 900 1156 Filippus.

744 1179 901 1244 Thomas.

741 1287 875 1354 Blasius.

738 1393 873 1457 Blasius.

742 1499 920 1583 Philippus.

741 1607 869 1669 Paulus.

746 1713 907 1776 Loebacb.

320 1930 397 1991 ltem
422 1927 535 2012 prelati
560 1927 712 1990 Nicolaus
736 1926 832 2008 judex
857 1940 887 1988 et
915 1927 1020 2008 jurati,
1044 1928 1232 2006 consiliarii,
1257 1949 1294 1989 ex
1319 1947 1479 1989 consensu

214 2051 245 2099 et
269 2036 464 2098 admissione
489 2049 520 2097 et
553 2035 697 2096 unanimi
722 2054 758 2096 ac
786 2034 938 2096 concordi
972 2035 1137 2097 voluntate
1161 2055 1197 2096 ac
1222 2034 1350 2096 decreto
1378 2034 1481 2096 tocius

214 2143 455 2206 communitatis
479 2143 589 2203 omnia
625 2141 751 2203 decreta
784 2155 814 2202 et
845 2154 961 2203 statuta
993 2155 1057 2204 turn
1091 2143 1123 2204 in
1149 2142 1286 2222 presenti
1319 2161 1415 2224 quam
1449 2141 1480 2202 in

213 2249 356 2330 antiquis
380 2247 515 2310 caternis
539 2260 688 2309 contenta
719 2261 749 2309 et
774 2249 890 2330 scripta
913 2248 1021 2330 quoad
1039 2268 1153 2309 omnes
1180 2248 1342 2326 articulos,
1366 2261 1483 2330 puncta

213 2370 245 2418 et
269 2354 429 2418 clausulas
453 2353 642 2417 eorumdem
669 2368 860 2416 statutorum
885 2367 916 2416 et
940 2354 1141 2417 decretorum
1167 2374 1223 2437 per
1240 2367 1342 2416 totum
1360 2373 1481 2416 annum

213 2463 370 2546 presentis
385 2461 545 2543 judicatus
562 2461 660 2543 ipsius
678 2461 803 2524 Nicolai
828 2461 942 2542 judicis
960 2477 990 2524 et
1012 2474 1247 2544 consequenter
1270 2482 1307 2522 ac
1331 2460 1482 2542 deinceps

213 2571 281 2651 jure
313 2581 470 2652 perpetuo
507 2581 537 2628 et
577 2568 829 2630 irrevocabiliter
861 2567 1092 2631 confirmarunt
1126 2588 1252 2652 semper
1284 2568 1419 2630 valitura
1452 2579 1482 2628 et

214 2675 348 2738 firmiter
370 2673 580 2736 observanda.

322 2781 400 2842 ltem
432 2799 525 2842 causa
557 2779 639 2842 inter
663 2779 874 2843 Benedictum
907 2794 938 2843 et
971 2781 1145 2844 Martinam
1175 2782 1327 2864 judicem,
1357 2794 1390 2842 ut
1422 2779 1482 2861 ipsi

218 2887 258 2950 ad
294 2887 429 2970 primam
461 2885 571 2948 sedem
602 2883 803 2968 judiciariam
828 2906 1015 2970 comparere
1047 2887 1185 2950 debeant
1216 2902 1247 2950 et
1280 2888 1386 2950 literas
1409 2905 1482 2948 suas

217 3007 289 3056 ante
314 3007 441 3077 portare
465 2993 615 3072 debeant,
640 3006 671 3055 et
695 2994 803 3054 omnia
829 2991 897 3074 jura
923 3013 1034 3056 eorum
1061 2994 1250 3077 producant.

323 3100 401 3162 ltem
427 3099 520 3180 jurati
545 3099 811 3180 adjudicaverunt
835 3100 917 3162 inter
941 3101 1150 3163 Thomaacho
1176 3101 1325 3181 juratum,
1351 3101 1390 3162 ab
1408 3120 1482 3178 una,

219 3224 250 3272 et
273 3207 402 3271 Benche
427 3222 458 3269 et
482 3207 644 3270 Andream
670 3227 728 3268 nec
753 3227 818 3268 oon
837 3207 1051 3269 Laurencium
1077 3222 1107 3270 et
1133 3209 1252 3270 Lucam
1280 3207 1410 3288 juratos,
1435 3228 1481 3268 ra-

219 3317 311 3378 cione
336 3313 573 3376 verberationis
596 3313 740 3375 eiusdem
767 3313 896 3376 Thome
913 3333 1008 3395 super
1032 3334 1082 3394 eo,
1108 3315 1195 3397 quod
1214 3315 1272 3397 ipsi
1299 3314 1384 3376 idem
1412 3313 1482 3375 illas

220 3423 380 3484 cicatrices
404 3434 435 3482 et
458 3420 580 3482 cruoris
604 3419 793 3481 effusionem
822 3439 918 3502 super
949 3420 1064 3482 eodem
1090 3421 1298 3483 Thomascho
1324 3420 1481 3498 fecissent,

218 3543 247 3590 et
261 3549 356 3612 super
369 3528 429 3590 hoc
444 3527 574 3589 debebit
591 3526 752 3608 (quilibet)
769 3526 995 3588 secundusmet
1011 3526 1225 3606 juramentum
1245 3541 1383 3610 prestare
1408 3538 1479 3607 post

218 3648 361 3696 octavam
387 3633 505 3694 Pasche
531 3631 608 3694 feria
633 3645 719 3694 sexta
737 3633 900 3714 proxima;
925 3633 964 3694 dc
989 3653 1054 3715 quo
1079 3633 1199 3714 judicio
1218 3653 1282 3695 non
1308 3645 1477 3695 contentus

219 3741 394 3824 appellavit
417 3740 457 3802 ad
490 3739 632 3800 seniores
655 3739 777 3820 iudices
807 3753 837 3800 et
862 3738 959 3800 simili
984 3739 1083 3801 modo
1116 3740 1262 3801 Andreas
1286 3752 1317 3801 et
1342 3739 1480 3801 Benche.

325 3847 403 3909 ltem
428 3845 517 3928 quod
541 3844 664 3927 judices
688 3859 943 3927 prorogaverunt
960 3845 1041 3907 inter
1066 3845 1256 3908 Michaelem
1283 3845 1480 3907 baltalarium

219 3973 275 4036 pro
299 3953 464 4015 morderio
497 3971 616 4039 cupreo
647 3952 790 4014 ciusdem
828 3967 858 4013 ct
887 3953 1029 4014 Marcum
1063 3951 1245 4014 carnificem
1277 3952 1317 4012 ad
1342 3952 1480 4034 primum

219 4061 454 4138 consistorium,
478 4059 567 4142 quod
592 4059 790 4122 morderium
815 4059 901 4122 idem
927 4060 1054 4121 Marcus
1082 4060 1178 4121 habet
1202 4073 1338 4120 statuere
1362 4057 1482 4139 judicio

220 4167 258 4228 ad
282 4167 520 4229 consistorium.

323 4273 403 4335 Item
426 4273 514 4356 quod
540 4273 726 4335 Thomasco
751 4273 872 4335 dimisit
902 4273 1116 4335 Laurencium
1141 4273 1308 4356 pacificum
1334 4291 1369 4334 ac
1394 4273 1484 4354 quie-

220 4395 285 4443 tum
311 4381 444 4443 dimisit.

328 4487 405 4549 ltem
432 4486 524 4566 jurati
542 4500 797 4569 prorogaverunt
815 4488 896 4549 inter
915 4487 1074 4548 Hachium
1099 4500 1129 4548 et
1147 4486 1325 4548 iohannem
1346 4483 1482 4546 B0rsach

221 4595 349 4657 racione
374 4592 590 4675 dampnorum
609 4593 755 4654 Hahacio
772 4591 935 4656 illstorum
962 4593 1119 4676 usquead
1139 4593 1249 4655 leriam
1274 4607 1393 4656 sextam
1412 4605 1484 4676 post

222 4715 365 4764 octavam
392 4699 521 4779 Pasche,
554 4713 588 4762 ut
612 4700 671 4782 ipsi
703 4701 801 4763 ambo
829 4701 1009 4783 producant
1040 4701 1221 4763 testimonia
1247 4721 1312 4783 quo
1347 4701 1481 4763 meliora

222 4819 364 4889 possunt.

327 4913 407 4976 ltem
423 4913 517 4994 jurati
535 4913 800 4996 adjudicaverunt
824 4933 953 4977 causam
971 4915 1053 4977 inter
1070 4914 1246 4997 Georgium
1266 4913 1482 4978 lelowochich

223 5035 251 5083 ct
275 5022 405 5084 Petrum
425 5021 667 5105 (h)ortulanum,
691 5035 726 5084 ut
743 5021 882 5084 inclinus
905 5023 1049 5085 eiusdem
1074 5022 1157 5085 Petri
1183 5022 1323 5085 ortulani
1349 5023 1480 5084 nornine
