3644 5788
532 568 731 650 Anno1462.
758 606 800 616 —
818 587 875 649 30.
900 573 1014 646 aprilis.
1342 589 1399 630 221

153 805 251 847 coram
271 787 366 847 nobis
390 787 420 847 in
446 786 577 864 judicio,
602 785 680 846 alias
705 787 812 846 literas
837 805 931 866 super
956 784 1067 846 eadem
1094 783 1187 845 scribi
1206 797 1237 846 et
1253 785 1407 865 proximis

153 893 241 973 ipsius
259 893 398 952 condam
425 891 577 972 Stephani
604 891 740 953 Kundek
766 891 922 952 dabimus.

251 999 330 1060 Item
358 998 534 1079 Gregorius
552 1013 582 1060 et
606 999 685 1060 aiter
702 997 879 1079 Gregorius
903 997 987 1059 filius
1005 999 1117 1060 Briccii
1145 999 1183 1058 de
1202 997 1306 1060 Obres
1324 996 1406 1058 ultra

154 1107 275 1167 Zawam
301 1121 331 1168 et
357 1105 486 1188 Mathey
511 1105 700 1188 Spylwsych
725 1106 885 1167 habitator
902 1106 1047 1166 suburbii
1072 1106 1155 1166 dicte
1181 1105 1317 1166 civitatis
1333 1124 1408 1186 pro-

154 1213 220 1272 ximi
246 1213 385 1274 condam
412 1211 566 1294 Stephani
591 1213 709 1274 sutoris
734 1212 871 1273 Kundek
906 1212 993 1289 dicti,
1018 1213 1097 1272 olim
1122 1213 1200 1273 civis
1224 1211 1307 1272 dicte
1332 1211 1407 1272 civi-

154 1319 226 1395 tatis,
262 1321 495 1380 constituerunt
528 1333 766 1400 procuratorem
802 1318 1004 1380 Clementem
1038 1319 1164 1380 Keczka
1193 1318 1326 1396 dictum,
1357 1337 1407 1378 su-

153 1440 246 1487 torem
272 1440 302 1486 et
326 1425 428 1487 civem
446 1425 530 1486 dicte
554 1425 700 1500 civitatis,
726 1426 757 1486 in
783 1426 935 1486 omnibus
951 1426 1054 1486 causis
1071 1443 1178 1486 coram
1205 1426 1297 1485 nobis
1313 1423 1410 1484 motis

155 1532 196 1594 vel
221 1532 403 1593 movendis.

253 1637 329 1698 Item
363 1637 456 1718 jurati
488 1637 754 1718 adjudicaverunt
786 1657 913 1698 causam
946 1637 1027 1698 inter
1053 1637 1263 1698 Benedictum
1291 1635 1407 1698 aurif-

155 1744 239 1803 brum
267 1757 298 1804 et
322 1745 506 1806 Emericum
540 1743 765 1827 Sydowchych
799 1744 931 1822 dictum,
965 1744 1092 1804 racione
1117 1742 1283 1803 cuiusdam
1317 1743 1408 1803 vinee

154 1869 203 1930 per
228 1851 333 1932 ipsum
359 1852 570 1914 Benedictum
603 1852 662 1932 ipsi
697 1851 845 1912 Emerico
873 1849 1048 1927 venditam,
1074 1863 1104 1912 et
1135 1849 1211 1930 quia
1236 1849 1323 1930 prius
1354 1849 1408 1909 ad-

153 1957 324 2036 judicatum
350 1956 409 2018 ruit
442 1958 500 2040 ipsi
528 1959 687 2035 Emeric0,
720 1958 807 2039 quod
833 1958 899 2039 ipse
924 1956 1026 2036 jurare
1059 1956 1197 2018 debebat
1221 1975 1316 2038 super
1340 1975 1408 2037 pre·

154 2065 243 2125 misso
262 2061 360 2142 facto,
385 2079 459 2126 tunc
477 2065 544 2146 ipse
563 2065 755 2125 Benedictus
772 2083 844 2124 curn
864 2063 1007 2144 jurasset,
1033 2062 1138 2124 eidem
1156 2063 1305 2124 Emerico
1321 2062 1409 2123 satis·

154 2169 323 2232 factionem
351 2172 416 2252 ipse
431 2171 623 2234 Benedictus
649 2172 834 2252 impendere
860 2170 1021 2231 debuisset
1046 2181 1202 2250 quantum
1228 2169 1295 2250 ipsa
1313 2169 1405 2230 vinea

156 2278 258 2356 valuit,
283 2279 337 2340 sed
364 2281 438 2360 quia
465 2279 531 2360 ipse
555 2267 654 2340 ambe
674 2293 778 2360 partes
803 2278 833 2338 in
868 2297 906 2338 eo
935 2278 1183 2338 concordassent
1207 2275 1295 2357 quod
1324 2276 1408 2356 quit·

155 2385 234 2466 quid¹
253 2385 345 2466 probi
370 2385 428 2445 viri
453 2385 648 2446 invenissent
672 2398 702 2444 et
726 2383 907 2445 invenirent
939 2395 1094 2464 quantum
1119 2383 1186 2464 ipsa
1212 2382 1304 2442 vinea
1329 2382 1410 2442 ultra

156 2490 221 2551 illos
244 2505 383 2571 quatuor
408 2491 476 2554 flor.
501 2510 560 2572 pro
585 2491 702 2571 quibus
725 2489 853 2551 vendita
879 2488 938 2550 fuit
960 2489 1079 2550 valeret
1103 2489 1142 2550 ad
1168 2507 1307 2567 presens,
1334 2501 1410 2548 tunc

156 2595 291 2677 prefatus
315 2598 508 2659 Benedictus
532 2595 618 2677 juxta
642 2598 818 2679 proborum
844 2597 984 2656 virorum
1010 2615 1067 2676 per
1090 2595 1216 2656 easdem
1243 2605 1347 2675 partes
1371 2593 1410 2654 ad

157 2705 325 2784 predictam
351 2705 592 2766 estimacionem
620 2703 678 2785 ipsi
702 2704 850 2764 Emerico
868 2722 969 2784 usque
987 2701 1172 2783 quindecim
1198 2700 1323 2761 dierum
1341 2719 1410 2780 spa·

157 2811 234 2872 cium
259 2811 384 2873 solvere
409 2811 564 2886 debebat;
589 2825 619 2872 et
644 2809 718 2891 quia
744 2808 857 2891 prefati
880 2809 971 2890 probi
996 2809 1054 2869 viri
1081 2827 1136 2889 per
1160 2807 1289 2868 easdem
1307 2819 1411 2888 partes

157 2917 241 2979 electi
268 2918 298 2977 id
325 2917 521 2978 invenissent
546 2929 641 2998 prout
672 2936 766 2997 supra
792 2916 913 2976 dictum
939 2927 995 2990 est,
1028 2913 1101 2975 ideo
1128 2913 1193 2994 ipse
1220 2912 1412 2974 Benedictus

157 3039 274 3085 tenetur
299 3024 429 3085 eosdem
454 3043 507 3083 sex
525 3023 594 3084 flor.
619 3023 686 3083 auri
713 3024 818 3083 eidem
838 3022 986 3082 Emerico
1010 3020 1134 3080 solvere
1160 3038 1260 3099 usque
1277 3018 1410 3079 tercium

157 3130 237 3191 diem
262 3131 406 3212 proxime
431 3143 623 3204 venturum;
648 3129 688 3190 de
713 3147 778 3209 quo
796 3125 916 3208 judicio
943 3127 1009 3207 ipse
1036 3125 1228 3187 Benedictus
1253 3121 1412 3186 aurifaber

157 3255 216 3296 non
240 3249 408 3298 contentus
432 3235 471 3296 ad
497 3236 638 3296 seniores
662 3233 783 3312 judices
807 3231 989 3315 appellavit.

257 3343 330 3404 itetn
357 3361 487 3404 causam
514 3343 594 3403 inter
619 3360 750 3401 uxorem
782 3339 908 3400 Andree
940 3337 1206 3399 molendinatoris
1230 3338 1269 3397 ab
1294 3355 1357 3396 una
1382 3349 1412 3396 et

160 3448 235 3509 inter
260 3469 388 3510 uxorem
423 3449 505 3510 Petri
538 3447 685 3509 similiter
718 3445 985 3507 molendinatoris
1017 3444 1144 3506 racione
1176 3443 1413 3504 verberacionis

157 3557 291 3636 predicte
314 3557 422 3618 uxoris
447 3555 574 3616 Andree
598 3575 655 3636 per
679 3555 780 3636 ipsam
800 3571 932 3613 uxorem
962 3552 1060 3633 ipsius
1085 3551 1168 3612 Petri
1193 3563 1224 3612 et
1247 3549 1412 3629 sanguinis

157 3661 339 3725 effusionem
373 3662 639 3744 adjudicaverunt
671 3660 775 3742 jurati,
809 3659 884 3740 quia
910 3659 976 3739 ipsa
1010 3676 1089 3718 uxor
1113 3656 1257 3718 eiusdem
1285 3654 1412 3716 Andree

158 3771 374 3852 comprobavit
399 3771 486 3852 quod
511 3789 606 3851 super
647 3768 760 3829 eadem
793 3766 947 3848 premissa
973 3764 1057 3843 fecit,
1089 3763 1163 3824 ideo
1188 3763 1300 3824 eadem
1335 3781 1413 3822 uxor

157 3876 236 3938 Petri
261 3878 404 3939 convicta
430 3891 476 3938 est
500 3888 609 3937 contra
642 3875 778 3936 eandem
807 3891 940 3934 uxorem
974 3870 1102 3931 Andree
1128 3869 1159 3929 in
1186 3867 1357 3928 duodecim
1383 3879 1414 3928 et

156 3983 258 4045 media
281 3984 387 4066 pensis
412 3983 628 4059 denariorum,
653 3999 711 4042 nec
736 3999 800 4040 non
826 3977 936 4059 juratis
961 3976 991 4036 in
1017 3989 1147 4036 centum
1172 3973 1321 4034 denariis.

210 4101 214 4106 '
256 4090 330 4152 Item
366 4109 493 4151 causam
527 4089 608 4149 inter
642 4088 762 4148 Lucam
794 4099 948 4146 sartorem
977 4097 1008 4142 et
1040 4083 1130 4142 Jursa
1164 4080 1412 4141 inhabitatorem

155 4195 294 4257 suburbii
321 4195 405 4256 dicte
431 4194 566 4256 civitatis
583 4192 676 4274 jurati
694 4202 949 4274 prorogaverunt
963 4207 1062 4268 usque
1079 4187 1220 4269 primum
1245 4185 1411 4266 judicium.

255 4301 330 4364 Item
348 4302 537 4363 Valentinus
548 4299 716 4382 Marysych
734 4299 837 4360 dictus
854 4297 1068 4376 juramentum
1087 4293 1224 4376 prestitit
1240 4291 1280 4352 ad
1298 4311 1413 4352 manus

154 4409 246 4469 unius
269 4409 359 4488 jurati
385 4422 495 4470 contra
520 4405 729 4468 Benedictum
758 4403 954 4466 aurifabrum
979 4401 1039 4462 sibi
1064 4401 1293 4480 adjudicatum,
1319 4397 1407 4478 quod

154 4515 217 4596 ipse
242 4517 272 4576 in
297 4517 388 4578 nullo
413 4515 463 4576 vel
489 4513 618 4575 modico
643 4527 724 4574 esset
749 4511 875 4572 debitor
892 4509 974 4569 ultra
998 4507 1072 4568 illos
1096 4521 1233 4587 quatuor
1250 4505 1320 4566 flor.
1338 4504 1406 4565 auri

153 4640 208 4702 pro
244 4623 357 4703 quibus
392 4624 459 4704 ipse
494 4619 684 4682 Benedictus
719 4617 906 4678 vendiderat
947 4615 1074 4674 vineam
1110 4613 1209 4695 ipsius
1242 4609 1404 4672 Valentini

155 4727 326 4810 Marysych.

257 4834 330 4896 item
363 4836 396 4896 in
429 4853 522 4895 causa
547 4835 629 4894 inter
663 4832 796 4892 Paulum
822 4825 1005 4910 Jagychych
1038 4839 1068 4886 et
1100 4826 1181 4885 inter
1205 4822 1407 4885 Anthonium

155 4939 336 5024 Oprasnycb
361 4942 489 5002 racione
515 4939 646 5020 dampni
671 4958 727 5020 per
745 4939 843 4998 boves
868 4935 967 5015 ipsius
991 4932 1147 4994 Anthonii
1173 4931 1231 5013 ipsi
1257 4930 1356 4991 Paulo
1376 4929 1407 4989 in

153 5047 230 5106 silva
255 5067 307 5110 sua
321 5047 421 5126 factis,
439 5067 494 5129 per
509 5045 782 5126 composicionem
799 5043 977 5125 proborum
997 5040 1138 5100 virorum
1156 5035 1405 5099 concordassent
