<?xml version="1.0" encoding="UTF-8"?>
<!DOCTYPE html PUBLIC "-//W3C//DTD XHTML 1.0 Transitional//EN"
    "http://www.w3.org/TR/xhtml1/DTD/xhtml1-transitional.dtd">
<html xmlns="http://www.w3.org/1999/xhtml" xml:lang="en" lang="en">
 <head>
  <title>
</title>
<meta http-equiv="Content-Type" content="text/html;charset=utf-8" />
  <meta name='ocr-system' content='tesseract 3.04.00' />
  <meta name='ocr-capabilities' content='ocr_page ocr_carea ocr_par ocr_line ocrx_word'/>
</head>
<body>
  <div class='ocr_page' id='page_1' title='image "./monumentahistor13laszgoog_0380.png"; bbox 0 0 3694 5782; ppageno 0'>
   <div class='ocr_carea' id='block_1_1' title="bbox 419 551 1682 5100">
    <p class='ocr_par' dir='ltr' id='par_1_1' title="bbox 420 551 1294 638">
     <span class='ocr_line' id='line_1_1' title="bbox 420 551 1294 638; baseline -0.006 -20"><span class='ocrx_word' id='word_1_1' title='bbox 420 575 483 638; x_wconf 84' lang='lat'>320</span> <span class='ocrx_word' id='word_1_2' title='bbox 801 556 888 612; x_wconf 84' lang='lat' dir='ltr'>Anno</span> <span class='ocrx_word' id='word_1_3' title='bbox 911 551 1002 632; x_wconf 80' lang='lat'><em>1467.</em></span> <span class='ocrx_word' id='word_1_4' title='bbox 1027 587 1069 597; x_wconf 89' lang='lat'>—</span> <span class='ocrx_word' id='word_1_5' title='bbox 1092 566 1141 629; x_wconf 80' lang='lat'>25.</span> <span class='ocrx_word' id='word_1_6' title='bbox 1167 555 1294 628; x_wconf 73' lang='lat' dir='ltr'>augusti.</span> 
     </span>
    </p>

    <p class='ocr_par' dir='ltr' id='par_1_2' title="bbox 419 763 1682 5100">
     <span class='ocr_line' id='line_1_2' title="bbox 419 763 1669 850; baseline -0.006 -20"><span class='ocrx_word' id='word_1_7' title='bbox 419 769 535 850; x_wconf 85' lang='lat' dir='ltr'>Rudoy</span> <span class='ocrx_word' id='word_1_8' title='bbox 560 768 641 829; x_wconf 82' lang='lat' dir='ltr'>foret</span> <span class='ocrx_word' id='word_1_9' title='bbox 657 767 838 850; x_wconf 87' lang='lat' dir='ltr'>culpabilis,</span> <span class='ocrx_word' id='word_1_10' title='bbox 863 781 993 826; x_wconf 81' lang='lat' dir='ltr'>extunc</span> <span class='ocrx_word' id='word_1_11' title='bbox 1019 785 1078 827; x_wconf 92' lang='lat' dir='ltr'>nos</span> <span class='ocrx_word' id='word_1_12' title='bbox 1101 779 1244 848; x_wconf 84' lang='lat' dir='ltr'>exparte</span> <span class='ocrx_word' id='word_1_13' title='bbox 1269 765 1412 826; x_wconf 88' lang='lat' dir='ltr'>eiusdem</span> <span class='ocrx_word' id='word_1_14' title='bbox 1437 764 1542 828; x_wconf 89' lang='lat' dir='ltr'>eidem</span> <span class='ocrx_word' id='word_1_15' title='bbox 1561 763 1669 844; x_wconf 86' lang='lat' dir='ltr'>justicie</span> 
     </span>
     <span class='ocr_line' id='line_1_3' title="bbox 419 870 1670 955; baseline -0.006 -18"><span class='ocrx_word' id='word_1_16' title='bbox 419 891 449 938; x_wconf 91' lang='lat' dir='ltr'>et</span> <span class='ocrx_word' id='word_1_17' title='bbox 480 873 710 936; x_wconf 82' lang='lat' dir='ltr'>satisfaccionis</span> <span class='ocrx_word' id='word_1_18' title='bbox 742 873 1015 955; x_wconf 87' lang='lat' dir='ltr'>complementum</span> <span class='ocrx_word' id='word_1_19' title='bbox 1049 873 1203 954; x_wconf 87' lang='lat' dir='ltr'>impertiri</span> <span class='ocrx_word' id='word_1_20' title='bbox 1235 873 1504 954; x_wconf 80' lang='lat' dir='ltr'>promiseramus3</span> <span class='ocrx_word' id='word_1_21' title='bbox 1545 883 1576 931; x_wconf 87' lang='lat' dir='ltr'>et</span> <span class='ocrx_word' id='word_1_22' title='bbox 1605 870 1670 930; x_wconf 90' lang='lat' dir='ltr'>dum</span> 
     </span>
     <span class='ocr_line' id='line_1_4' title="bbox 419 978 1671 1065; baseline -0.006 -23"><span class='ocrx_word' id='word_1_23' title='bbox 419 982 560 1065; x_wconf 83' lang='lat' dir='ltr'>prefatus</span> <span class='ocrx_word' id='word_1_24' title='bbox 585 981 700 1062; x_wconf 80' lang='lat' dir='ltr'>Radoy</span> <span class='ocrx_word' id='word_1_25' title='bbox 725 981 854 1040; x_wconf 79' lang='lat' dir='ltr'>racione</span> <span class='ocrx_word' id='word_1_26' title='bbox 879 979 987 1060; x_wconf 81' lang='lat' dir='ltr'>previa</span> <span class='ocrx_word' id='word_1_27' title='bbox 1006 979 1104 1040; x_wconf 87' lang='lat' dir='ltr'>nostri</span> <span class='ocrx_word' id='word_1_28' title='bbox 1132 979 1163 1038; x_wconf 90' lang='lat' dir='ltr'>in</span> <span class='ocrx_word' id='word_1_29' title='bbox 1189 978 1331 1039; x_wconf 86' lang='lat' dir='ltr'>medium</span> <span class='ocrx_word' id='word_1_30' title='bbox 1358 978 1496 1038; x_wconf 87' lang='lat' dir='ltr'>venisset</span> <span class='ocrx_word' id='word_1_31' title='bbox 1520 992 1551 1038; x_wconf 90' lang='lat' dir='ltr'>et</span> <span class='ocrx_word' id='word_1_32' title='bbox 1576 987 1671 1036; x_wconf 87' lang='lat' dir='ltr'>costra</span> 
     </span>
     <span class='ocr_line' id='line_1_5' title="bbox 419 1081 1672 1167; baseline -0.006 -18"><span class='ocrx_word' id='word_1_33' title='bbox 419 1088 558 1149; x_wconf 90' lang='lat' dir='ltr'>eundem</span> <span class='ocrx_word' id='word_1_34' title='bbox 585 1087 725 1147; x_wconf 89' lang='lat' dir='ltr'>Blasium</span> <span class='ocrx_word' id='word_1_35' title='bbox 760 1085 898 1164; x_wconf 90' lang='lat' dir='ltr'>judicem</span> <span class='ocrx_word' id='word_1_36' title='bbox 932 1085 1165 1167; x_wconf 74' lang='lat' dir='ltr'>proposuisset,</span> <span class='ocrx_word' id='word_1_37' title='bbox 1198 1085 1287 1165; x_wconf 93' lang='lat' dir='ltr'>quod</span> <span class='ocrx_word' id='word_1_38' title='bbox 1312 1085 1377 1166; x_wconf 91' lang='lat' dir='ltr'>ipse</span> <span class='ocrx_word' id='word_1_39' title='bbox 1410 1084 1582 1165; x_wconf 88' lang='lat' dir='ltr'>premissos</span> <span class='ocrx_word' id='word_1_40' title='bbox 1605 1081 1672 1141; x_wconf 93' lang='lat' dir='ltr'>duo·</span> 
     </span>
     <span class='ocr_line' id='line_1_6' title="bbox 420 1188 1673 1273; baseline -0.006 -19"><span class='ocrx_word' id='word_1_41' title='bbox 420 1195 523 1254; x_wconf 87' lang='lat' dir='ltr'>decim</span> <span class='ocrx_word' id='word_1_42' title='bbox 550 1213 665 1273; x_wconf 91' lang='lat' dir='ltr'>porcos</span> <span class='ocrx_word' id='word_1_43' title='bbox 689 1192 833 1252; x_wconf 89' lang='lat' dir='ltr'>eiusdem</span> <span class='ocrx_word' id='word_1_44' title='bbox 859 1191 957 1272; x_wconf 82' lang='lat' dir='ltr'>recipi</span> <span class='ocrx_word' id='word_1_45' title='bbox 980 1189 1105 1252; x_wconf 91' lang='lat' dir='ltr'>lecisset</span> <span class='ocrx_word' id='word_1_46' title='bbox 1121 1205 1152 1250; x_wconf 89' lang='lat' dir='ltr'>et</span> <span class='ocrx_word' id='word_1_47' title='bbox 1176 1209 1242 1271; x_wconf 91' lang='lat' dir='ltr'>quo</span> <span class='ocrx_word' id='word_1_48' title='bbox 1258 1190 1423 1268; x_wconf 88' lang='lat' dir='ltr'>voluisset,</span> <span class='ocrx_word' id='word_1_49' title='bbox 1449 1188 1673 1264; x_wconf 82' lang='lat' dir='ltr'>lecisset31unc</span> 
     </span>
     <span class='ocr_line' id='line_1_7' title="bbox 421 1296 1674 1382; baseline -0.006 -21"><span class='ocrx_word' id='word_1_50' title='bbox 421 1301 487 1382; x_wconf 91' lang='lat' dir='ltr'>ipse</span> <span class='ocrx_word' id='word_1_51' title='bbox 513 1299 638 1360; x_wconf 87' lang='lat' dir='ltr'>Blasius</span> <span class='ocrx_word' id='word_1_52' title='bbox 662 1297 757 1377; x_wconf 87' lang='lat' dir='ltr'>judex</span> <span class='ocrx_word' id='word_1_53' title='bbox 783 1297 888 1358; x_wconf 91' lang='lat' dir='ltr'>eidem</span> <span class='ocrx_word' id='word_1_54' title='bbox 914 1297 1030 1379; x_wconf 84' lang='lat' dir='ltr'>Radoy</span> <span class='ocrx_word' id='word_1_55' title='bbox 1055 1316 1161 1358; x_wconf 87' lang='lat' dir='ltr'>coram</span> <span class='ocrx_word' id='word_1_56' title='bbox 1187 1297 1281 1358; x_wconf 89' lang='lat' dir='ltr'>nobis</span> <span class='ocrx_word' id='word_1_57' title='bbox 1305 1296 1427 1377; x_wconf 86' lang='lat' dir='ltr'>judicio</span> <span class='ocrx_word' id='word_1_58' title='bbox 1451 1311 1552 1358; x_wconf 87' lang='lat' dir='ltr'>astare</span> <span class='ocrx_word' id='word_1_59' title='bbox 1577 1308 1606 1356; x_wconf 89' lang='lat' dir='ltr'>et</span> <span class='ocrx_word' id='word_1_60' title='bbox 1627 1313 1674 1376; x_wconf 89' lang='lat' dir='ltr'>pa·</span> 
     </span>
     <span class='ocr_line' id='line_1_8' title="bbox 421 1403 1673 1485; baseline -0.007 -17"><span class='ocrx_word' id='word_1_61' title='bbox 421 1429 487 1468; x_wconf 89' lang='lat' dir='ltr'>rere</span> <span class='ocrx_word' id='word_1_62' title='bbox 513 1427 544 1467; x_wconf 90' lang='lat' dir='ltr'>se</span> <span class='ocrx_word' id='word_1_63' title='bbox 570 1427 634 1467; x_wconf 89' lang='lat' dir='ltr'>non</span> <span class='ocrx_word' id='word_1_64' title='bbox 662 1407 755 1484; x_wconf 87' lang='lat' dir='ltr'>velle,</span> <span class='ocrx_word' id='word_1_65' title='bbox 781 1405 931 1482; x_wconf 87' lang='lat' dir='ltr'>dicendo,</span> <span class='ocrx_word' id='word_1_66' title='bbox 964 1404 1052 1485; x_wconf 92' lang='lat' dir='ltr'>quod</span> <span class='ocrx_word' id='word_1_67' title='bbox 1078 1424 1136 1464; x_wconf 89' lang='lat' dir='ltr'>nos</span> <span class='ocrx_word' id='word_1_68' title='bbox 1168 1405 1295 1464; x_wconf 82' lang='lat' dir='ltr'>racione</span> <span class='ocrx_word' id='word_1_69' title='bbox 1321 1403 1519 1484; x_wconf 89' lang='lat' dir='ltr'>recepcionis</span> <span class='ocrx_word' id='word_1_70' title='bbox 1544 1403 1673 1483; x_wconf 91' lang='lat' dir='ltr'>ipsorum</span> 
     </span>
     <span class='ocr_line' id='line_1_9' title="bbox 421 1508 1675 1596; baseline -0.007 -22"><span class='ocrx_word' id='word_1_71' title='bbox 421 1533 591 1596; x_wconf 87' lang='lat' dir='ltr'>porcorum</span> <span class='ocrx_word' id='word_1_72' title='bbox 617 1512 664 1572; x_wconf 89' lang='lat' dir='ltr'>sui</span> <span class='ocrx_word' id='word_1_73' title='bbox 691 1511 811 1590; x_wconf 86' lang='lat' dir='ltr'>judices</span> <span class='ocrx_word' id='word_1_74' title='bbox 836 1531 900 1571; x_wconf 90' lang='lat' dir='ltr'>non</span> <span class='ocrx_word' id='word_1_75' title='bbox 926 1530 1078 1588; x_wconf 84' lang='lat' dir='ltr'>essemus,</span> <span class='ocrx_word' id='word_1_76' title='bbox 1103 1525 1134 1571; x_wconf 91' lang='lat' dir='ltr'>et</span> <span class='ocrx_word' id='word_1_77' title='bbox 1151 1510 1291 1586; x_wconf 84' lang='lat' dir='ltr'>dixisset,</span> <span class='ocrx_word' id='word_1_78' title='bbox 1317 1510 1404 1590; x_wconf 92' lang='lat' dir='ltr'>quod</span> <span class='ocrx_word' id='word_1_79' title='bbox 1431 1509 1498 1590; x_wconf 88' lang='lat' dir='ltr'>ipse</span> <span class='ocrx_word' id='word_1_80' title='bbox 1516 1508 1675 1591; x_wconf 89' lang='lat' dir='ltr'>premissos</span> 
     </span>
     <span class='ocr_line' id='line_1_10' title="bbox 421 1612 1675 1700; baseline -0.006 -19"><span class='ocrx_word' id='word_1_81' title='bbox 421 1639 536 1700; x_wconf 91' lang='lat' dir='ltr'>porcos</span> <span class='ocrx_word' id='word_1_82' title='bbox 561 1619 702 1700; x_wconf 89' lang='lat' dir='ltr'>recipere</span> <span class='ocrx_word' id='word_1_83' title='bbox 727 1616 862 1694; x_wconf 86' lang='lat' dir='ltr'>lecisset,</span> <span class='ocrx_word' id='word_1_84' title='bbox 887 1615 942 1677; x_wconf 93' lang='lat' dir='ltr'>sed</span> <span class='ocrx_word' id='word_1_85' title='bbox 974 1616 1096 1696; x_wconf 92' lang='lat' dir='ltr'>judicio</span> <span class='ocrx_word' id='word_1_86' title='bbox 1128 1631 1229 1677; x_wconf 81' lang='lat' dir='ltr'>astare</span> <span class='ocrx_word' id='word_1_87' title='bbox 1254 1616 1350 1677; x_wconf 89' lang='lat' dir='ltr'>vellet</span> <span class='ocrx_word' id='word_1_88' title='bbox 1381 1635 1489 1677; x_wconf 87' lang='lat' dir='ltr'>coram</span> <span class='ocrx_word' id='word_1_89' title='bbox 1515 1612 1675 1696; x_wconf 84' lang='lat' dir='ltr'>magnifico</span> 
     </span>
     <span class='ocr_line' id='line_1_11' title="bbox 421 1722 1675 1806; baseline -0.003 -20"><span class='ocrx_word' id='word_1_90' title='bbox 421 1726 556 1788; x_wconf 91' lang='lat' dir='ltr'>domino</span> <span class='ocrx_word' id='word_1_91' title='bbox 582 1725 726 1787; x_wconf 83' lang='lat' dir='ltr'>lohanne</span> <span class='ocrx_word' id='word_1_92' title='bbox 760 1725 887 1806; x_wconf 89' lang='lat' dir='ltr'>Thwzy</span> <span class='ocrx_word' id='word_1_93' title='bbox 920 1725 1071 1804; x_wconf 82' lang='lat' dir='ltr'>magistro</span> <span class='ocrx_word' id='word_1_94' title='bbox 1104 1724 1190 1785; x_wconf 87' lang='lat' dir='ltr'>curie</span> <span class='ocrx_word' id='word_1_95' title='bbox 1224 1724 1310 1804; x_wconf 82' lang='lat' dir='ltr'>regie</span> <span class='ocrx_word' id='word_1_96' title='bbox 1345 1725 1519 1786; x_wconf 81' lang='lat' dir='ltr'>Maiestatis</span> <span class='ocrx_word' id='word_1_97' title='bbox 1543 1737 1575 1786; x_wconf 90' lang='lat' dir='ltr'>et</span> <span class='ocrx_word' id='word_1_98' title='bbox 1598 1722 1675 1804; x_wconf 86' lang='lat' dir='ltr'>regni</span> 
     </span>
     <span class='ocr_line' id='line_1_12' title="bbox 423 1829 1676 1912; baseline -0.004 -19"><span class='ocrx_word' id='word_1_99' title='bbox 423 1832 595 1894; x_wconf 88' lang='lat' dir='ltr'>Sclauonie</span> <span class='ocrx_word' id='word_1_100' title='bbox 629 1833 732 1904; x_wconf 82' lang='lat' dir='ltr'>ban03</span> <span class='ocrx_word' id='word_1_101' title='bbox 768 1850 804 1891; x_wconf 85' lang='lat' dir='ltr'>ex</span> <span class='ocrx_word' id='word_1_102' title='bbox 831 1845 918 1912; x_wconf 90' lang='lat' dir='ltr'>parte</span> <span class='ocrx_word' id='word_1_103' title='bbox 950 1831 1041 1890; x_wconf 89' lang='lat' dir='ltr'>cuius</span> <span class='ocrx_word' id='word_1_104' title='bbox 1073 1830 1168 1891; x_wconf 85' lang='lat' dir='ltr'>Blasii</span> <span class='ocrx_word' id='word_1_105' title='bbox 1202 1829 1317 1909; x_wconf 78' lang='lat' dir='ltr'>iudicis</span> <span class='ocrx_word' id='word_1_106' title='bbox 1349 1849 1408 1891; x_wconf 89' lang='lat' dir='ltr'>nos</span> <span class='ocrx_word' id='word_1_107' title='bbox 1440 1831 1547 1892; x_wconf 89' lang='lat' dir='ltr'>eidem</span> <span class='ocrx_word' id='word_1_108' title='bbox 1573 1829 1676 1910; x_wconf 84' lang='lat' dir='ltr'>Radoy</span> 
     </span>
     <span class='ocr_line' id='line_1_13' title="bbox 422 1935 1675 2020; baseline -0.002 -21"><span class='ocrx_word' id='word_1_109' title='bbox 422 1939 545 2020; x_wconf 81' lang='lat' dir='ltr'>justicie</span> <span class='ocrx_word' id='word_1_110' title='bbox 570 1951 601 1998; x_wconf 92' lang='lat' dir='ltr'>et</span> <span class='ocrx_word' id='word_1_111' title='bbox 625 1935 855 1998; x_wconf 73' lang='lat' dir='ltr'>satisfactionis</span> <span class='ocrx_word' id='word_1_112' title='bbox 878 1937 1152 2017; x_wconf 87' lang='lat' dir='ltr'>complementum</span> <span class='ocrx_word' id='word_1_113' title='bbox 1176 1937 1330 2018; x_wconf 89' lang='lat' dir='ltr'>impertiri</span> <span class='ocrx_word' id='word_1_114' title='bbox 1355 1957 1420 1998; x_wconf 91' lang='lat' dir='ltr'>non</span> <span class='ocrx_word' id='word_1_115' title='bbox 1445 1939 1604 1999; x_wconf 87' lang='lat' dir='ltr'>valuimus</span> <span class='ocrx_word' id='word_1_116' title='bbox 1627 1955 1675 1998; x_wconf 89' lang='lat' dir='ltr'>nec</span> 
     </span>
     <span class='ocr_line' id='line_1_14' title="bbox 423 2043 1676 2125; baseline -0.003 -20"><span class='ocrx_word' id='word_1_117' title='bbox 423 2045 595 2125; x_wconf 91' lang='lat' dir='ltr'>potuimus.</span> <span class='ocrx_word' id='word_1_118' title='bbox 622 2043 822 2124; x_wconf 87' lang='lat' dir='ltr'>Quiquidem</span> <span class='ocrx_word' id='word_1_119' title='bbox 841 2043 956 2124; x_wconf 83' lang='lat' dir='ltr'>Badoy</span> <span class='ocrx_word' id='word_1_120' title='bbox 970 2062 986 2103; x_wconf 92' lang='lat' dir='ltr'>e</span> <span class='ocrx_word' id='word_1_121' title='bbox 1000 2062 1156 2103; x_wconf 89' lang='lat' dir='ltr'>converso</span> <span class='ocrx_word' id='word_1_122' title='bbox 1175 2043 1324 2105; x_wconf 89' lang='lat' dir='ltr'>Michaeli</span> <span class='ocrx_word' id='word_1_123' title='bbox 1349 2057 1380 2105; x_wconf 93' lang='lat' dir='ltr'>et</span> <span class='ocrx_word' id='word_1_124' title='bbox 1398 2045 1500 2104; x_wconf 89' lang='lat' dir='ltr'>Paulo</span> <span class='ocrx_word' id='word_1_125' title='bbox 1524 2043 1676 2104; x_wconf 88' lang='lat' dir='ltr'>modernis</span> 
     </span>
     <span class='ocr_line' id='line_1_15' title="bbox 422 2148 1675 2230; baseline -0.002 -20"><span class='ocrx_word' id='word_1_126' title='bbox 422 2149 532 2230; x_wconf 85' lang='lat' dir='ltr'>juratis</span> <span class='ocrx_word' id='word_1_127' title='bbox 564 2163 594 2210; x_wconf 91' lang='lat' dir='ltr'>et</span> <span class='ocrx_word' id='word_1_128' title='bbox 630 2149 817 2210; x_wconf 89' lang='lat' dir='ltr'>concivibus</span> <span class='ocrx_word' id='word_1_129' title='bbox 850 2149 967 2210; x_wconf 89' lang='lat' dir='ltr'>nostris</span> <span class='ocrx_word' id='word_1_130' title='bbox 1006 2162 1107 2210; x_wconf 87' lang='lat' dir='ltr'>certas</span> <span class='ocrx_word' id='word_1_131' title='bbox 1138 2168 1188 2209; x_wconf 85' lang='lat' dir='ltr'>res</span> <span class='ocrx_word' id='word_1_132' title='bbox 1220 2169 1330 2210; x_wconf 92' lang='lat' dir='ltr'>eorum</span> <span class='ocrx_word' id='word_1_133' title='bbox 1365 2150 1621 2212; x_wconf 87' lang='lat' dir='ltr'>mercimoniales</span> <span class='ocrx_word' id='word_1_134' title='bbox 1649 2148 1675 2208; x_wconf 90' lang='lat' dir='ltr'>in</span> 
     </span>
     <span class='ocr_line' id='line_1_16' title="bbox 422 2255 1674 2338; baseline -0.003 -21"><span class='ocrx_word' id='word_1_135' title='bbox 422 2257 536 2317; x_wconf 82' lang='lat' dir='ltr'>eodem</span> <span class='ocrx_word' id='word_1_136' title='bbox 562 2256 684 2337; x_wconf 91' lang='lat' dir='ltr'>oppido</span> <span class='ocrx_word' id='word_1_137' title='bbox 710 2256 931 2316; x_wconf 85' lang='lat' dir='ltr'>laztrebarzka</span> <span class='ocrx_word' id='word_1_138' title='bbox 957 2255 1085 2316; x_wconf 89' lang='lat' dir='ltr'>racione</span> <span class='ocrx_word' id='word_1_139' title='bbox 1107 2255 1306 2336; x_wconf 88' lang='lat' dir='ltr'>recepcionis</span> <span class='ocrx_word' id='word_1_140' title='bbox 1331 2256 1491 2317; x_wconf 91' lang='lat' dir='ltr'>dictorum</span> <span class='ocrx_word' id='word_1_141' title='bbox 1516 2272 1674 2338; x_wconf 89' lang='lat' dir='ltr'>porcorum</span> 
     </span>
     <span class='ocr_line' id='line_1_17' title="bbox 423 2361 1676 2443; baseline -0.004 -20"><span class='ocrx_word' id='word_1_142' title='bbox 423 2375 600 2438; x_wconf 86' lang='lat' dir='ltr'>arestasset,</span> <span class='ocrx_word' id='word_1_143' title='bbox 635 2380 692 2421; x_wconf 90' lang='lat' dir='ltr'>nec</span> <span class='ocrx_word' id='word_1_144' title='bbox 725 2361 852 2422; x_wconf 88' lang='lat' dir='ltr'>easdem</span> <span class='ocrx_word' id='word_1_145' title='bbox 886 2381 935 2421; x_wconf 93' lang='lat' dir='ltr'>res</span> <span class='ocrx_word' id='word_1_146' title='bbox 967 2361 1058 2422; x_wconf 88' lang='lat' dir='ltr'>aliter</span> <span class='ocrx_word' id='word_1_147' title='bbox 1090 2361 1149 2421; x_wconf 91' lang='lat' dir='ltr'>nisi</span> <span class='ocrx_word' id='word_1_148' title='bbox 1183 2362 1221 2422; x_wconf 88' lang='lat' dir='ltr'>ad</span> <span class='ocrx_word' id='word_1_149' title='bbox 1254 2361 1461 2422; x_wconf 88' lang='lat' dir='ltr'>literatoriam</span> <span class='ocrx_word' id='word_1_150' title='bbox 1494 2361 1676 2443; x_wconf 82' lang='lat' dir='ltr'>peticionem</span> 
     </span>
     <span class='ocr_line' id='line_1_18' title="bbox 423 2465 1677 2547; baseline -0.003 -19"><span class='ocrx_word' id='word_1_151' title='bbox 423 2468 547 2528; x_wconf 91' lang='lat' dir='ltr'>domini</span> <span class='ocrx_word' id='word_1_152' title='bbox 574 2469 631 2528; x_wconf 85' lang='lat' dir='ltr'>lan</span> <span class='ocrx_word' id='word_1_153' title='bbox 657 2467 784 2528; x_wconf 90' lang='lat' dir='ltr'>comitis</span> <span class='ocrx_word' id='word_1_154' title='bbox 809 2468 944 2546; x_wconf 80' lang='lat' dir='ltr'>Zagorie</span> <span class='ocrx_word' id='word_1_155' title='bbox 969 2481 1000 2529; x_wconf 90' lang='lat' dir='ltr'>et</span> <span class='ocrx_word' id='word_1_156' title='bbox 1024 2467 1115 2547; x_wconf 85' lang='lat' dir='ltr'>regni</span> <span class='ocrx_word' id='word_1_157' title='bbox 1141 2467 1314 2529; x_wconf 82' lang='lat' dir='ltr'>Sclauonie</span> <span class='ocrx_word' id='word_1_158' title='bbox 1339 2469 1413 2528; x_wconf 88' lang='lat' dir='ltr'>bani</span> <span class='ocrx_word' id='word_1_159' title='bbox 1440 2467 1559 2528; x_wconf 90' lang='lat' dir='ltr'>eisdem</span> <span class='ocrx_word' id='word_1_160' title='bbox 1587 2465 1677 2528; x_wconf 83' lang='lat' dir='ltr'>Paulo</span> 
     </span>
     <span class='ocr_line' id='line_1_19' title="bbox 424 2571 1676 2657; baseline -0.005 -21"><span class='ocrx_word' id='word_1_161' title='bbox 424 2589 454 2636; x_wconf 89' lang='lat' dir='ltr'>et</span> <span class='ocrx_word' id='word_1_162' title='bbox 479 2575 628 2635; x_wconf 87' lang='lat' dir='ltr'>Michaeli</span> <span class='ocrx_word' id='word_1_163' title='bbox 654 2573 892 2651; x_wconf 86' lang='lat' dir='ltr'>extradedisset‚</span> <span class='ocrx_word' id='word_1_164' title='bbox 917 2587 947 2634; x_wconf 94' lang='lat' dir='ltr'>et</span> <span class='ocrx_word' id='word_1_165' title='bbox 972 2575 1046 2655; x_wconf 90' lang='lat' dir='ltr'>quia</span> <span class='ocrx_word' id='word_1_166' title='bbox 1074 2571 1217 2655; x_wconf 77' lang='lat' dir='ltr'>prefatus</span> <span class='ocrx_word' id='word_1_167' title='bbox 1246 2575 1361 2657; x_wconf 87' lang='lat' dir='ltr'>Radoy</span> <span class='ocrx_word' id='word_1_168' title='bbox 1386 2573 1534 2636; x_wconf 82' lang='lat' dir='ltr'>officialis</span> <span class='ocrx_word' id='word_1_169' title='bbox 1557 2575 1676 2635; x_wconf 87' lang='lat' dir='ltr'>racione</span> 
     </span>
     <span class='ocr_line' id='line_1_20' title="bbox 426 2679 1677 2764; baseline -0.002 -23"><span class='ocrx_word' id='word_1_170' title='bbox 426 2681 603 2742; x_wconf 75' lang='lat' dir='ltr'>oblacionis</span> <span class='ocrx_word' id='word_1_171' title='bbox 628 2679 786 2741; x_wconf 90' lang='lat' dir='ltr'>dictorum</span> <span class='ocrx_word' id='word_1_172' title='bbox 809 2680 981 2740; x_wconf 91' lang='lat' dir='ltr'>duodecim</span> <span class='ocrx_word' id='word_1_173' title='bbox 1000 2700 1172 2761; x_wconf 92' lang='lat' dir='ltr'>porcorum</span> <span class='ocrx_word' id='word_1_174' title='bbox 1198 2695 1383 2742; x_wconf 80' lang='lat' dir='ltr'>contrarios</span> <span class='ocrx_word' id='word_1_175' title='bbox 1408 2680 1529 2764; x_wconf 81' lang='lat' dir='ltr'>prelato</span> <span class='ocrx_word' id='word_1_176' title='bbox 1553 2681 1677 2742; x_wconf 89' lang='lat' dir='ltr'>domiuo</span> 
     </span>
     <span class='ocr_line' id='line_1_21' title="bbox 425 2786 1678 2869; baseline -0.002 -23"><span class='ocrx_word' id='word_1_177' title='bbox 425 2787 482 2846; x_wconf 88' lang='lat' dir='ltr'>lan</span> <span class='ocrx_word' id='word_1_178' title='bbox 508 2786 617 2846; x_wconf 88' lang='lat' dir='ltr'>comiti</span> <span class='ocrx_word' id='word_1_179' title='bbox 644 2787 779 2865; x_wconf 86' lang='lat' dir='ltr'>Zagorie</span> <span class='ocrx_word' id='word_1_180' title='bbox 804 2801 834 2846; x_wconf 91' lang='lat' dir='ltr'>et</span> <span class='ocrx_word' id='word_1_181' title='bbox 859 2787 944 2846; x_wconf 87' lang='lat' dir='ltr'>barro</span> <span class='ocrx_word' id='word_1_182' title='bbox 968 2787 1074 2847; x_wconf 87' lang='lat' dir='ltr'>taliter</span> <span class='ocrx_word' id='word_1_183' title='bbox 1091 2801 1286 2869; x_wconf 87' lang='lat' dir='ltr'>conquestus</span> <span class='ocrx_word' id='word_1_184' title='bbox 1311 2787 1430 2864; x_wconf 86' lang='lat' dir='ltr'>luisset,</span> <span class='ocrx_word' id='word_1_185' title='bbox 1457 2788 1541 2868; x_wconf 91' lang='lat' dir='ltr'>quod</span> <span class='ocrx_word' id='word_1_186' title='bbox 1566 2806 1625 2848; x_wconf 85' lang='lat' dir='ltr'>nos</span> <span class='ocrx_word' id='word_1_187' title='bbox 1646 2805 1678 2844; x_wconf 88' lang='lat' dir='ltr'>ex</span> 
     </span>
     <span class='ocr_line' id='line_1_22' title="bbox 424 2891 1679 2974; baseline -0.002 -22"><span class='ocrx_word' id='word_1_188' title='bbox 424 2905 512 2973; x_wconf 87' lang='lat' dir='ltr'>parte</span> <span class='ocrx_word' id='word_1_189' title='bbox 538 2893 681 2952; x_wconf 89' lang='lat' dir='ltr'>eiusdem</span> <span class='ocrx_word' id='word_1_190' title='bbox 711 2893 805 2952; x_wconf 90' lang='lat' dir='ltr'>Blasii</span> <span class='ocrx_word' id='word_1_191' title='bbox 831 2891 945 2970; x_wconf 79' lang='lat' dir='ltr'>iudicis</span> <span class='ocrx_word' id='word_1_192' title='bbox 969 2893 1073 2954; x_wconf 92' lang='lat' dir='ltr'>eidem</span> <span class='ocrx_word' id='word_1_193' title='bbox 1103 2893 1357 2955; x_wconf 86' lang='lat' dir='ltr'>satisfaccionem</span> <span class='ocrx_word' id='word_1_194' title='bbox 1384 2892 1486 2954; x_wconf 86' lang='lat' dir='ltr'>lacere</span> <span class='ocrx_word' id='word_1_195' title='bbox 1512 2909 1541 2954; x_wconf 90' lang='lat' dir='ltr'>et</span> <span class='ocrx_word' id='word_1_196' title='bbox 1563 2893 1679 2974; x_wconf 90' lang='lat' dir='ltr'>impen-</span> 
     </span>
     <span class='ocr_line' id='line_1_23' title="bbox 426 2998 1680 3080; baseline -0.001 -22"><span class='ocrx_word' id='word_1_197' title='bbox 426 3000 500 3060; x_wconf 91' lang='lat' dir='ltr'>dere</span> <span class='ocrx_word' id='word_1_198' title='bbox 526 2999 751 3075; x_wconf 78' lang='lat' dir='ltr'>noluissemus,</span> <span class='ocrx_word' id='word_1_199' title='bbox 777 3018 838 3079; x_wconf 92' lang='lat' dir='ltr'>qua</span> <span class='ocrx_word' id='word_1_200' title='bbox 866 2999 904 3058; x_wconf 88' lang='lat' dir='ltr'>de</span> <span class='ocrx_word' id='word_1_201' title='bbox 931 3019 963 3059; x_wconf 90' lang='lat' dir='ltr'>re</span> <span class='ocrx_word' id='word_1_202' title='bbox 989 2998 1130 3080; x_wconf 85' lang='lat' dir='ltr'>prelatus</span> <span class='ocrx_word' id='word_1_203' title='bbox 1154 3001 1306 3062; x_wconf 89' lang='lat' dir='ltr'>dominus</span> <span class='ocrx_word' id='word_1_204' title='bbox 1331 3003 1432 3062; x_wconf 89' lang='lat' dir='ltr'>barrus</span> <span class='ocrx_word' id='word_1_205' title='bbox 1457 3002 1548 3062; x_wconf 91' lang='lat' dir='ltr'>nobis</span> <span class='ocrx_word' id='word_1_206' title='bbox 1564 2998 1680 3080; x_wconf 88' lang='lat' dir='ltr'>scripsit</span> 
     </span>
     <span class='ocr_line' id='line_1_24' title="bbox 424 3105 1679 3168; baseline 0.001 -4"><span class='ocrx_word' id='word_1_207' title='bbox 424 3105 489 3164; x_wconf 92' lang='lat' dir='ltr'>suis</span> <span class='ocrx_word' id='word_1_208' title='bbox 514 3105 612 3165; x_wconf 91' lang='lat' dir='ltr'>literis</span> <span class='ocrx_word' id='word_1_209' title='bbox 637 3105 853 3165; x_wconf 87' lang='lat' dir='ltr'>mediantibus</span> <span class='ocrx_word' id='word_1_210' title='bbox 871 3120 900 3165; x_wconf 87' lang='lat' dir='ltr'>et</span> <span class='ocrx_word' id='word_1_211' title='bbox 923 3107 1023 3166; x_wconf 88' lang='lat' dir='ltr'>eciam</span> <span class='ocrx_word' id='word_1_212' title='bbox 1041 3121 1190 3167; x_wconf 87' lang='lat' dir='ltr'>oretenus</span> <span class='ocrx_word' id='word_1_213' title='bbox 1207 3109 1368 3168; x_wconf 89' lang='lat' dir='ltr'>commisit</span> <span class='ocrx_word' id='word_1_214' title='bbox 1385 3122 1416 3168; x_wconf 90' lang='lat' dir='ltr'>et</span> <span class='ocrx_word' id='word_1_215' title='bbox 1439 3109 1527 3168; x_wconf 91' lang='lat' dir='ltr'>dedit</span> <span class='ocrx_word' id='word_1_216' title='bbox 1549 3108 1582 3167; x_wconf 90' lang='lat' dir='ltr'>in</span> <span class='ocrx_word' id='word_1_217' title='bbox 1601 3125 1679 3166; x_wconf 85' lang='lat' dir='ltr'>man-</span> 
     </span>
     <span class='ocr_line' id='line_1_25' title="bbox 425 3209 1679 3296; baseline 0.002 -27"><span class='ocrx_word' id='word_1_218' title='bbox 425 3209 517 3288; x_wconf 88' lang='lat' dir='ltr'>datis,</span> <span class='ocrx_word' id='word_1_219' title='bbox 536 3225 569 3271; x_wconf 93' lang='lat' dir='ltr'>ut</span> <span class='ocrx_word' id='word_1_220' title='bbox 593 3230 651 3270; x_wconf 89' lang='lat' dir='ltr'>nos</span> <span class='ocrx_word' id='word_1_221' title='bbox 675 3229 711 3270; x_wconf 87' lang='lat' dir='ltr'>ex</span> <span class='ocrx_word' id='word_1_222' title='bbox 736 3225 824 3291; x_wconf 90' lang='lat' dir='ltr'>parte</span> <span class='ocrx_word' id='word_1_223' title='bbox 843 3212 941 3292; x_wconf 91' lang='lat' dir='ltr'>ipsius</span> <span class='ocrx_word' id='word_1_224' title='bbox 968 3212 1062 3272; x_wconf 84' lang='lat' dir='ltr'>Blasii</span> <span class='ocrx_word' id='word_1_225' title='bbox 1081 3212 1196 3292; x_wconf 88' lang='lat' dir='ltr'>judicis</span> <span class='ocrx_word' id='word_1_226' title='bbox 1220 3214 1325 3276; x_wconf 92' lang='lat' dir='ltr'>eidem</span> <span class='ocrx_word' id='word_1_227' title='bbox 1343 3215 1459 3296; x_wconf 87' lang='lat' dir='ltr'>Radoy</span> <span class='ocrx_word' id='word_1_228' title='bbox 1476 3215 1584 3275; x_wconf 89' lang='lat' dir='ltr'>debite</span> <span class='ocrx_word' id='word_1_229' title='bbox 1600 3212 1679 3274; x_wconf 91' lang='lat' dir='ltr'>satis·</span> 
     </span>
     <span class='ocr_line' id='line_1_26' title="bbox 426 3315 1678 3401; baseline 0.001 -26"><span class='ocrx_word' id='word_1_230' title='bbox 426 3315 579 3376; x_wconf 86' lang='lat' dir='ltr'>faccionis</span> <span class='ocrx_word' id='word_1_231' title='bbox 603 3317 877 3396; x_wconf 89' lang='lat' dir='ltr'>complementum</span> <span class='ocrx_word' id='word_1_232' title='bbox 897 3318 936 3377; x_wconf 91' lang='lat' dir='ltr'>de</span> <span class='ocrx_word' id='word_1_233' title='bbox 954 3319 1049 3378; x_wconf 89' lang='lat' dir='ltr'>rebus</span> <span class='ocrx_word' id='word_1_234' title='bbox 1072 3333 1102 3379; x_wconf 91' lang='lat' dir='ltr'>et</span> <span class='ocrx_word' id='word_1_235' title='bbox 1128 3320 1221 3380; x_wconf 92' lang='lat' dir='ltr'>bonis</span> <span class='ocrx_word' id='word_1_236' title='bbox 1238 3321 1303 3380; x_wconf 91' lang='lat' dir='ltr'>suis</span> <span class='ocrx_word' id='word_1_237' title='bbox 1320 3321 1422 3382; x_wconf 87' lang='lat' dir='ltr'>lacere</span> <span class='ocrx_word' id='word_1_238' title='bbox 1448 3335 1478 3382; x_wconf 92' lang='lat' dir='ltr'>et</span> <span class='ocrx_word' id='word_1_239' title='bbox 1503 3319 1678 3401; x_wconf 88' lang='lat' dir='ltr'>impendere</span> 
     </span>
     <span class='ocr_line' id='line_1_27' title="bbox 426 3421 1677 3508; baseline 0.003 -28"><span class='ocrx_word' id='word_1_240' title='bbox 426 3421 657 3482; x_wconf 90' lang='lat' dir='ltr'>debuissemus.</span> <span class='ocrx_word' id='word_1_241' title='bbox 685 3421 724 3481; x_wconf 90' lang='lat' dir='ltr'>Et</span> <span class='ocrx_word' id='word_1_242' title='bbox 748 3423 823 3502; x_wconf 84' lang='lat' dir='ltr'>quis</span> <span class='ocrx_word' id='word_1_243' title='bbox 849 3422 990 3503; x_wconf 84' lang='lat' dir='ltr'>prelatus</span> <span class='ocrx_word' id='word_1_244' title='bbox 1016 3424 1130 3506; x_wconf 82' lang='lat' dir='ltr'>Badoy</span> <span class='ocrx_word' id='word_1_245' title='bbox 1147 3427 1280 3488; x_wconf 85' lang='lat' dir='ltr'>sabbato</span> <span class='ocrx_word' id='word_1_246' title='bbox 1305 3427 1453 3508; x_wconf 83' lang='lat' dir='ltr'>proximo</span> <span class='ocrx_word' id='word_1_247' title='bbox 1477 3441 1548 3508; x_wconf 87' lang='lat' dir='ltr'>post</span> <span class='ocrx_word' id='word_1_248' title='bbox 1572 3425 1677 3487; x_wconf 84' lang='lat' dir='ltr'>festum</span> 
     </span>
     <span class='ocr_line' id='line_1_28' title="bbox 427 3527 1679 3610; baseline 0.001 -22"><span class='ocrx_word' id='word_1_249' title='bbox 427 3528 509 3588; x_wconf 90' lang='lat' dir='ltr'>beati</span> <span class='ocrx_word' id='word_1_250' title='bbox 536 3527 688 3608; x_wconf 86' lang='lat' dir='ltr'>Stephani</span> <span class='ocrx_word' id='word_1_251' title='bbox 714 3529 796 3607; x_wconf 83' lang='lat' dir='ltr'>regis</span> <span class='ocrx_word' id='word_1_252' title='bbox 820 3529 966 3609; x_wconf 87' lang='lat' dir='ltr'>proxime</span> <span class='ocrx_word' id='word_1_253' title='bbox 991 3532 1154 3610; x_wconf 86' lang='lat' dir='ltr'>preterit0,</span> <span class='ocrx_word' id='word_1_254' title='bbox 1179 3532 1211 3592; x_wconf 88' lang='lat' dir='ltr'>in</span> <span class='ocrx_word' id='word_1_255' title='bbox 1236 3533 1380 3594; x_wconf 92' lang='lat' dir='ltr'>medium</span> <span class='ocrx_word' id='word_1_256' title='bbox 1406 3535 1504 3594; x_wconf 90' lang='lat' dir='ltr'>nostri</span> <span class='ocrx_word' id='word_1_257' title='bbox 1530 3534 1560 3593; x_wconf 92' lang='lat' dir='ltr'>in</span> <span class='ocrx_word' id='word_1_258' title='bbox 1586 3531 1679 3593; x_wconf 91' lang='lat' dir='ltr'>consi-</span> 
     </span>
     <span class='ocr_line' id='line_1_29' title="bbox 426 3633 1680 3717; baseline 0.003 -25"><span class='ocrx_word' id='word_1_259' title='bbox 426 3633 559 3693; x_wconf 91' lang='lat' dir='ltr'>storium</span> <span class='ocrx_word' id='word_1_260' title='bbox 595 3647 739 3694; x_wconf 89' lang='lat' dir='ltr'>nostrum</span> <span class='ocrx_word' id='word_1_261' title='bbox 772 3635 919 3713; x_wconf 89' lang='lat' dir='ltr'>venisset,</span> <span class='ocrx_word' id='word_1_262' title='bbox 952 3637 1006 3696; x_wconf 92' lang='lat' dir='ltr'>ubi</span> <span class='ocrx_word' id='word_1_263' title='bbox 1032 3636 1124 3717; x_wconf 90' lang='lat' dir='ltr'>jurati</span> <span class='ocrx_word' id='word_1_264' title='bbox 1159 3637 1242 3698; x_wconf 89' lang='lat' dir='ltr'>dicte</span> <span class='ocrx_word' id='word_1_265' title='bbox 1275 3639 1410 3699; x_wconf 86' lang='lat' dir='ltr'>civitatis</span> <span class='ocrx_word' id='word_1_266' title='bbox 1446 3640 1550 3700; x_wconf 90' lang='lat' dir='ltr'>eidem</span> <span class='ocrx_word' id='word_1_267' title='bbox 1575 3637 1680 3716; x_wconf 84' lang='lat' dir='ltr'>Radoy</span> 
     </span>
     <span class='ocr_line' id='line_1_30' title="bbox 427 3738 1680 3825; baseline 0.003 -28"><span class='ocrx_word' id='word_1_268' title='bbox 427 3740 531 3820; x_wconf 92' lang='lat' dir='ltr'>primo</span> <span class='ocrx_word' id='word_1_269' title='bbox 556 3738 771 3818; x_wconf 81' lang='lat' dir='ltr'>juramentum</span> <span class='ocrx_word' id='word_1_270' title='bbox 798 3741 927 3802; x_wconf 89' lang='lat' dir='ltr'>solimet</span> <span class='ocrx_word' id='word_1_271' title='bbox 951 3741 1066 3803; x_wconf 91' lang='lat' dir='ltr'>eodem</span> <span class='ocrx_word' id='word_1_272' title='bbox 1097 3743 1148 3803; x_wconf 91' lang='lat' dir='ltr'>die</span> <span class='ocrx_word' id='word_1_273' title='bbox 1181 3745 1303 3805; x_wconf 88' lang='lat' dir='ltr'>sabbati</span> <span class='ocrx_word' id='word_1_274' title='bbox 1329 3745 1553 3825; x_wconf 82' lang='lat' dir='ltr'>adjudicarunt</span> <span class='ocrx_word' id='word_1_275' title='bbox 1576 3745 1680 3817; x_wconf 86' lang='lat' dir='ltr'>taliter,</span> 
     </span>
     <span class='ocr_line' id='line_1_31' title="bbox 428 3845 1681 3933; baseline -0.001 -27"><span class='ocrx_word' id='word_1_276' title='bbox 428 3845 514 3926; x_wconf 91' lang='lat' dir='ltr'>quod</span> <span class='ocrx_word' id='word_1_277' title='bbox 540 3847 599 3926; x_wconf 90' lang='lat' dir='ltr'>ipsi</span> <span class='ocrx_word' id='word_1_278' title='bbox 625 3846 712 3926; x_wconf 90' lang='lat' dir='ltr'>porci</span> <span class='ocrx_word' id='word_1_279' title='bbox 738 3847 786 3906; x_wconf 93' lang='lat' dir='ltr'>sui</span> <span class='ocrx_word' id='word_1_280' title='bbox 813 3849 932 3928; x_wconf 88' lang='lat' dir='ltr'>proprii</span> <span class='ocrx_word' id='word_1_281' title='bbox 959 3860 990 3909; x_wconf 92' lang='lat' dir='ltr'>et</span> <span class='ocrx_word' id='word_1_282' title='bbox 1014 3868 1072 3930; x_wconf 92' lang='lat' dir='ltr'>pro</span> <span class='ocrx_word' id='word_1_283' title='bbox 1096 3851 1161 3910; x_wconf 89' lang='lat' dir='ltr'>suis</span> <span class='ocrx_word' id='word_1_284' title='bbox 1181 3852 1344 3932; x_wconf 89' lang='lat' dir='ltr'>peccuniis</span> <span class='ocrx_word' id='word_1_285' title='bbox 1369 3853 1467 3933; x_wconf 89' lang='lat' dir='ltr'>empti</span> <span class='ocrx_word' id='word_1_286' title='bbox 1494 3851 1631 3926; x_wconf 85' lang='lat' dir='ltr'>luissent,</span> <span class='ocrx_word' id='word_1_287' title='bbox 1655 3861 1681 3906; x_wconf 91' lang='lat' dir='ltr'>et</span> 
     </span>
     <span class='ocr_line' id='line_1_32' title="bbox 428 3951 1679 4039; baseline 0.003 -29"><span class='ocrx_word' id='word_1_288' title='bbox 428 3951 515 4032; x_wconf 83' lang='lat' dir='ltr'>quod</span> <span class='ocrx_word' id='word_1_289' title='bbox 541 3951 665 4012; x_wconf 88' lang='lat' dir='ltr'>nullum</span> <span class='ocrx_word' id='word_1_290' title='bbox 692 3954 877 4014; x_wconf 88' lang='lat' dir='ltr'>consocium</span> <span class='ocrx_word' id='word_1_291' title='bbox 904 3955 942 4014; x_wconf 91' lang='lat' dir='ltr'>ad</span> <span class='ocrx_word' id='word_1_292' title='bbox 968 3956 1098 4016; x_wconf 91' lang='lat' dir='ltr'>eosdem</span> <span class='ocrx_word' id='word_1_293' title='bbox 1132 3975 1248 4037; x_wconf 88' lang='lat' dir='ltr'>porcos</span> <span class='ocrx_word' id='word_1_294' title='bbox 1271 3957 1434 4019; x_wconf 87' lang='lat' dir='ltr'>habuisset</span> <span class='ocrx_word' id='word_1_295' title='bbox 1459 3972 1573 4039; x_wconf 90' lang='lat' dir='ltr'>etque</span> <span class='ocrx_word' id='word_1_296' title='bbox 1597 3957 1679 4016; x_wconf 90' lang='lat' dir='ltr'>trice-</span> 
     </span>
     <span class='ocr_line' id='line_1_33' title="bbox 428 4058 1681 4141; baseline 0.002 -24"><span class='ocrx_word' id='word_1_297' title='bbox 428 4059 506 4118; x_wconf 90' lang='lat' dir='ltr'>sima</span> <span class='ocrx_word' id='word_1_298' title='bbox 532 4058 572 4118; x_wconf 90' lang='lat' dir='ltr'>de</span> <span class='ocrx_word' id='word_1_299' title='bbox 597 4059 717 4118; x_wconf 90' lang='lat' dir='ltr'>eisdem</span> <span class='ocrx_word' id='word_1_300' title='bbox 744 4060 848 4140; x_wconf 87' lang='lat' dir='ltr'>porcis</span> <span class='ocrx_word' id='word_1_301' title='bbox 874 4062 1042 4141; x_wconf 90' lang='lat' dir='ltr'>provenire</span> <span class='ocrx_word' id='word_1_302' title='bbox 1067 4063 1238 4141; x_wconf 90' lang='lat' dir='ltr'>debuisset,</span> <span class='ocrx_word' id='word_1_303' title='bbox 1264 4066 1294 4123; x_wconf 89' lang='lat' dir='ltr'>in</span> <span class='ocrx_word' id='word_1_304' title='bbox 1320 4085 1373 4124; x_wconf 82' lang='lat' dir='ltr'>ara</span> <span class='ocrx_word' id='word_1_305' title='bbox 1398 4079 1504 4125; x_wconf 88' lang='lat' dir='ltr'>sancte</span> <span class='ocrx_word' id='word_1_306' title='bbox 1529 4063 1637 4125; x_wconf 89' lang='lat' dir='ltr'>Crucis</span> <span class='ocrx_word' id='word_1_307' title='bbox 1653 4061 1681 4120; x_wconf 87' lang='lat' dir='ltr'>in</span> 
     </span>
     <span class='ocr_line' id='line_1_34' title="bbox 429 4164 1680 4252; baseline 0.004 -29"><span class='ocrx_word' id='word_1_308' title='bbox 429 4164 561 4224; x_wconf 86' lang='lat' dir='ltr'>ecclesia</span> <span class='ocrx_word' id='word_1_309' title='bbox 594 4178 699 4225; x_wconf 91' lang='lat' dir='ltr'>nostra</span> <span class='ocrx_word' id='word_1_310' title='bbox 733 4166 906 4246; x_wconf 85' lang='lat' dir='ltr'>parochiali</span> <span class='ocrx_word' id='word_1_311' title='bbox 932 4169 1031 4229; x_wconf 90' lang='lat' dir='ltr'>sancti</span> <span class='ocrx_word' id='word_1_312' title='bbox 1066 4169 1163 4230; x_wconf 88' lang='lat' dir='ltr'>Marci</span> <span class='ocrx_word' id='word_1_313' title='bbox 1197 4171 1402 4249; x_wconf 87' lang='lat' dir='ltr'>ewangeliste</span> <span class='ocrx_word' id='word_1_314' title='bbox 1435 4185 1571 4252; x_wconf 87' lang='lat' dir='ltr'>prestare</span> <span class='ocrx_word' id='word_1_315' title='bbox 1601 4183 1680 4230; x_wconf 89' lang='lat' dir='ltr'>tene·</span> 
     </span>
     <span class='ocr_line' id='line_1_35' title="bbox 430 4269 1682 4359; baseline 0.005 -31"><span class='ocrx_word' id='word_1_316' title='bbox 430 4269 535 4345; x_wconf 89' lang='lat' dir='ltr'>bitur;</span> <span class='ocrx_word' id='word_1_317' title='bbox 560 4271 750 4332; x_wconf 89' lang='lat' dir='ltr'>secundario</span> <span class='ocrx_word' id='word_1_318' title='bbox 783 4293 858 4333; x_wconf 89' lang='lat' dir='ltr'>vero</span> <span class='ocrx_word' id='word_1_319' title='bbox 883 4274 971 4334; x_wconf 88' lang='lat' dir='ltr'>aliud</span> <span class='ocrx_word' id='word_1_320' title='bbox 1005 4273 1218 4352; x_wconf 80' lang='lat' dir='ltr'>iuramentum</span> <span class='ocrx_word' id='word_1_321' title='bbox 1253 4277 1367 4338; x_wconf 90' lang='lat' dir='ltr'>eodem</span> <span class='ocrx_word' id='word_1_322' title='bbox 1401 4277 1452 4338; x_wconf 93' lang='lat' dir='ltr'>die</span> <span class='ocrx_word' id='word_1_323' title='bbox 1487 4279 1551 4359; x_wconf 89' lang='lat' dir='ltr'>ipse</span> <span class='ocrx_word' id='word_1_324' title='bbox 1574 4275 1682 4354; x_wconf 78' lang='lat' dir='ltr'>Radoy</span> 
     </span>
     <span class='ocr_line' id='line_1_36' title="bbox 429 4377 1681 4465; baseline 0.005 -31"><span class='ocrx_word' id='word_1_325' title='bbox 429 4390 567 4456; x_wconf 87' lang='lat' dir='ltr'>prestare</span> <span class='ocrx_word' id='word_1_326' title='bbox 594 4377 681 4437; x_wconf 89' lang='lat' dir='ltr'>ineo</span> <span class='ocrx_word' id='word_1_327' title='bbox 706 4379 875 4456; x_wconf 88' lang='lat' dir='ltr'>tenebitur,</span> <span class='ocrx_word' id='word_1_328' title='bbox 901 4380 987 4460; x_wconf 92' lang='lat' dir='ltr'>quod</span> <span class='ocrx_word' id='word_1_329' title='bbox 1015 4401 1071 4461; x_wconf 93' lang='lat' dir='ltr'>pro</span> <span class='ocrx_word' id='word_1_330' title='bbox 1097 4383 1224 4462; x_wconf 86' lang='lat' dir='ltr'>quantis</span> <span class='ocrx_word' id='word_1_331' title='bbox 1243 4383 1328 4463; x_wconf 93' lang='lat' dir='ltr'>ipsos</span> <span class='ocrx_word' id='word_1_332' title='bbox 1353 4403 1468 4464; x_wconf 90' lang='lat' dir='ltr'>porcos</span> <span class='ocrx_word' id='word_1_333' title='bbox 1492 4385 1556 4465; x_wconf 90' lang='lat' dir='ltr'>ipse</span> <span class='ocrx_word' id='word_1_334' title='bbox 1573 4381 1681 4460; x_wconf 75' lang='lat' dir='ltr'>Radoy</span> 
     </span>
     <span class='ocr_line' id='line_1_37' title="bbox 430 4481 1681 4570; baseline 0.005 -30"><span class='ocrx_word' id='word_1_335' title='bbox 430 4481 567 4543; x_wconf 88' lang='lat' dir='ltr'>emisset.</span> <span class='ocrx_word' id='word_1_336' title='bbox 595 4483 633 4542; x_wconf 90' lang='lat' dir='ltr'>Et</span> <span class='ocrx_word' id='word_1_337' title='bbox 658 4484 711 4563; x_wconf 92' lang='lat' dir='ltr'>qui</span> <span class='ocrx_word' id='word_1_338' title='bbox 737 4484 877 4565; x_wconf 84' lang='lat' dir='ltr'>prefatus</span> <span class='ocrx_word' id='word_1_339' title='bbox 910 4485 1026 4568; x_wconf 88' lang='lat' dir='ltr'>Radoy</span> <span class='ocrx_word' id='word_1_340' title='bbox 1058 4487 1127 4568; x_wconf 90' lang='lat' dir='ltr'>ipso</span> <span class='ocrx_word' id='word_1_341' title='bbox 1160 4488 1213 4548; x_wconf 90' lang='lat' dir='ltr'>die</span> <span class='ocrx_word' id='word_1_342' title='bbox 1237 4490 1360 4550; x_wconf 88' lang='lat' dir='ltr'>sabbati</span> <span class='ocrx_word' id='word_1_343' title='bbox 1394 4489 1460 4570; x_wconf 86' lang='lat' dir='ltr'>ipse</span> <span class='ocrx_word' id='word_1_344' title='bbox 1485 4489 1596 4570; x_wconf 88' lang='lat' dir='ltr'>Radoy</span> <span class='ocrx_word' id='word_1_345' title='bbox 1620 4488 1681 4568; x_wconf 89' lang='lat' dir='ltr'>ipsa</span> 
     </span>
     <span class='ocr_line' id='line_1_38' title="bbox 430 4587 1682 4677; baseline 0.005 -32"><span class='ocrx_word' id='word_1_346' title='bbox 430 4607 484 4646; x_wconf 92' lang='lat' dir='ltr'>sua</span> <span class='ocrx_word' id='word_1_347' title='bbox 511 4587 688 4666; x_wconf 89' lang='lat' dir='ltr'>juramenta</span> <span class='ocrx_word' id='word_1_348' title='bbox 722 4591 781 4650; x_wconf 92' lang='lat' dir='ltr'>sibi</span> <span class='ocrx_word' id='word_1_349' title='bbox 815 4591 996 4668; x_wconf 81' lang='lat' dir='ltr'>adjudicata</span> <span class='ocrx_word' id='word_1_350' title='bbox 1029 4607 1123 4674; x_wconf 92' lang='lat' dir='ltr'>prout</span> <span class='ocrx_word' id='word_1_351' title='bbox 1156 4594 1292 4655; x_wconf 88' lang='lat' dir='ltr'>debebat</span> <span class='ocrx_word' id='word_1_352' title='bbox 1327 4595 1536 4677; x_wconf 88' lang='lat' dir='ltr'>deposuisset,</span> <span class='ocrx_word' id='word_1_353' title='bbox 1560 4609 1589 4654; x_wconf 91' lang='lat' dir='ltr'>et</span> <span class='ocrx_word' id='word_1_354' title='bbox 1612 4591 1682 4673; x_wconf 88' lang='lat' dir='ltr'>quia</span> 
     </span>
     <span class='ocr_line' id='line_1_39' title="bbox 431 4693 1682 4784; baseline 0.005 -33"><span class='ocrx_word' id='word_1_355' title='bbox 431 4693 497 4773; x_wconf 91' lang='lat' dir='ltr'>ipse</span> <span class='ocrx_word' id='word_1_356' title='bbox 524 4694 637 4775; x_wconf 86' lang='lat' dir='ltr'>Radoy</span> <span class='ocrx_word' id='word_1_357' title='bbox 663 4696 700 4755; x_wconf 91' lang='lat' dir='ltr'>ad</span> <span class='ocrx_word' id='word_1_358' title='bbox 727 4697 839 4776; x_wconf 86' lang='lat' dir='ltr'>viginti</span> <span class='ocrx_word' id='word_1_359' title='bbox 865 4696 933 4758; x_wconf 88' lang='lat' dir='ltr'>flor.</span> <span class='ocrx_word' id='word_1_360' title='bbox 959 4701 1026 4760; x_wconf 87' lang='lat' dir='ltr'>auri</span> <span class='ocrx_word' id='word_1_361' title='bbox 1058 4699 1201 4778; x_wconf 85' lang='lat' dir='ltr'>jurasset,</span> <span class='ocrx_word' id='word_1_362' title='bbox 1227 4721 1284 4782; x_wconf 93' lang='lat' dir='ltr'>pro</span> <span class='ocrx_word' id='word_1_363' title='bbox 1317 4704 1446 4782; x_wconf 90' lang='lat' dir='ltr'>quantis</span> <span class='ocrx_word' id='word_1_364' title='bbox 1470 4703 1552 4784; x_wconf 90' lang='lat' dir='ltr'>ipsos</span> <span class='ocrx_word' id='word_1_365' title='bbox 1573 4717 1682 4782; x_wconf 89' lang='lat' dir='ltr'>porcos</span> 
     </span>
     <span class='ocr_line' id='line_1_40' title="bbox 431 4799 1682 4884; baseline 0.004 -27"><span class='ocrx_word' id='word_1_366' title='bbox 431 4799 569 4876; x_wconf 92' lang='lat' dir='ltr'>emisset,</span> <span class='ocrx_word' id='word_1_367' title='bbox 596 4801 733 4881; x_wconf 90' lang='lat' dir='ltr'>ideoque</span> <span class='ocrx_word' id='word_1_368' title='bbox 760 4823 817 4862; x_wconf 90' lang='lat' dir='ltr'>nos</span> <span class='ocrx_word' id='word_1_369' title='bbox 841 4802 946 4883; x_wconf 87' lang='lat' dir='ltr'>judex,</span> <span class='ocrx_word' id='word_1_370' title='bbox 972 4805 1065 4884; x_wconf 88' lang='lat' dir='ltr'>jurati</span> <span class='ocrx_word' id='word_1_371' title='bbox 1089 4806 1172 4868; x_wconf 87' lang='lat' dir='ltr'>dicte</span> <span class='ocrx_word' id='word_1_372' title='bbox 1202 4807 1338 4868; x_wconf 84' lang='lat' dir='ltr'>civitatis</span> <span class='ocrx_word' id='word_1_373' title='bbox 1362 4807 1402 4870; x_wconf 90' lang='lat' dir='ltr'>de</span> <span class='ocrx_word' id='word_1_374' title='bbox 1427 4811 1521 4870; x_wconf 89' lang='lat' dir='ltr'>rebus</span> <span class='ocrx_word' id='word_1_375' title='bbox 1544 4821 1572 4868; x_wconf 89' lang='lat' dir='ltr'>et</span> <span class='ocrx_word' id='word_1_376' title='bbox 1595 4804 1682 4866; x_wconf 87' lang='lat' dir='ltr'>bonis</span> 
     </span>
     <span class='ocr_line' id='line_1_41' title="bbox 431 4904 1680 4994; baseline 0.004 -29"><span class='ocrx_word' id='word_1_377' title='bbox 431 4904 573 4965; x_wconf 92' lang='lat' dir='ltr'>eiusdem</span> <span class='ocrx_word' id='word_1_378' title='bbox 602 4907 695 4966; x_wconf 90' lang='lat' dir='ltr'>Blasii</span> <span class='ocrx_word' id='word_1_379' title='bbox 714 4907 828 4986; x_wconf 86' lang='lat' dir='ltr'>judicis</span> <span class='ocrx_word' id='word_1_380' title='bbox 852 4910 956 4970; x_wconf 88' lang='lat' dir='ltr'>eidem</span> <span class='ocrx_word' id='word_1_381' title='bbox 977 4912 1092 4994; x_wconf 87' lang='lat' dir='ltr'>Radoy</span> <span class='ocrx_word' id='word_1_382' title='bbox 1109 4913 1280 4994; x_wconf 90' lang='lat' dir='ltr'>premissos</span> <span class='ocrx_word' id='word_1_383' title='bbox 1305 4915 1416 4993; x_wconf 80' lang='lat' dir='ltr'>viginti</span> <span class='ocrx_word' id='word_1_384' title='bbox 1436 4915 1505 4978; x_wconf 87' lang='lat' dir='ltr'>flor.</span> <span class='ocrx_word' id='word_1_385' title='bbox 1522 4913 1583 4976; x_wconf 88' lang='lat' dir='ltr'>auri</span> <span class='ocrx_word' id='word_1_386' title='bbox 1602 4911 1680 4988; x_wconf 77' lang='lat' dir='ltr'>juxta</span> 
     </span>
     <span class='ocr_line' id='line_1_42' title="bbox 431 5011 1679 5100; baseline 0.004 -30"><span class='ocrx_word' id='word_1_387' title='bbox 431 5011 617 5072; x_wconf 87' lang='lat' dir='ltr'>mandatum</span> <span class='ocrx_word' id='word_1_388' title='bbox 644 5013 853 5074; x_wconf 89' lang='lat' dir='ltr'>literatorium</span> <span class='ocrx_word' id='word_1_389' title='bbox 880 5017 977 5096; x_wconf 92' lang='lat' dir='ltr'>ipsius</span> <span class='ocrx_word' id='word_1_390' title='bbox 1010 5018 1133 5078; x_wconf 90' lang='lat' dir='ltr'>domini</span> <span class='ocrx_word' id='word_1_391' title='bbox 1160 5021 1218 5080; x_wconf 86' lang='lat' dir='ltr'>lan</span> <span class='ocrx_word' id='word_1_392' title='bbox 1244 5020 1378 5100; x_wconf 86' lang='lat' dir='ltr'>Zagotie</span> <span class='ocrx_word' id='word_1_393' title='bbox 1412 5022 1536 5083; x_wconf 88' lang='lat' dir='ltr'>comitis</span> <span class='ocrx_word' id='word_1_394' title='bbox 1558 5033 1587 5079; x_wconf 92' lang='lat' dir='ltr'>et</span> <span class='ocrx_word' id='word_1_395' title='bbox 1611 5014 1679 5077; x_wconf 85' lang='lat' dir='ltr'>bani</span> 
     </span>
    </p>
   </div>
   <div class='ocr_carea' id='block_1_2' title="bbox 0 0 1871 5780">
    <p class='ocr_par' dir='ltr' id='par_1_3' title="bbox 0 0 1871 5780">
     <span class='ocr_line' id='line_1_43' title="bbox 0 0 1871 5780; baseline 0 0"><span class='ocrx_word' id='word_1_396' title='bbox 0 0 1871 5780; x_wconf 95' lang='lat' dir='ltr'> </span> 
     </span>
    </p>
   </div>
  </div>
 </body>
</html>
