3738 5786
608 573 808 654 Ann01456.
835 610 875 618 -
899 589 947 636 21.
972 577 1052 633 maii.
1411 593 1468 656 109

196 803 390 870 procurator
414 809 491 851 suus
515 789 691 871 predictam
709 789 950 871 deposicionem
971 789 1070 870 ipsius
1095 788 1264 870 juramenti
1294 788 1382 870 quod
1400 807 1468 870 pre·

198 897 281 957 dicte
308 895 408 958 Clara
434 915 514 956 uxor
539 896 637 978 ipsius
656 895 912 978 Ferenchewych
937 908 968 956 et
986 894 1160 956 Katherina
1186 915 1265 956 uxor
1289 895 1364 956 dicti
1386 896 1468 956 Lau·

199 1003 296 1064 rencii
316 1003 446 1064 clientis
463 1002 495 1063 in
521 1001 606 1064 lacto
623 1001 834 1084 quadraginta
852 1015 990 1083 quatuor
1008 1001 1076 1064 flor.
1094 1001 1163 1063 auri
1181 1014 1291 1062 contra
1309 999 1468 1083 prelatum

200 1108 331 1170 Petrum
350 1109 501 1171 clientem
520 1108 616 1170 hodie
641 1128 736 1190 super
760 1128 846 1170 aram
865 1108 1027 1190 deponere
1044 1109 1215 1187 debebant,
1233 1107 1355 1170 eisdem
1372 1107 1467 1170 Clare

202 1228 232 1275 et
246 1214 424 1275 Katherine
438 1215 627 1276 mulieribus
645 1216 778 1276 omnino
797 1215 919 1277 remisit
932 1228 963 1276 et
976 1215 1129 1298 relaxavit
1142 1229 1173 1278 et
1191 1235 1243 1276 eas
1260 1234 1318 1296 pro
1331 1214 1421 1294 justis
1438 1227 1469 1276 et

203 1321 343 1382 innoxiis
368 1321 559 1382 mulieribus
584 1320 718 1383 infacto
744 1321 886 1403 ipsorum
903 1321 1016 1384 XLllll
1035 1320 1103 1384 flor.
1129 1322 1197 1383 auri
1221 1321 1343 1382 dimisit
1360 1341 1467 1382 coram

197 1426 313 1508 juratis
338 1427 513 1504 modernis,
538 1427 679 1508 ideoque
703 1443 734 1488 et
758 1447 816 1488 nos
841 1427 969 1490 easdem
995 1428 1147 1489 mulieres
1173 1428 1203 1488 in
1230 1425 1313 1489 facto
1338 1445 1463 1488 eorum·

198 1534 271 1596 dem
308 1533 522 1615 quadraginta
555 1547 693 1616 quatuor
722 1533 789 1596 flor.
823 1535 891 1596 auri
924 1547 1034 1596 contra
1068 1534 1245 1616 predictum
1273 1534 1402 1596 Petrum
1435 1547 1466 1596 et

199 1641 389 1703 ulteriorem
415 1642 514 1723 ipsius
539 1641 768 1722 inpeticionem
798 1642 997 1704 reddidimus
1022 1640 1089 1704 lore
1107 1643 1224 1725 quittas
1249 1655 1279 1702 et
1302 1641 1467 1724 expeditas

180 1763 231 1816 ,et
254 1748 447 1810 omnimode
472 1747 619 1830 pacificas
641 1761 808 1829 tamquam
833 1747 930 1828 justas
953 1749 1117 1811 mulieres.

307 1853 387 1915 ltern
407 1852 568 1934 Georgius
592 1854 722 1916 sellator
740 1868 850 1915 contra
867 1854 1003 1916 Paulum
1021 1855 1206 1916 sellatorem
1225 1853 1330 1937 primo
1355 1854 1469 1916 citatus

201 1979 266 2022 non
291 1960 483 2043 comparuit.

307 2067 387 2128 item
413 2067 488 2148 quia
508 2067 708 2149 Margaretha
733 2068 841 2150 puella
860 2067 1005 2129 servitrix
1023 2067 1161 2129 condam
1186 2068 1317 2129 domine
1336 2068 1467 2150 Magda-

199 2172 272 2234 lene
297 2173 407 2234 uxoris
432 2173 561 2235 Andree
593 2175 721 2236 sartoris
746 2175 778 2235 id
811 2193 883 2236 cum
915 2173 1085 2236 sufficienti
1117 2173 1303 2238 testimonio
1340 2174 1464 2236 domini

202 2279 286 2340 Petri
312 2279 471 2362 capellani
498 2279 629 2342 ecclesie
654 2281 754 2342 sancti
779 2280 878 2342 Marci
900 2280 1104 2361 ewangeliste
1130 2293 1161 2342 et
1185 2280 1316 2342 domine
1343 2281 1467 2362 Marga-

201 2385 289 2447 rethe
314 2385 425 2448 relicte
451 2387 588 2448 condam
614 2387 694 2448 Pero
719 2385 813 2466 jurati
838 2387 956 2448 seriose
990 2387 1213 2469 comprobavit
1238 2405 1345 2448 coram
1364 2387 1467 2465 nobis,

199 2505 234 2554 ut
265 2493 344 2553 dum
369 2494 437 2574 ipsa
470 2493 602 2554 domina
635 2493 825 2574 Magdalene
859 2495 891 2554 in
924 2493 1073 2554 extremis
1105 2493 1168 2555 vite
1192 2513 1247 2554 sue
1282 2492 1468 2575 temporalis

199 2599 387 2676 laborasset,
412 2612 488 2661 tunc
513 2600 579 2680 ipsa
614 2619 714 2661 unum
747 2600 869 2681 palium
902 2618 996 2660 suum
1026 2601 1160 2660 rubeum
1186 2613 1217 2661 et
1241 2617 1338 2660 unam
1372 2599 1469 2660 cami-

199 2706 277 2766 siam
304 2725 341 2766 ac
365 2725 466 2766 unum
493 2725 548 2788 par
572 2707 769 2767 manicarum
804 2703 924 2788 prelate
958 2705 1156 2786 Margarethe
1189 2704 1297 2787 puelle
1321 2724 1379 2787 pro
1405 2723 1466 2766 ser-

199 2811 289 2872 viciis
312 2812 380 2872 suis
404 2831 457 2872 sex
490 2831 660 2890 annorum,
697 2831 754 2893 pro
786 2811 887 2893 ipsius
911 2811 1018 2872 anime
1053 2811 1196 2872 remedio
1221 2811 1368 2892 legasset,
1393 2811 1467 2874 ideo

199 2917 291 2996 jurati
325 2917 592 2997 adjudicaverunt
625 2937 663 2978 eo
697 2916 807 2995 modo,
844 2929 879 2978 ut
903 2915 1043 2998 prelatus
1075 2916 1219 2978 Andreas
1250 2931 1351 2978 sartor
1384 2918 1468 3000 ipsas

200 3039 302 3086 vestes
327 3023 470 3105 predicte
496 3024 695 3105 Margarethe
720 3023 826 3104 puelle
856 3023 1020 3084 extradare
1053 3023 1166 3100 debet;
1191 3022 1230 3083 de
1256 3043 1321 3104 quo
1346 3022 1467 3103 judicio

200 3129 266 3212 ipse
299 3131 448 3191 Andreas
479 3143 580 3190 sartor
613 3149 677 3190 non
703 3142 872 3190 contentus
905 3129 1078 3210 appellavit
1111 3149 1238 3190 causam
1264 3131 1303 3190 ad
1327 3131 1469 3192 seniores

200 3234 333 3314 judices.

307 3341 387 3403 Item
413 3341 505 3420 jurati
531 3342 796 3424 adjudicaverunt
828 3361 955 3404 causam
986 3341 1067 3404 inter
1093 3341 1299 3403 Valentinum
1332 3343 1467 3403 tributa-

200 3448 283 3509 rium
309 3463 340 3509 et
364 3449 527 3508 Andream
553 3462 706 3510 sartorem
733 3449 787 3509 tali
814 3449 924 3526 modu,
949 3463 982 3508 ut
999 3449 1074 3529 quia
1100 3450 1166 3530 ipse
1192 3448 1337 3510 Andreas
1361 3461 1463 3510 sartor

200 3552 359 3634 prelatum
376 3553 584 3615 Valentinum
610 3555 764 3636 percussit
788 3574 888 3635 usque
914 3554 953 3614 ad
972 3555 1137 3636 sanguinis
1161 3555 1362 3634 effusionem,
1387 3555 1461 3618 ideo

202 3659 288 3720 idem
313 3659 460 3721 Andreas
482 3673 583 3722 sartor
615 3675 725 3722 contra
758 3659 915 3742 prelatum
942 3659 1149 3722 Valentinum
1181 3662 1384 3724 tributarium
1416 3683 1462 3723 re·

200 3766 318 3826 mansit
342 3765 373 3825 in
401 3765 512 3827 decem
538 3767 645 3847 pensis
669 3765 875 3828 denariorum
900 3765 986 3827 salva
1011 3765 1125 3846 judicis
1150 3769 1313 3848 porcione.

307 3871 385 3933 item
410 3872 544 3933 sabbato
568 3871 716 3954 proximo
750 3886 822 3933 ante
851 3871 965 3933 festum
1000 3887 1106 3934 sancte
1132 3873 1300 3936 Trinitatis
1324 3875 1466 3936 seniores

198 3977 322 4056 judices
346 3997 475 4039 causam
500 3977 582 4039 inter
608 3977 843 4058 Margaretham
869 3979 1009 4060 puellam
1026 3979 1222 4041 servitricem
1248 3979 1385 4042 condam
1409 3981 1465 4041 do-

198 4084 288 4144 mine
312 4083 504 4166 Magdalene
529 4085 618 4166 olym
644 4083 752 4146 uxoris
769 4083 898 4147 Andree
923 4085 1052 4146 sartoris
1077 4099 1106 4146 et
1130 4085 1210 4147 inter
1235 4086 1374 4148 eundem
1400 4091 1463 4146 An-

198 4190 310 4250 dream
336 4203 491 4251 sartorem
517 4189 548 4251 in
567 4190 650 4252 lacto
669 4191 764 4252 unius
779 4190 856 4272 palii
882 4189 971 4250 rubei
1000 4204 1030 4251 et
1049 4191 1143 4251 unius
1161 4193 1289 4252 camisia
1314 4213 1349 4253 ac
1368 4193 1463 4253 onius

196 4296 286 4378 paris
309 4297 508 4358 manicarum
525 4297 630 4379 pridie
654 4312 775 4359 motam
793 4311 824 4359 et
848 4317 904 4379 per
922 4295 1041 4378 juratos
1059 4316 1096 4358 eo
1115 4297 1213 4358 modo
1238 4297 1465 4379 adjudicatam,

196 4417 234 4462 ut
262 4403 324 4484 ipse
349 4403 497 4464 Andreas
520 4416 621 4466 sartor
645 4404 731 4465 idem
757 4404 890 4485 palium,
913 4403 1076 4464 camisiam
1103 4417 1134 4466 et
1159 4425 1257 4465 unum
1285 4425 1340 4487 par
1363 4407 1464 4466 mani·

197 4527 309 4569 carum
332 4505 456 4591 prelata
482 4509 682 4591 Margarethe
707 4510 814 4592 puelle
844 4509 1010 4571 restituere
1035 4523 1066 4570 et
1091 4511 1254 4572 extradere
1280 4511 1385 4590 debet,
1412 4532 1464 4572 eo-

197 4615 278 4674 dem
301 4616 399 4678 modo
424 4615 654 4678 confirmarunt
678 4616 746 4679 lore
770 4618 940 4680 valituram
957 4616 1040 4678 sicut
1064 4618 1124 4700 ipsi
1143 4618 1235 4693 jurati
1261 4619 1465 4700 adjudicave-

197 4733 294 4796 runt;
318 4721 355 4782 de
381 4741 447 4803 quo
472 4722 592 4803 judicio
618 4723 684 4804 ipse
710 4724 855 4784 Andreas
880 4735 983 4784 sartor
1008 4743 1072 4784 non
1099 4739 1271 4786 contentus
1294 4726 1467 4808 appellavit

197 4827 336 4889 eandem
355 4849 484 4890 causam
510 4849 581 4890 curn
600 4831 689 4892 totali
715 4829 958 4907 adjudicacione
979 4830 1120 4910 ipsorum
1139 4831 1303 4892 seniorum
1323 4831 1464 4912 iudicum

198 4935 231 4996 in
260 4937 454 5015 presenciam
480 4937 603 4998 domini
636 4937 767 4998 Seboldi
802 4935 958 5019 capitanei
992 4955 1050 5017 pro
1084 4937 1208 4998 meliori
1237 4939 1335 5020 ipsius
1370 4959 1462 5000 cause

198 5039 488 5102 determinatione.
