3694 5782
536 530 622 586 Anno
645 524 737 605 1465.
764 563 806 572 —
830 523 881 590 18.
898 529 1053 604 januarii.
1378 533 1438 614 263

175 741 289 802 hannis
313 739 500 823 Wenthych
525 755 555 802 et
580 741 721 802 Briccius
738 739 838 820 leber,
862 741 1011 802 concives
1039 743 1149 822 nostri,
1175 746 1278 826 patrui
1296 746 1440 808 eiusdem

174 849 262 929 pueri
291 847 421 930 Endrey
439 848 470 908 iu
496 848 641 929 personis
665 847 810 908 omnium
829 849 1048 929 proximorum
1071 864 1102 911 et
1126 854 1439 934 consanguineorum

174 955 320 1016 eiusdem
347 955 438 1036 pueri
464 953 641 1035 Georgium
661 953 769 1015 lahek
789 953 922 1032 dictum,
947 956 1113 1018 concivem
1132 975 1288 1037 nostrum,
1313 961 1440 1023 racione

175 1062 261 1122 necis
286 1061 431 1122 eiusdem
468 1061 608 1142 Endrey,
633 1061 687 1142 qui
721 1075 767 1122 est
798 1061 966 1122 casualiter
997 1062 1207 1144 interemptus
1232 1085 1287 1146 per
1312 1085 1439 1128 currum

173 1168 319 1230 eiusdem
354 1166 487 1248 Georgii
514 1165 633 1244 Lahelr,
665 1167 810 1248 quietum
838 1167 1047 1230 reddiderunt
1078 1183 1110 1231 et
1149 1171 1301 1232 omnibus
1333 1173 1438 1234 modis

174 1276 372 1358 expeditum.

281 1400 359 1462 ltem
386 1421 513 1462 causam
537 1400 619 1463 inter
645 1399 836 1481 scutiparem
862 1413 892 1460 et
915 1399 996 1460 inter
1015 1399 1156 1462 Blasioni
1182 1399 1385 1485 freniparem,
1410 1419 1441 1465 et

176 1508 339 1570 Andream
373 1507 566 1591 Zlepchych,
600 1508 728 1570 racione
760 1507 888 1568 victime
917 1507 1012 1568 unius
1037 1522 1067 1570 et
1099 1509 1195 1570 medii
1229 1511 1336 1572 eubuli
1362 1512 1440 1590 vini,

175 1617 251 1698 quia
277 1635 408 1677 consors
441 1615 583 1677 eiusdem
617 1614 715 1676 Blasii
748 1613 895 1676 arestavit
920 1613 1065 1692 domum,
1098 1616 1163 1698 ipsa
1189 1617 1283 1680 debet
1316 1617 1440 1680 solvere

174 1723 287 1785 vinum
313 1722 402 1804 quod
427 1735 473 1783 est
496 1721 633 1784 bibitum
658 1735 689 1783 et
713 1721 834 1802 palium
859 1720 988 1782 Andree
1013 1721 1113 1784 reddi.

282 1847 361 1910 ltem
386 1867 480 1909 causa
509 1847 591 1908 inter
620 1845 783 1908 Thomam
807 1859 949 1907 sutorem
979 1860 1009 1907 et
1033 1847 1114 1908 inter
1132 1847 1214 1908 lwan
1233 1849 1324 1910 aliter
1348 1849 1439 1912 Gaan

175 1955 312 2033 dictum,
336 1954 464 2015 racione
488 1953 724 2016 verberacionis
755 1952 862 2036 puelle
890 1967 936 2014 est
969 1967 1138 2034 prorogata
1163 1955 1202 2015 ad
1228 1956 1367 2036 primum
1392 1956 1439 2038 ju·

175 2061 307 2140 dicium,
332 2075 363 2124 et
386 2062 454 2143 ipse
477 2059 623 2122 Thomas
646 2060 742 2124 debet
766 2060 942 2142 producere
971 2073 1065 2121 testes
1089 2079 1171 2142 quos
1196 2061 1334 2124 habebit.

283 2187 361 2250 ltem
394 2207 521 2249 causam
550 2186 706 2248 Anthonii
732 2185 953 2268 Thermsych,
985 2185 1099 2246 Briccii
1130 2184 1209 2248 labri
1249 2201 1279 2249 et
1311 2187 1440 2250 Thome

177 2293 326 2356 Herkach
351 2295 481 2356 racione
505 2293 741 2354 verberacionis
766 2293 932 2354 cuiusdam
951 2291 1084 2374 Georgii
1109 2294 1237 2372 sutoris,
1265 2293 1352 2374 quod
1378 2295 1437 2376 ipsi

177 2401 312 2482 quilibet
337 2419 450 2461 eorum
475 2399 604 2482 propria
630 2401 661 2460 in
686 2419 821 2482 persona
839 2397 916 2460 feria
945 2399 1041 2460 tercia
1067 2399 1211 2481 proxime
1235 2413 1368 2462 ventura
1392 2401 1439 2482 ju-

176 2528 244 2570 rare
268 2508 431 2570 tenebitur
448 2507 478 2568 in
505 2527 558 2568 ara
583 2521 689 2568 sancte
708 2505 832 2584 Crucis,
854 2503 942 2587 quod
961 2525 1025 2566 non
1051 2525 1087 2566 ex
1105 2507 1309 2588 percussione
1327 2527 1438 2570 eorum

177 2630 222 2676 est
246 2629 393 2676 mortuus
419 2615 485 2696 ipse
518 2612 690 2694 Georgius,
724 2627 754 2674 et
785 2611 846 2674 hoc
871 2631 969 2694 penes
1003 2611 1223 2674 testimonium
1259 2613 1347 2694 quod
1380 2615 1438 2696 ipsi

178 2722 397 2803 produxerunt
421 2739 528 2782 coram
555 2720 657 2782 nobis.

286 2845 363 2908 ltem
389 2845 517 2906 Marcus
548 2845 687 2926 agricola
716 2844 805 2906 dedit
836 2843 964 2906 Thome
990 2842 1124 2906 Cheden
1158 2844 1301 2926 quinque
1326 2865 1440 2928 pensas

178 2966 208 3013 et
231 2952 316 3014 llllll
343 2952 492 3014 denarios
515 2952 716 3014 wiennenses
733 2951 772 3012 de
797 2950 950 3032 peccunia
976 2950 1120 3032 Radych,
1138 2969 1201 3032 que
1224 2953 1375 3033 peccunia
1395 2967 1440 3015 est

177 3059 332 3121 lobannis
356 3057 413 3120 filii
439 3059 595 3137 eiusdem,
619 3073 650 3120 et
674 3056 815 3140 prefatus
839 3057 985 3118 Thomas
1018 3055 1151 3118 Cheden
1177 3056 1271 3119 debet
1295 3059 1439 3140 quietare

177 3167 314 3228 eundem
341 3167 486 3227 Marcum
512 3165 685 3246 agricolam
710 3165 838 3226 racione
863 3163 1005 3246 predicte
1031 3163 1195 3244 peccunie.

281 3290 359 3351 ltem
385 3309 513 3351 causam
538 3291 619 3352 inter
643 3290 851 3352 Dominicum
877 3287 1057 3350 carnificem
1083 3303 1114 3349 et
1139 3289 1220 3350 inter
1245 3290 1375 3350 Ravvsar
1391 3291 1437 3370 ju-

178 3397 279 3458 dicem
305 3397 433 3458 racione
459 3396 558 3458 debiti
584 3396 757 3458 duodecim
782 3413 965 3478 pensarum,
997 3395 1115 3475 quibus
1139 3395 1276 3456 condam
1303 3396 1438 3458 Mathias

179 3503 320 3566 Croacus
337 3504 551 3584 obligabatur,
576 3503 663 3584 quod
685 3504 750 3580 ipse
774 3501 964 3563 Dominicus
981 3500 1083 3582 jurare
1100 3501 1261 3562 tenebitur
1284 3503 1439 3564 solusmet

178 3612 208 3671 in
234 3631 286 3671 ara
311 3624 419 3671 sancte
445 3609 569 3686 Crucis,
587 3609 674 3690 quod
693 3609 760 3689 ipse
786 3607 921 3670 Mathias
946 3608 1089 3670 Croacus
1105 3608 1309 3688 obligabatur
1332 3609 1437 3671 eidem

178 3717 349 3778 duodecim
373 3717 490 3798 pensis,
516 3729 547 3778 et
571 3715 648 3776 dum
673 3715 799 3795 jurabit,
824 3729 900 3776 tunc
920 3715 1051 3776 Rawsar
1067 3715 1228 3776 tenebitur
1251 3715 1357 3777 eidem
1374 3719 1436 3778 sol·

177 3843 248 3884 vere
274 3824 313 3885 de
338 3823 402 3884 illis
426 3823 522 3884 armis
546 3821 603 3883 Xll
628 3841 741 3904 pensas
766 3821 982 3884 denariorum.

282 3949 359 4011 ltem
387 3967 513 4010 causam
539 3947 621 4010 inter
637 3961 817 4008 consortem
841 3945 955 4026 judicis
972 3943 1108 4020 Nicolai,
1126 3945 1284 4024 moderni,
1309 3961 1339 4008 et
1356 3948 1437 4010 inter

178 4055 340 4116 Thomam
375 4054 526 4132 Cheden,
559 4053 686 4116 racione
719 4053 885 4114 cuiusdam
918 4071 1046 4133 maycz,
1078 4050 1171 4132 jurati
1203 4052 1437 4133 adjudicarunt,

177 4162 263 4243 quod
291 4161 366 4242 quia
392 4163 458 4243 ipse
483 4161 630 4222 Thomas
661 4179 726 4220 non
751 4159 904 4220 revelavit
937 4177 992 4218 seu
1022 4157 1174 4218 enodavit
1198 4178 1304 4220 coram
1337 4161 1435 4223 tribu-

176 4270 273 4348 tariis,
298 4283 329 4330 et
353 4269 398 4329 sic
423 4269 489 4350 ipse
514 4287 626 4350 rnaycz
651 4281 697 4328 est
721 4279 874 4348 receptus,
900 4266 964 4346 ipse
983 4265 1127 4326 Thomas
1152 4265 1289 4328 eundem
1315 4267 1436 4349 prefate

178 4377 316 4438 consorti
342 4375 456 4456 judicis
480 4376 604 4437 solvere
629 4375 789 4435 tenebitur
821 4373 897 4434 dum
922 4371 1039 4452 jurabit
1071 4385 1226 4452 quantum
1252 4375 1371 4452 valuit3
1396 4378 1435 4439 de

177 4503 241 4564 quo
274 4483 395 4565 judicio
431 4483 497 4565 ipse
529 4481 674 4543 Thomas
714 4501 779 4542 non
815 4491 984 4540 contentus
1015 4479 1054 4539 ad
1087 4479 1227 4540 seniores
1262 4481 1436 4562 appellavit

176 4589 306 4670 judices.

283 4695 362 4757 ltem
388 4713 514 4756 causam
540 4693 621 4754 inter
653 4693 738 4754 lrvan
771 4691 954 4754 sellatorem
987 4705 1017 4752 et
1049 4691 1222 4772 quemdam
1255 4695 1437 4775 puerulum,

178 4803 232 4882 qui
257 4814 435 4864 extraxerat
458 4801 582 4882 spinam
607 4800 690 4860 vasis
715 4813 745 4860 et
769 4799 879 4858 vinum
905 4799 989 4859 exire
1019 4799 1173 4879 permisit,
1197 4798 1288 4879 jurati
1313 4800 1436 4883 adjudi-

178 4923 297 4986 carunt,
322 4907 397 4989 quia
418 4907 483 4988 ipse
499 4907 581 4966 lvran
601 4905 741 4966 hostium
759 4924 823 4965 non
842 4905 1009 4981 clauserat,
1026 4903 1120 4963 dehet
1138 4905 1241 4986 ipsum
1260 4907 1434 4988 dampnum

178 5013 307 5076 sufferre
333 5028 363 5076 et
387 5016 491 5096 ipsum
517 5013 665 5094 juvenem
692 5032 756 5072 non
782 5012 947 5092 impedire.
