<?xml version="1.0" encoding="UTF-8"?>
<!DOCTYPE html PUBLIC "-//W3C//DTD XHTML 1.0 Transitional//EN"
    "http://www.w3.org/TR/xhtml1/DTD/xhtml1-transitional.dtd">
<html xmlns="http://www.w3.org/1999/xhtml" xml:lang="en" lang="en">
 <head>
  <title>
</title>
<meta http-equiv="Content-Type" content="text/html;charset=utf-8" />
  <meta name='ocr-system' content='tesseract 3.04.00' />
  <meta name='ocr-capabilities' content='ocr_page ocr_carea ocr_par ocr_line ocrx_word'/>
</head>
<body>
  <div class='ocr_page' id='page_1' title='image "./monumentahistor13laszgoog_0317.png"; bbox 0 0 3694 5782; ppageno 0'>
   <div class='ocr_carea' id='block_1_1' title="bbox 587 575 1441 662">
    <p class='ocr_par' dir='ltr' id='par_1_1' title="bbox 587 575 1441 662">
     <span class='ocr_line' id='line_1_1' title="bbox 587 575 1441 662; baseline 0.004 -25"><span class='ocrx_word' id='word_1_1' title='bbox 587 575 791 656; x_wconf 75' lang='lat' dir='ltr'>Aaro1464.</span> <span class='ocrx_word' id='word_1_2' title='bbox 815 609 859 622; x_wconf 92' lang='lat'><em>-</em></span> <span class='ocrx_word' id='word_1_3' title='bbox 880 587 913 654; x_wconf 75' lang='grc' dir='ltr'>ρ.</span> <span class='ocrx_word' id='word_1_4' title='bbox 931 579 1022 654; x_wconf 77' lang='lat' dir='ltr'>junii.</span> <span class='ocrx_word' id='word_1_5' title='bbox 1378 595 1441 662; x_wconf 80' lang='lat'>²57</span> 
     </span>
    </p>
   </div>
   <div class='ocr_carea' id='block_1_2' title="bbox 502 685 1165 693">
    <p class='ocr_par' dir='ltr' id='par_1_2' title="bbox 502 685 1165 693">
     <span class='ocr_line' id='line_1_2' title="bbox 502 685 1165 693; baseline 0.003 -3"><span class='ocrx_word' id='word_1_6' title='bbox 502 685 580 691; x_wconf 81' lang='grc'><strong><em>..--</em></strong></span> <span class='ocrx_word' id='word_1_7' title='bbox 634 685 1061 692; x_wconf 71' lang='lat'><em>...—-..—--—.—---.-—---.</em></span> <span class='ocrx_word' id='word_1_8' title='bbox 1081 687 1165 693; x_wconf 80' lang='lat'>.—-.-</span> 
     </span>
    </p>
   </div>
   <div class='ocr_carea' id='block_1_3' title="bbox 173 788 1444 980">
    <p class='ocr_par' dir='ltr' id='par_1_3' title="bbox 173 788 1444 980">
     <span class='ocr_line' id='line_1_3' title="bbox 174 788 1442 872; baseline 0 -20"><span class='ocrx_word' id='word_1_9' title='bbox 174 806 281 852; x_wconf 89' lang='lat' dir='ltr'>torum</span> <span class='ocrx_word' id='word_1_10' title='bbox 305 789 450 852; x_wconf 86' lang='lat' dir='ltr'>eiusdem</span> <span class='ocrx_word' id='word_1_11' title='bbox 476 789 592 852; x_wconf 87' lang='lat' dir='ltr'>Marini</span> <span class='ocrx_word' id='word_1_12' title='bbox 616 808 652 852; x_wconf 89' lang='lat' dir='ltr'>sc</span> <span class='ocrx_word' id='word_1_13' title='bbox 676 807 852 872; x_wconf 89' lang='lat' dir='ltr'>puerorum</span> <span class='ocrx_word' id='word_1_14' title='bbox 870 789 945 852; x_wconf 93' lang='lat' dir='ltr'>dicti</span> <span class='ocrx_word' id='word_1_15' title='bbox 971 788 1101 851; x_wconf 91' lang='lat' dir='ltr'>Tbome</span> <span class='ocrx_word' id='word_1_16' title='bbox 1118 789 1223 870; x_wconf 87' lang='lat' dir='ltr'>jurati,</span> <span class='ocrx_word' id='word_1_17' title='bbox 1247 790 1368 852; x_wconf 89' lang='lat' dir='ltr'>eisdem</span> <span class='ocrx_word' id='word_1_18' title='bbox 1386 789 1442 852; x_wconf 90' lang='lat' dir='ltr'>ad·</span> 
     </span>
     <span class='ocr_line' id='line_1_4' title="bbox 173 894 1444 980; baseline 0 -20"><span class='ocrx_word' id='word_1_19' title='bbox 173 897 438 980; x_wconf 75' lang='lat' dir='ltr'>judicaverimus,</span> <span class='ocrx_word' id='word_1_20' title='bbox 469 896 603 979; x_wconf 75' lang='lat' dir='ltr'>ipseque</span> <span class='ocrx_word' id='word_1_21' title='bbox 627 895 753 959; x_wconf 87' lang='lat' dir='ltr'>Blarius</span> <span class='ocrx_word' id='word_1_22' title='bbox 776 894 900 978; x_wconf 88' lang='lat' dir='ltr'>juratus</span> <span class='ocrx_word' id='word_1_23' title='bbox 923 896 963 958; x_wconf 94' lang='lat' dir='ltr'>de</span> <span class='ocrx_word' id='word_1_24' title='bbox 985 896 1171 960; x_wconf 89' lang='lat' dir='ltr'>huiusmodi</span> <span class='ocrx_word' id='word_1_25' title='bbox 1195 910 1306 958; x_wconf 90' lang='lat' dir='ltr'>nostro</span> <span class='ocrx_word' id='word_1_26' title='bbox 1323 895 1444 978; x_wconf 89' lang='lat' dir='ltr'>judicio</span> 
     </span>
    </p>
   </div>
   <div class='ocr_carea' id='block_1_4' title="bbox 173 1001 1446 5140">
    <p class='ocr_par' dir='ltr' id='par_1_4' title="bbox 173 1001 1446 5140">
     <span class='ocr_line' id='line_1_5' title="bbox 175 1001 1443 1087; baseline -0.001 -20"><span class='ocrx_word' id='word_1_27' title='bbox 175 1023 242 1067; x_wconf 89' lang='lat' dir='ltr'>noa</span> <span class='ocrx_word' id='word_1_28' title='bbox 273 1017 456 1083; x_wconf 85' lang='lat' dir='ltr'>contentus,</span> <span class='ocrx_word' id='word_1_29' title='bbox 489 1005 590 1087; x_wconf 85' lang='lat' dir='ltr'>ipram</span> <span class='ocrx_word' id='word_1_30' title='bbox 622 1021 751 1066; x_wconf 75' lang='lat' dir='ltr'>musam</span> <span class='ocrx_word' id='word_1_31' title='bbox 783 1021 843 1086; x_wconf 87' lang='lat' dir='ltr'>pro</span> <span class='ocrx_word' id='word_1_32' title='bbox 874 1001 1020 1065; x_wconf 90' lang='lat' dir='ltr'>habenda</span> <span class='ocrx_word' id='word_1_33' title='bbox 1052 1001 1139 1065; x_wconf 86' lang='lat' dir='ltr'>finali</span> <span class='ocrx_word' id='word_1_34' title='bbox 1172 1003 1380 1066; x_wconf 73' lang='lat' dir='ltr'>conclusione</span> <span class='ocrx_word' id='word_1_35' title='bbox 1412 1017 1443 1066; x_wconf 92' lang='lat' dir='ltr'>et</span> 
     </span>
     <span class='ocr_line' id='line_1_6' title="bbox 175 1107 1443 1194; baseline -0.002 -20"><span class='ocrx_word' id='word_1_36' title='bbox 175 1111 453 1174; x_wconf 75' lang='lat' dir='ltr'>determinatione</span> <span class='ocrx_word' id='word_1_37' title='bbox 470 1109 613 1172; x_wconf 88' lang='lat' dir='ltr'>eiusdem</span> <span class='ocrx_word' id='word_1_38' title='bbox 631 1109 663 1172; x_wconf 90' lang='lat' dir='ltr'>in</span> <span class='ocrx_word' id='word_1_39' title='bbox 677 1110 876 1194; x_wconf 75' lang='lat' dir='ltr'>presenciam</span> <span class='ocrx_word' id='word_1_40' title='bbox 889 1107 1003 1193; x_wconf 83' lang='lat' dir='ltr'>prefati</span> <span class='ocrx_word' id='word_1_41' title='bbox 1020 1109 1162 1192; x_wconf 73' lang='lat' dir='ltr'>magistri</span> <span class='ocrx_word' id='word_1_42' title='bbox 1173 1108 1443 1172; x_wconf 82' lang='lat' dir='ltr'>thawarnicorum</span> 
     </span>
     <span class='ocr_line' id='line_1_7' title="bbox 174 1215 1442 1300; baseline -0.002 -20"><span class='ocrx_word' id='word_1_43' title='bbox 174 1218 335 1300; x_wconf 90' lang='lat' dir='ltr'>regalium</span> <span class='ocrx_word' id='word_1_44' title='bbox 363 1231 441 1280; x_wconf 89' lang='lat' dir='ltr'>tunc</span> <span class='ocrx_word' id='word_1_45' title='bbox 472 1217 636 1279; x_wconf 89' lang='lat' dir='ltr'>constituti</span> <span class='ocrx_word' id='word_1_46' title='bbox 667 1217 878 1300; x_wconf 73' lang='lat' dir='ltr'>appellaverit</span> <span class='ocrx_word' id='word_1_47' title='bbox 907 1229 939 1278; x_wconf 90' lang='lat' dir='ltr'>et</span> <span class='ocrx_word' id='word_1_48' title='bbox 965 1215 1136 1279; x_wconf 70' lang='lat' dir='ltr'>transmitti</span> <span class='ocrx_word' id='word_1_49' title='bbox 1168 1217 1387 1300; x_wconf 83' lang='lat' dir='ltr'>postulaverit,</span> <span class='ocrx_word' id='word_1_50' title='bbox 1412 1229 1442 1278; x_wconf 89' lang='lat' dir='ltr'>et</span> 
     </span>
     <span class='ocr_line' id='line_1_8' title="bbox 174 1322 1442 1406; baseline 0 -20"><span class='ocrx_word' id='word_1_51' title='bbox 174 1343 236 1387; x_wconf 92' lang='lat' dir='ltr'>nos</span> <span class='ocrx_word' id='word_1_52' title='bbox 259 1323 397 1386; x_wconf 89' lang='lat' dir='ltr'>eandem</span> <span class='ocrx_word' id='word_1_53' title='bbox 420 1341 548 1386; x_wconf 89' lang='lat' dir='ltr'>causam</span> <span class='ocrx_word' id='word_1_54' title='bbox 573 1323 605 1386; x_wconf 91' lang='lat' dir='ltr'>in</span> <span class='ocrx_word' id='word_1_55' title='bbox 628 1324 827 1406; x_wconf 89' lang='lat' dir='ltr'>presenciam</span> <span class='ocrx_word' id='word_1_56' title='bbox 844 1323 986 1406; x_wconf 78' lang='lat' dir='ltr'>magistri</span> <span class='ocrx_word' id='word_1_57' title='bbox 1012 1322 1280 1386; x_wconf 86' lang='lat' dir='ltr'>thawsrnicorum</span> <span class='ocrx_word' id='word_1_58' title='bbox 1298 1323 1442 1386; x_wconf 88' lang='lat' dir='ltr'>median·</span> 
     </span>
     <span class='ocr_line' id='line_1_9' title="bbox 173 1428 1442 1513; baseline -0.002 -19"><span class='ocrx_word' id='word_1_59' title='bbox 173 1431 263 1494; x_wconf 90' lang='lat' dir='ltr'>tibus</span> <span class='ocrx_word' id='word_1_60' title='bbox 286 1430 389 1493; x_wconf 89' lang='lat' dir='ltr'>literis</span> <span class='ocrx_word' id='word_1_61' title='bbox 413 1430 529 1494; x_wconf 78' lang='lat' dir='ltr'>nocuis</span> <span class='ocrx_word' id='word_1_62' title='bbox 559 1429 800 1512; x_wconf 85' lang='lat' dir='ltr'>adjudicatoriis</span> <span class='ocrx_word' id='word_1_63' title='bbox 818 1428 1146 1492; x_wconf 88' lang='lat' dir='ltr'>transmissionalibus</span> <span class='ocrx_word' id='word_1_64' title='bbox 1168 1429 1339 1513; x_wconf 85' lang='lat' dir='ltr'>superinde</span> <span class='ocrx_word' id='word_1_65' title='bbox 1364 1447 1442 1492; x_wconf 90' lang='lat' dir='ltr'>con·</span> 
     </span>
     <span class='ocr_line' id='line_1_10' title="bbox 175 1535 1440 1619; baseline -0.002 -19"><span class='ocrx_word' id='word_1_66' title='bbox 175 1537 269 1600; x_wconf 82' lang='lat' dir='ltr'>fectis</span> <span class='ocrx_word' id='word_1_67' title='bbox 292 1538 581 1618; x_wconf 88' lang='lat' dir='ltr'>transmiseramus,</span> <span class='ocrx_word' id='word_1_68' title='bbox 604 1549 712 1599; x_wconf 89' lang='lat' dir='ltr'>tamen</span> <span class='ocrx_word' id='word_1_69' title='bbox 730 1535 851 1598; x_wconf 92' lang='lat' dir='ltr'>eisdem</span> <span class='ocrx_word' id='word_1_70' title='bbox 876 1535 1019 1619; x_wconf 90' lang='lat' dir='ltr'>partibus</span> <span class='ocrx_word' id='word_1_71' title='bbox 1043 1547 1164 1598; x_wconf 89' lang='lat' dir='ltr'>certum</span> <span class='ocrx_word' id='word_1_72' title='bbox 1187 1537 1362 1600; x_wconf 89' lang='lat' dir='ltr'>terminum</span> <span class='ocrx_word' id='word_1_73' title='bbox 1387 1555 1440 1598; x_wconf 90' lang='lat' dir='ltr'>co·</span> 
     </span>
     <span class='ocr_line' id='line_1_11' title="bbox 176 1641 1442 1726; baseline -0.002 -19"><span class='ocrx_word' id='word_1_74' title='bbox 176 1663 247 1708; x_wconf 88' lang='lat' dir='ltr'>ram</span> <span class='ocrx_word' id='word_1_75' title='bbox 264 1644 382 1707; x_wconf 91' lang='lat' dir='ltr'>eodem</span> <span class='ocrx_word' id='word_1_76' title='bbox 406 1645 559 1726; x_wconf 87' lang='lat' dir='ltr'>magistro</span> <span class='ocrx_word' id='word_1_77' title='bbox 575 1642 845 1706; x_wconf 79' lang='lat' dir='ltr'>chawarnicorum</span> <span class='ocrx_word' id='word_1_78' title='bbox 862 1641 1020 1724; x_wconf 86' lang='lat' dir='ltr'>regalium</span> <span class='ocrx_word' id='word_1_79' title='bbox 1037 1641 1245 1724; x_wconf 89' lang='lat' dir='ltr'>comparendi</span> <span class='ocrx_word' id='word_1_80' title='bbox 1262 1661 1328 1704; x_wconf 88' lang='lat' dir='ltr'>non</span> <span class='ocrx_word' id='word_1_81' title='bbox 1345 1642 1442 1724; x_wconf 91' lang='lat' dir='ltr'>assig-</span> 
     </span>
     <span class='ocr_line' id='line_1_12' title="bbox 175 1748 1443 1834; baseline -0.003 -20"><span class='ocrx_word' id='word_1_82' title='bbox 175 1770 346 1814; x_wconf 85' lang='lat' dir='ltr'>naasemus</span> <span class='ocrx_word' id='word_1_83' title='bbox 384 1769 442 1814; x_wconf 90' lang='lat' dir='ltr'>seu</span> <span class='ocrx_word' id='word_1_84' title='bbox 471 1749 728 1834; x_wconf 87' lang='lat' dir='ltr'>prefixissemus;</span> <span class='ocrx_word' id='word_1_85' title='bbox 762 1762 794 1812; x_wconf 91' lang='lat' dir='ltr'>et</span> <span class='ocrx_word' id='word_1_86' title='bbox 824 1767 897 1812; x_wconf 88' lang='lat' dir='ltr'>cum</span> <span class='ocrx_word' id='word_1_87' title='bbox 930 1748 1017 1811; x_wconf 91' lang='lat' dir='ltr'>idem</span> <span class='ocrx_word' id='word_1_88' title='bbox 1049 1748 1193 1812; x_wconf 83' lang='lat' dir='ltr'>Marinus</span> <span class='ocrx_word' id='word_1_89' title='bbox 1231 1765 1290 1832; x_wconf 92' lang='lat' dir='ltr'>pro</span> <span class='ocrx_word' id='word_1_90' title='bbox 1330 1767 1443 1811; x_wconf 88' lang='lat' dir='ltr'>execu-</span> 
     </span>
     <span class='ocr_line' id='line_1_13' title="bbox 174 1856 1442 1940; baseline -0.002 -19"><span class='ocrx_word' id='word_1_91' title='bbox 174 1859 271 1921; x_wconf 87' lang='lat' dir='ltr'>cioue</span> <span class='ocrx_word' id='word_1_92' title='bbox 296 1857 398 1940; x_wconf 91' lang='lat' dir='ltr'>ipsius</span> <span class='ocrx_word' id='word_1_93' title='bbox 421 1877 514 1920; x_wconf 86' lang='lat' dir='ltr'>cause</span> <span class='ocrx_word' id='word_1_94' title='bbox 546 1869 667 1920; x_wconf 90' lang='lat' dir='ltr'>certum</span> <span class='ocrx_word' id='word_1_95' title='bbox 691 1875 785 1919; x_wconf 92' lang='lat' dir='ltr'>suum</span> <span class='ocrx_word' id='word_1_96' title='bbox 814 1856 980 1919; x_wconf 89' lang='lat' dir='ltr'>bominem</span> <span class='ocrx_word' id='word_1_97' title='bbox 1005 1873 1061 1918; x_wconf 91' lang='lat' dir='ltr'>seu</span> <span class='ocrx_word' id='word_1_98' title='bbox 1086 1869 1325 1938; x_wconf 87' lang='lat' dir='ltr'>procuratorem</span> <span class='ocrx_word' id='word_1_99' title='bbox 1342 1869 1442 1918; x_wconf 87' lang='lat' dir='ltr'>trana-</span> 
     </span>
     <span class='ocr_line' id='line_1_14' title="bbox 173 1961 1441 2047; baseline -0.002 -21"><span class='ocrx_word' id='word_1_100' title='bbox 173 1965 327 2044; x_wconf 89' lang='lat' dir='ltr'>misisset,</span> <span class='ocrx_word' id='word_1_101' title='bbox 351 1964 439 2026; x_wconf 92' lang='lat' dir='ltr'>idem</span> <span class='ocrx_word' id='word_1_102' title='bbox 462 1963 698 2047; x_wconf 85' lang='lat' dir='ltr'>procuratorio</span> <span class='ocrx_word' id='word_1_103' title='bbox 723 1963 773 2026; x_wconf 91' lang='lat' dir='ltr'>vis</span> <span class='ocrx_word' id='word_1_104' title='bbox 791 1981 847 2026; x_wconf 93' lang='lat' dir='ltr'>seu</span> <span class='ocrx_word' id='word_1_105' title='bbox 871 1962 983 2024; x_wconf 91' lang='lat' dir='ltr'>itinere</span> <span class='ocrx_word' id='word_1_106' title='bbox 1000 1981 1059 2024; x_wconf 91' lang='lat' dir='ltr'>suo</span> <span class='ocrx_word' id='word_1_107' title='bbox 1083 1962 1116 2024; x_wconf 91' lang='lat' dir='ltr'>in</span> <span class='ocrx_word' id='word_1_108' title='bbox 1140 1981 1255 2024; x_wconf 89' lang='lat' dir='ltr'>manus</span> <span class='ocrx_word' id='word_1_109' title='bbox 1278 1961 1441 2024; x_wconf 89' lang='lat' dir='ltr'>latronum</span> 
     </span>
     <span class='ocr_line' id='line_1_15' title="bbox 175 2067 1443 2155; baseline -0.004 -20"><span class='ocrx_word' id='word_1_110' title='bbox 175 2085 208 2135; x_wconf 91' lang='lat' dir='ltr'>et</span> <span class='ocrx_word' id='word_1_111' title='bbox 238 2071 423 2155; x_wconf 87' lang='lat' dir='ltr'>predonum</span> <span class='ocrx_word' id='word_1_112' title='bbox 456 2070 629 2149; x_wconf 89' lang='lat' dir='ltr'>incidisset,</span> <span class='ocrx_word' id='word_1_113' title='bbox 660 2069 716 2152; x_wconf 93' lang='lat' dir='ltr'>qui</span> <span class='ocrx_word' id='word_1_114' title='bbox 748 2081 780 2132; x_wconf 91' lang='lat' dir='ltr'>et</span> <span class='ocrx_word' id='word_1_115' title='bbox 810 2087 867 2153; x_wconf 88' lang='lat' dir='ltr'>per</span> <span class='ocrx_word' id='word_1_116' title='bbox 891 2068 1022 2132; x_wconf 89' lang='lat' dir='ltr'>eosdem</span> <span class='ocrx_word' id='word_1_117' title='bbox 1054 2069 1209 2152; x_wconf 88' lang='lat' dir='ltr'>spoliatus</span> <span class='ocrx_word' id='word_1_118' title='bbox 1240 2067 1297 2130; x_wconf 89' lang='lat' dir='ltr'>aed</span> <span class='ocrx_word' id='word_1_119' title='bbox 1320 2083 1351 2130; x_wconf 92' lang='lat' dir='ltr'>et</span> <span class='ocrx_word' id='word_1_120' title='bbox 1375 2085 1443 2131; x_wconf 91' lang='lat' dir='ltr'>om-</span> 
     </span>
     <span class='ocr_line' id='line_1_16' title="bbox 174 2174 1442 2260; baseline -0.004 -19"><span class='ocrx_word' id='word_1_121' title='bbox 174 2179 273 2241; x_wconf 90' lang='lat' dir='ltr'>nibus</span> <span class='ocrx_word' id='word_1_122' title='bbox 305 2179 401 2242; x_wconf 85' lang='lat' dir='ltr'>rebus</span> <span class='ocrx_word' id='word_1_123' title='bbox 433 2191 465 2240; x_wconf 90' lang='lat' dir='ltr'>et</span> <span class='ocrx_word' id='word_1_124' title='bbox 494 2177 589 2240; x_wconf 88' lang='lat' dir='ltr'>bonis</span> <span class='ocrx_word' id='word_1_125' title='bbox 619 2177 762 2260; x_wconf 89' lang='lat' dir='ltr'>privatus</span> <span class='ocrx_word' id='word_1_126' title='bbox 789 2175 960 2255; x_wconf 83' lang='lat' dir='ltr'>extitisset,</span> <span class='ocrx_word' id='word_1_127' title='bbox 992 2175 1125 2258; x_wconf 90' lang='lat' dir='ltr'>ipseque</span> <span class='ocrx_word' id='word_1_128' title='bbox 1159 2174 1284 2238; x_wconf 86' lang='lat' dir='ltr'>Blasius</span> <span class='ocrx_word' id='word_1_129' title='bbox 1315 2175 1442 2237; x_wconf 90' lang='lat' dir='ltr'>interim</span> 
     </span>
     <span class='ocr_line' id='line_1_17' title="bbox 174 2281 1443 2368; baseline -0.004 -20"><span class='ocrx_word' id='word_1_130' title='bbox 174 2300 246 2348; x_wconf 85' lang='lat' dir='ltr'>tum</span> <span class='ocrx_word' id='word_1_131' title='bbox 271 2298 404 2368; x_wconf 89' lang='lat' dir='ltr'>propter</span> <span class='ocrx_word' id='word_1_132' title='bbox 426 2284 610 2347; x_wconf 81' lang='lat' dir='ltr'>absentiam</span> <span class='ocrx_word' id='word_1_133' title='bbox 634 2282 711 2346; x_wconf 89' lang='lat' dir='ltr'>dicti</span> <span class='ocrx_word' id='word_1_134' title='bbox 736 2283 952 2365; x_wconf 86' lang='lat' dir='ltr'>procuratoris</span> <span class='ocrx_word' id='word_1_135' title='bbox 976 2281 1121 2344; x_wconf 90' lang='lat' dir='ltr'>eiusdem</span> <span class='ocrx_word' id='word_1_136' title='bbox 1146 2281 1262 2344; x_wconf 88' lang='lat' dir='ltr'>Marini</span> <span class='ocrx_word' id='word_1_137' title='bbox 1287 2301 1337 2361; x_wconf 93' lang='lat' dir='ltr'>eo,</span> <span class='ocrx_word' id='word_1_138' title='bbox 1354 2281 1443 2364; x_wconf 90' lang='lat' dir='ltr'>quod</span> 
     </span>
     <span class='ocr_line' id='line_1_18' title="bbox 176 2388 1443 2475; baseline -0.002 -22"><span class='ocrx_word' id='word_1_139' title='bbox 176 2391 267 2454; x_wconf 91' lang='lat' dir='ltr'>idem</span> <span class='ocrx_word' id='word_1_140' title='bbox 290 2404 422 2475; x_wconf 91' lang='lat' dir='ltr'>propter</span> <span class='ocrx_word' id='word_1_141' title='bbox 453 2389 640 2453; x_wconf 87' lang='lat' dir='ltr'>huiusmodi</span> <span class='ocrx_word' id='word_1_142' title='bbox 670 2388 903 2472; x_wconf 86' lang='lat' dir='ltr'>impedimenta</span> <span class='ocrx_word' id='word_1_143' title='bbox 934 2407 991 2450; x_wconf 91' lang='lat' dir='ltr'>sua</span> <span class='ocrx_word' id='word_1_144' title='bbox 1022 2407 1208 2471; x_wconf 87' lang='lat' dir='ltr'>comparere</span> <span class='ocrx_word' id='word_1_145' title='bbox 1236 2389 1443 2470; x_wconf 85' lang='lat' dir='ltr'>nequivisset,</span> 
     </span>
     <span class='ocr_line' id='line_1_19' title="bbox 173 2495 1442 2580; baseline -0.003 -18"><span class='ocrx_word' id='word_1_146' title='bbox 173 2512 245 2562; x_wconf 88' lang='lat' dir='ltr'>tum</span> <span class='ocrx_word' id='word_1_147' title='bbox 271 2499 375 2561; x_wconf 89' lang='lat' dir='ltr'>eciam</span> <span class='ocrx_word' id='word_1_148' title='bbox 392 2501 435 2562; x_wconf 92' lang='lat' dir='ltr'>ob</span> <span class='ocrx_word' id='word_1_149' title='bbox 451 2497 711 2562; x_wconf 85' lang='lat' dir='ltr'>incertitudinem</span> <span class='ocrx_word' id='word_1_150' title='bbox 729 2495 914 2580; x_wconf 85' lang='lat' dir='ltr'>prefixiooir</span> <span class='ocrx_word' id='word_1_151' title='bbox 934 2496 1034 2580; x_wconf 89' lang='lat' dir='ltr'>ipsius</span> <span class='ocrx_word' id='word_1_152' title='bbox 1056 2496 1185 2559; x_wconf 89' lang='lat' dir='ltr'>termini</span> <span class='ocrx_word' id='word_1_153' title='bbox 1203 2515 1310 2560; x_wconf 90' lang='lat' dir='ltr'>coram</span> <span class='ocrx_word' id='word_1_154' title='bbox 1328 2497 1442 2560; x_wconf 88' lang='lat' dir='ltr'>eodem</span> 
     </span>
     <span class='ocr_line' id='line_1_20' title="bbox 175 2603 1443 2687; baseline -0.002 -19"><span class='ocrx_word' id='word_1_155' title='bbox 175 2605 334 2687; x_wconf 86' lang='lat' dir='ltr'>magistro</span> <span class='ocrx_word' id='word_1_156' title='bbox 364 2604 636 2669; x_wconf 88' lang='lat' dir='ltr'>thawsruicorum</span> <span class='ocrx_word' id='word_1_157' title='bbox 669 2603 825 2686; x_wconf 88' lang='lat' dir='ltr'>regalium</span> <span class='ocrx_word' id='word_1_158' title='bbox 858 2623 954 2686; x_wconf 90' lang='lat' dir='ltr'>super</span> <span class='ocrx_word' id='word_1_159' title='bbox 987 2603 1150 2687; x_wconf 88' lang='lat' dir='ltr'>premissis</span> <span class='ocrx_word' id='word_1_160' title='bbox 1180 2603 1377 2667; x_wconf 91' lang='lat' dir='ltr'>stacionibus</span> <span class='ocrx_word' id='word_1_161' title='bbox 1408 2623 1443 2666; x_wconf 90' lang='lat' dir='ltr'>ac</span> 
     </span>
     <span class='ocr_line' id='line_1_21' title="bbox 174 2709 1443 2794; baseline -0.002 -20"><span class='ocrx_word' id='word_1_162' title='bbox 174 2713 281 2775; x_wconf 91' lang='lat' dir='ltr'>domo</span> <span class='ocrx_word' id='word_1_163' title='bbox 304 2725 429 2774; x_wconf 87' lang='lat' dir='ltr'>murata</span> <span class='ocrx_word' id='word_1_164' title='bbox 452 2731 508 2774; x_wconf 90' lang='lat' dir='ltr'>reu</span> <span class='ocrx_word' id='word_1_165' title='bbox 532 2709 641 2774; x_wconf 85' lang='lat' dir='ltr'>fundis</span> <span class='ocrx_word' id='word_1_166' title='bbox 657 2729 716 2794; x_wconf 91' lang='lat' dir='ltr'>pro</span> <span class='ocrx_word' id='word_1_167' title='bbox 739 2711 788 2773; x_wconf 90' lang='lat' dir='ltr'>sui</span> <span class='ocrx_word' id='word_1_168' title='bbox 812 2723 901 2794; x_wconf 88' lang='lat' dir='ltr'>parts</span> <span class='ocrx_word' id='word_1_169' title='bbox 919 2710 1027 2773; x_wconf 90' lang='lat' dir='ltr'>literas</span> <span class='ocrx_word' id='word_1_170' title='bbox 1041 2709 1289 2792; x_wconf 87' lang='lat' dir='ltr'>adjudicatorias</span> <span class='ocrx_word' id='word_1_171' title='bbox 1305 2710 1443 2793; x_wconf 80' lang='lat' dir='ltr'>qualiter</span> 
     </span>
     <span class='ocr_line' id='line_1_22' title="bbox 175 2816 1443 2902; baseline 0 -23"><span class='ocrx_word' id='word_1_172' title='bbox 175 2819 335 2880; x_wconf 88' lang='lat' dir='ltr'>voluisset</span> <span class='ocrx_word' id='word_1_173' title='bbox 369 2831 570 2902; x_wconf 87' lang='lat' dir='ltr'>reportasset,</span> <span class='ocrx_word' id='word_1_174' title='bbox 601 2819 712 2899; x_wconf 89' lang='lat' dir='ltr'>rigore</span> <span class='ocrx_word' id='word_1_175' title='bbox 744 2835 881 2900; x_wconf 88' lang='lat' dir='ltr'>quarum</span> <span class='ocrx_word' id='word_1_176' title='bbox 912 2837 945 2880; x_wconf 94' lang='lat' dir='ltr'>se</span> <span class='ocrx_word' id='word_1_177' title='bbox 977 2817 1009 2879; x_wconf 92' lang='lat' dir='ltr'>in</span> <span class='ocrx_word' id='word_1_178' title='bbox 1040 2816 1222 2880; x_wconf 88' lang='lat' dir='ltr'>dominium</span> <span class='ocrx_word' id='word_1_179' title='bbox 1256 2817 1443 2879; x_wconf 88' lang='lat' dir='ltr'>earumdem</span> 
     </span>
     <span class='ocr_line' id='line_1_23' title="bbox 174 2923 1442 3007; baseline -0.002 -19"><span class='ocrx_word' id='word_1_180' title='bbox 174 2925 360 2988; x_wconf 89' lang='lat' dir='ltr'>stacionum</span> <span class='ocrx_word' id='word_1_181' title='bbox 392 2940 424 2988; x_wconf 92' lang='lat' dir='ltr'>et</span> <span class='ocrx_word' id='word_1_182' title='bbox 447 2924 564 2987; x_wconf 88' lang='lat' dir='ltr'>domus</span> <span class='ocrx_word' id='word_1_183' title='bbox 595 2943 653 2987; x_wconf 89' lang='lat' dir='ltr'>seu</span> <span class='ocrx_word' id='word_1_184' title='bbox 684 2923 860 2987; x_wconf 77' lang='lat' dir='ltr'>fundorum</span> <span class='ocrx_word' id='word_1_185' title='bbox 892 2923 1052 2986; x_wconf 88' lang='lat' dir='ltr'>introduci</span> <span class='ocrx_word' id='word_1_186' title='bbox 1082 2938 1113 2986; x_wconf 92' lang='lat' dir='ltr'>et</span> <span class='ocrx_word' id='word_1_187' title='bbox 1143 2924 1273 2986; x_wconf 84' lang='lat' dir='ltr'>easdem</span> <span class='ocrx_word' id='word_1_188' title='bbox 1297 2923 1358 2986; x_wconf 90' lang='lat' dir='ltr'>sibi</span> <span class='ocrx_word' id='word_1_189' title='bbox 1383 2923 1442 3007; x_wconf 91' lang='lat' dir='ltr'>ipsi</span> 
     </span>
     <span class='ocr_line' id='line_1_24' title="bbox 174 3029 1442 3114; baseline -0.001 -21"><span class='ocrx_word' id='word_1_190' title='bbox 174 3029 380 3093; x_wconf 82' lang='lat' dir='ltr'>statuilacere</span> <span class='ocrx_word' id='word_1_191' title='bbox 405 3043 616 3114; x_wconf 87' lang='lat' dir='ltr'>procurasset,</span> <span class='ocrx_word' id='word_1_192' title='bbox 640 3049 721 3113; x_wconf 89' lang='lat' dir='ltr'>quas</span> <span class='ocrx_word' id='word_1_193' title='bbox 747 3044 870 3094; x_wconf 88' lang='lat' dir='ltr'>teneret</span> <span class='ocrx_word' id='word_1_194' title='bbox 893 3043 924 3092; x_wconf 89' lang='lat' dir='ltr'>et</span> <span class='ocrx_word' id='word_1_195' title='bbox 955 3043 1158 3094; x_wconf 85' lang='lat' dir='ltr'>conservaret</span> <span class='ocrx_word' id='word_1_196' title='bbox 1181 3031 1282 3093; x_wconf 89' lang='lat' dir='ltr'>eciam</span> <span class='ocrx_word' id='word_1_197' title='bbox 1308 3031 1348 3092; x_wconf 88' lang='lat' dir='ltr'>de</span> <span class='ocrx_word' id='word_1_198' title='bbox 1371 3045 1442 3114; x_wconf 90' lang='lat' dir='ltr'>pre·</span> 
     </span>
     <span class='ocr_line' id='line_1_25' title="bbox 174 3136 1444 3220; baseline -0.001 -21"><span class='ocrx_word' id='word_1_199' title='bbox 174 3139 260 3199; x_wconf 88' lang='lat' dir='ltr'>senti</span> <span class='ocrx_word' id='word_1_200' title='bbox 285 3137 320 3198; x_wconf 92' lang='lat' dir='ltr'>in</span> <span class='ocrx_word' id='word_1_201' title='bbox 333 3137 478 3200; x_wconf 89' lang='lat' dir='ltr'>eiusdem</span> <span class='ocrx_word' id='word_1_202' title='bbox 492 3137 684 3220; x_wconf 88' lang='lat' dir='ltr'>exponentis</span> <span class='ocrx_word' id='word_1_203' title='bbox 698 3137 912 3220; x_wconf 90' lang='lat' dir='ltr'>prejudicium</span> <span class='ocrx_word' id='word_1_204' title='bbox 931 3151 962 3199; x_wconf 91' lang='lat' dir='ltr'>et</span> <span class='ocrx_word' id='word_1_205' title='bbox 978 3137 1155 3219; x_wconf 88' lang='lat' dir='ltr'>dampnum</span> <span class='ocrx_word' id='word_1_206' title='bbox 1169 3136 1262 3199; x_wconf 93' lang='lat' dir='ltr'>valde</span> <span class='ocrx_word' id='word_1_207' title='bbox 1280 3155 1444 3218; x_wconf 87' lang='lat' dir='ltr'>magnum,</span> 
     </span>
     <span class='ocr_line' id='line_1_26' title="bbox 175 3241 1445 3328; baseline -0.002 -22"><span class='ocrx_word' id='word_1_208' title='bbox 175 3263 252 3306; x_wconf 90' lang='lat' dir='ltr'>cum</span> <span class='ocrx_word' id='word_1_209' title='bbox 277 3255 388 3306; x_wconf 84' lang='lat' dir='ltr'>tamen</span> <span class='ocrx_word' id='word_1_210' title='bbox 412 3243 438 3305; x_wconf 90' lang='lat' dir='ltr'>si</span> <span class='ocrx_word' id='word_1_211' title='bbox 461 3245 638 3328; x_wconf 87' lang='lat' dir='ltr'>prelibatus</span> <span class='ocrx_word' id='word_1_212' title='bbox 660 3257 848 3326; x_wconf 88' lang='lat' dir='ltr'>procurator</span> <span class='ocrx_word' id='word_1_213' title='bbox 872 3263 947 3306; x_wconf 90' lang='lat' dir='ltr'>suus</span> <span class='ocrx_word' id='word_1_214' title='bbox 964 3242 1063 3306; x_wconf 90' lang='lat' dir='ltr'>modo</span> <span class='ocrx_word' id='word_1_215' title='bbox 1079 3243 1236 3325; x_wconf 88' lang='lat' dir='ltr'>premisso</span> <span class='ocrx_word' id='word_1_216' title='bbox 1261 3242 1292 3304; x_wconf 90' lang='lat' dir='ltr'>in</span> <span class='ocrx_word' id='word_1_217' title='bbox 1317 3261 1377 3304; x_wconf 92' lang='lat' dir='ltr'>suo</span> <span class='ocrx_word' id='word_1_218' title='bbox 1395 3241 1445 3304; x_wconf 94' lang='lat' dir='ltr'>iti·</span> 
     </span>
     <span class='ocr_line' id='line_1_27' title="bbox 174 3348 1444 3433; baseline 0 -21"><span class='ocrx_word' id='word_1_219' title='bbox 174 3369 254 3412; x_wconf 90' lang='lat' dir='ltr'>nere</span> <span class='ocrx_word' id='word_1_220' title='bbox 272 3349 449 3433; x_wconf 92' lang='lat' dir='ltr'>impeditus</span> <span class='ocrx_word' id='word_1_221' title='bbox 471 3369 536 3412; x_wconf 89' lang='lat' dir='ltr'>nou</span> <span class='ocrx_word' id='word_1_222' title='bbox 561 3350 724 3430; x_wconf 82' lang='lat' dir='ltr'>extitisset,</span> <span class='ocrx_word' id='word_1_223' title='bbox 748 3350 966 3413; x_wconf 87' lang='lat' dir='ltr'>mediantibus</span> <span class='ocrx_word' id='word_1_224' title='bbox 984 3351 1054 3413; x_wconf 89' lang='lat' dir='ltr'>&#39;suis</span> <span class='ocrx_word' id='word_1_225' title='bbox 1088 3348 1315 3414; x_wconf 80' lang='lat' dir='ltr'>efficacissimis</span> <span class='ocrx_word' id='word_1_226' title='bbox 1339 3349 1444 3412; x_wconf 91' lang='lat' dir='ltr'>litera·</span> 
     </span>
     <span class='ocr_line' id='line_1_28' title="bbox 175 3456 1445 3540; baseline -0.002 -20"><span class='ocrx_word' id='word_1_227' title='bbox 175 3457 267 3520; x_wconf 90' lang='lat' dir='ltr'>libus</span> <span class='ocrx_word' id='word_1_228' title='bbox 290 3456 510 3520; x_wconf 87' lang='lat' dir='ltr'>instrumentis</span> <span class='ocrx_word' id='word_1_229' title='bbox 533 3457 650 3520; x_wconf 82' lang='lat' dir='ltr'>exinde</span> <span class='ocrx_word' id='word_1_230' title='bbox 674 3456 828 3520; x_wconf 85' lang='lat' dir='ltr'>conlectis</span> <span class='ocrx_word' id='word_1_231' title='bbox 851 3471 884 3520; x_wconf 93' lang='lat' dir='ltr'>et</span> <span class='ocrx_word' id='word_1_232' title='bbox 898 3457 1122 3540; x_wconf 90' lang='lat' dir='ltr'>probabilibus</span> <span class='ocrx_word' id='word_1_233' title='bbox 1146 3456 1348 3519; x_wconf 89' lang='lat' dir='ltr'>documentis</span> <span class='ocrx_word' id='word_1_234' title='bbox 1377 3475 1445 3518; x_wconf 89' lang='lat' dir='ltr'>eas·</span> 
     </span>
     <span class='ocr_line' id='line_1_29' title="bbox 175 3562 1444 3647; baseline -0.001 -21"><span class='ocrx_word' id='word_1_235' title='bbox 175 3564 254 3626; x_wconf 89' lang='lat' dir='ltr'>dem</span> <span class='ocrx_word' id='word_1_236' title='bbox 278 3563 439 3626; x_wconf 77' lang='lat' dir='ltr'>stationes</span> <span class='ocrx_word' id='word_1_237' title='bbox 461 3577 493 3627; x_wconf 92' lang='lat' dir='ltr'>et</span> <span class='ocrx_word' id='word_1_238' title='bbox 515 3563 651 3626; x_wconf 91' lang='lat' dir='ltr'>domum</span> <span class='ocrx_word' id='word_1_239' title='bbox 675 3583 712 3626; x_wconf 90' lang='lat' dir='ltr'>ac</span> <span class='ocrx_word' id='word_1_240' title='bbox 735 3562 854 3626; x_wconf 83' lang='lat' dir='ltr'>fundos</span> <span class='ocrx_word' id='word_1_241' title='bbox 870 3564 961 3626; x_wconf 90' lang='lat' dir='ltr'>sicuti</span> <span class='ocrx_word' id='word_1_242' title='bbox 986 3564 1135 3647; x_wconf 90' lang='lat' dir='ltr'>proprius</span> <span class='ocrx_word' id='word_1_243' title='bbox 1158 3581 1266 3625; x_wconf 90' lang='lat' dir='ltr'>coram</span> <span class='ocrx_word' id='word_1_244' title='bbox 1291 3563 1384 3624; x_wconf 90' lang='lat' dir='ltr'>nobis</span> <span class='ocrx_word' id='word_1_245' title='bbox 1400 3563 1444 3625; x_wconf 86' lang='lat' dir='ltr'>sic</span> 
     </span>
     <span class='ocr_line' id='line_1_30' title="bbox 174 3669 1445 3753; baseline -0.002 -21"><span class='ocrx_word' id='word_1_246' title='bbox 174 3683 208 3732; x_wconf 89' lang='lat' dir='ltr'>et</span> <span class='ocrx_word' id='word_1_247' title='bbox 232 3683 313 3732; x_wconf 82' lang='lat' dir='ltr'>tuuc</span> <span class='ocrx_word' id='word_1_248' title='bbox 337 3670 369 3732; x_wconf 89' lang='lat' dir='ltr'>iu</span> <span class='ocrx_word' id='word_1_249' title='bbox 393 3670 558 3753; x_wconf 86' lang='lat' dir='ltr'>presencia</span> <span class='ocrx_word' id='word_1_250' title='bbox 582 3670 725 3752; x_wconf 82' lang='lat' dir='ltr'>magistri</span> <span class='ocrx_word' id='word_1_251' title='bbox 749 3669 1019 3732; x_wconf 86' lang='lat' dir='ltr'>tbawaruicorum</span> <span class='ocrx_word' id='word_1_252' title='bbox 1044 3669 1200 3752; x_wconf 90' lang='lat' dir='ltr'>regalium</span> <span class='ocrx_word' id='word_1_253' title='bbox 1225 3669 1285 3752; x_wconf 66' lang='lat' dir='ltr'>juri</span> <span class='ocrx_word' id='word_1_254' title='bbox 1310 3689 1368 3732; x_wconf 90' lang='lat' dir='ltr'>suo</span> <span class='ocrx_word' id='word_1_255' title='bbox 1398 3689 1445 3730; x_wconf 91' lang='lat' dir='ltr'>re·</span> 
     </span>
     <span class='ocr_line' id='line_1_31' title="bbox 174 3775 1444 3860; baseline -0.001 -21"><span class='ocrx_word' id='word_1_256' title='bbox 174 3775 364 3860; x_wconf 88' lang='lat' dir='ltr'>spropriare</span> <span class='ocrx_word' id='word_1_257' title='bbox 388 3776 545 3859; x_wconf 88' lang='lat' dir='ltr'>potuisset</span> <span class='ocrx_word' id='word_1_258' title='bbox 569 3791 665 3860; x_wconf 92' lang='lat' dir='ltr'>prout</span> <span class='ocrx_word' id='word_1_259' title='bbox 689 3789 720 3839; x_wconf 91' lang='lat' dir='ltr'>et</span> <span class='ocrx_word' id='word_1_260' title='bbox 736 3795 829 3860; x_wconf 93' lang='lat' dir='ltr'>posse</span> <span class='ocrx_word' id='word_1_261' title='bbox 846 3791 961 3860; x_wconf 89' lang='lat' dir='ltr'>sperat,</span> <span class='ocrx_word' id='word_1_262' title='bbox 985 3797 1084 3860; x_wconf 91' lang='lat' dir='ltr'>quare</span> <span class='ocrx_word' id='word_1_263' title='bbox 1108 3776 1323 3860; x_wconf 88' lang='lat' dir='ltr'>supplicatum</span> <span class='ocrx_word' id='word_1_264' title='bbox 1342 3776 1444 3838; x_wconf 90' lang='lat' dir='ltr'>extitit</span> 
     </span>
     <span class='ocr_line' id='line_1_32' title="bbox 175 3883 1442 3967; baseline -0.001 -21"><span class='ocrx_word' id='word_1_265' title='bbox 175 3884 268 3966; x_wconf 92' lang='lat' dir='ltr'>regie</span> <span class='ocrx_word' id='word_1_266' title='bbox 285 3883 445 3947; x_wconf 87' lang='lat' dir='ltr'>Maiestati</span> <span class='ocrx_word' id='word_1_267' title='bbox 469 3902 529 3967; x_wconf 93' lang='lat' dir='ltr'>pro</span> <span class='ocrx_word' id='word_1_268' title='bbox 551 3897 639 3967; x_wconf 91' lang='lat' dir='ltr'>parte</span> <span class='ocrx_word' id='word_1_269' title='bbox 664 3883 808 3946; x_wconf 89' lang='lat' dir='ltr'>eiusdem</span> <span class='ocrx_word' id='word_1_270' title='bbox 834 3884 949 3946; x_wconf 88' lang='lat' dir='ltr'>Marini</span> <span class='ocrx_word' id='word_1_271' title='bbox 974 3897 1008 3946; x_wconf 93' lang='lat' dir='ltr'>ut</span> <span class='ocrx_word' id='word_1_272' title='bbox 1031 3883 1091 3946; x_wconf 90' lang='lat' dir='ltr'>sibi</span> <span class='ocrx_word' id='word_1_273' title='bbox 1117 3897 1201 3946; x_wconf 89' lang='lat' dir='ltr'>certa</span> <span class='ocrx_word' id='word_1_274' title='bbox 1225 3883 1378 3966; x_wconf 87' lang='lat' dir='ltr'>premissa</span> <span class='ocrx_word' id='word_1_275' title='bbox 1402 3883 1442 3946; x_wconf 90' lang='lat' dir='ltr'>de</span> 
     </span>
     <span class='ocr_line' id='line_1_33' title="bbox 174 3989 1444 4073; baseline -0.001 -21"><span class='ocrx_word' id='word_1_276' title='bbox 174 3990 280 4073; x_wconf 87' lang='lat' dir='ltr'>regali</span> <span class='ocrx_word' id='word_1_277' title='bbox 304 3989 450 4054; x_wconf 88' lang='lat' dir='ltr'>remedio</span> <span class='ocrx_word' id='word_1_278' title='bbox 482 3990 704 4073; x_wconf 91' lang='lat' dir='ltr'>provideretur</span> <span class='ocrx_word' id='word_1_279' title='bbox 727 4009 763 4053; x_wconf 88' lang='lat' dir='ltr'>ac</span> <span class='ocrx_word' id='word_1_280' title='bbox 795 3989 902 4052; x_wconf 88' lang='lat' dir='ltr'>eidem</span> <span class='ocrx_word' id='word_1_281' title='bbox 935 3989 968 4052; x_wconf 92' lang='lat' dir='ltr'>id</span> <span class='ocrx_word' id='word_1_282' title='bbox 991 4003 1022 4052; x_wconf 86' lang='lat' dir='ltr'>st</span> <span class='ocrx_word' id='word_1_283' title='bbox 1053 3990 1114 4052; x_wconf 91' lang='lat' dir='ltr'>hoc</span> <span class='ocrx_word' id='word_1_284' title='bbox 1146 4003 1181 4052; x_wconf 91' lang='lat' dir='ltr'>ut</span> <span class='ocrx_word' id='word_1_285' title='bbox 1204 3989 1272 4072; x_wconf 89' lang='lat' dir='ltr'>ipae</span> <span class='ocrx_word' id='word_1_286' title='bbox 1296 4009 1362 4052; x_wconf 89' lang='lat' dir='ltr'>nou</span> <span class='ocrx_word' id='word_1_287' title='bbox 1387 3991 1444 4052; x_wconf 92' lang='lat' dir='ltr'>ob·</span> 
     </span>
     <span class='ocr_line' id='line_1_34' title="bbox 174 4095 1444 4180; baseline -0.001 -20"><span class='ocrx_word' id='word_1_288' title='bbox 174 4110 283 4160; x_wconf 84' lang='lat' dir='ltr'>stante</span> <span class='ocrx_word' id='word_1_289' title='bbox 299 4097 454 4179; x_wconf 91' lang='lat' dir='ltr'>premissa</span> <span class='ocrx_word' id='word_1_290' title='bbox 478 4095 724 4180; x_wconf 87' lang='lat' dir='ltr'>adjudicscione</span> <span class='ocrx_word' id='word_1_291' title='bbox 741 4097 817 4160; x_wconf 87' lang='lat' dir='ltr'>dicti</span> <span class='ocrx_word' id='word_1_292' title='bbox 834 4097 976 4179; x_wconf 90' lang='lat' dir='ltr'>magistri</span> <span class='ocrx_word' id='word_1_293' title='bbox 993 4095 1262 4159; x_wconf 88' lang='lat' dir='ltr'>thawsrnicorum</span> <span class='ocrx_word' id='word_1_294' title='bbox 1287 4097 1444 4178; x_wconf 91' lang='lat' dir='ltr'>regalium</span> 
     </span>
     <span class='ocr_line' id='line_1_35' title="bbox 175 4201 1445 4286; baseline -0.002 -20"><span class='ocrx_word' id='word_1_295' title='bbox 175 4223 214 4266; x_wconf 89' lang='lat' dir='ltr'>ac</span> <span class='ocrx_word' id='word_1_296' title='bbox 248 4203 350 4265; x_wconf 91' lang='lat' dir='ltr'>literis</span> <span class='ocrx_word' id='word_1_297' title='bbox 384 4203 450 4264; x_wconf 89' lang='lat' dir='ltr'>suis</span> <span class='ocrx_word' id='word_1_298' title='bbox 481 4201 723 4284; x_wconf 89' lang='lat' dir='ltr'>adjudicatoriis</span> <span class='ocrx_word' id='word_1_299' title='bbox 755 4203 926 4286; x_wconf 89' lang='lat' dir='ltr'>superinde</span> <span class='ocrx_word' id='word_1_300' title='bbox 958 4203 1074 4266; x_wconf 90' lang='lat' dir='ltr'>secutis</span> <span class='ocrx_word' id='word_1_301' title='bbox 1112 4223 1240 4266; x_wconf 89' lang='lat' dir='ltr'>causam</span> <span class='ocrx_word' id='word_1_302' title='bbox 1268 4203 1445 4286; x_wconf 89' lang='lat' dir='ltr'>predictam</span> 
     </span>
     <span class='ocr_line' id='line_1_36' title="bbox 174 4307 1444 4390; baseline -0.001 -18"><span class='ocrx_word' id='word_1_303' title='bbox 174 4307 369 4372; x_wconf 90' lang='lat' dir='ltr'>reinchoare</span> <span class='ocrx_word' id='word_1_304' title='bbox 393 4323 425 4373; x_wconf 92' lang='lat' dir='ltr'>et</span> <span class='ocrx_word' id='word_1_305' title='bbox 448 4309 600 4372; x_wconf 89' lang='lat' dir='ltr'>suscitare</span> <span class='ocrx_word' id='word_1_306' title='bbox 632 4328 669 4372; x_wconf 88' lang='lat' dir='ltr'>ac</span> <span class='ocrx_word' id='word_1_307' title='bbox 701 4309 733 4372; x_wconf 92' lang='lat' dir='ltr'>iu</span> <span class='ocrx_word' id='word_1_308' title='bbox 758 4310 871 4372; x_wconf 89' lang='lat' dir='ltr'>eadem</span> <span class='ocrx_word' id='word_1_309' title='bbox 906 4310 1056 4372; x_wconf 89' lang='lat' dir='ltr'>denovo</span> <span class='ocrx_word' id='word_1_310' title='bbox 1080 4323 1171 4372; x_wconf 88' lang='lat' dir='ltr'>etex</span> <span class='ocrx_word' id='word_1_311' title='bbox 1203 4329 1289 4372; x_wconf 92' lang='lat' dir='ltr'>novo</span> <span class='ocrx_word' id='word_1_312' title='bbox 1314 4329 1444 4390; x_wconf 88' lang='lat' dir='ltr'>respon·</span> 
     </span>
     <span class='ocr_line' id='line_1_37' title="bbox 174 4415 1445 4500; baseline -0.001 -23"><span class='ocrx_word' id='word_1_313' title='bbox 174 4415 256 4478; x_wconf 91' lang='lat' dir='ltr'>dere</span> <span class='ocrx_word' id='word_1_314' title='bbox 280 4415 507 4498; x_wconf 88' lang='lat' dir='ltr'>valest&#39;atque</span> <span class='ocrx_word' id='word_1_315' title='bbox 531 4416 642 4499; x_wconf 89' lang='lat' dir='ltr'>possit.</span> <span class='ocrx_word' id='word_1_316' title='bbox 667 4417 708 4478; x_wconf 90' lang='lat' dir='ltr'>Et</span> <span class='ocrx_word' id='word_1_317' title='bbox 724 4417 798 4499; x_wconf 87' lang='lat' dir='ltr'>quia</span> <span class='ocrx_word' id='word_1_318' title='bbox 816 4415 958 4500; x_wconf 83' lang='lat' dir='ltr'>prefatus</span> <span class='ocrx_word' id='word_1_319' title='bbox 981 4417 1134 4480; x_wconf 89' lang='lat' dir='ltr'>dominus</span> <span class='ocrx_word' id='word_1_320' title='bbox 1150 4431 1257 4479; x_wconf 88' lang='lat' dir='ltr'>noster</span> <span class='ocrx_word' id='word_1_321' title='bbox 1281 4435 1334 4478; x_wconf 90' lang='lat' dir='ltr'>rex</span> <span class='ocrx_word' id='word_1_322' title='bbox 1351 4415 1445 4478; x_wconf 90' lang='lat' dir='ltr'>nobis</span> 
     </span>
     <span class='ocr_line' id='line_1_38' title="bbox 174 4521 1444 4607; baseline -0.001 -23"><span class='ocrx_word' id='word_1_323' title='bbox 174 4522 245 4584; x_wconf 89' lang='lat' dir='ltr'>suis</span> <span class='ocrx_word' id='word_1_324' title='bbox 268 4521 395 4604; x_wconf 90' lang='lat' dir='ltr'>scriptis</span> <span class='ocrx_word' id='word_1_325' title='bbox 418 4521 585 4585; x_wconf 89' lang='lat' dir='ltr'>mandavit</span> <span class='ocrx_word' id='word_1_326' title='bbox 616 4522 649 4585; x_wconf 87' lang='lat' dir='ltr'>iu</span> <span class='ocrx_word' id='word_1_327' title='bbox 682 4523 783 4586; x_wconf 89' lang='lat' dir='ltr'>literis</span> <span class='ocrx_word' id='word_1_328' title='bbox 806 4537 837 4586; x_wconf 90' lang='lat' dir='ltr'>et</span> <span class='ocrx_word' id='word_1_329' title='bbox 860 4524 1013 4607; x_wconf 87' lang='lat' dir='ltr'>precepit,</span> <span class='ocrx_word' id='word_1_330' title='bbox 1044 4538 1203 4607; x_wconf 87' lang='lat' dir='ltr'>quatenus</span> <span class='ocrx_word' id='word_1_331' title='bbox 1226 4523 1361 4606; x_wconf 88' lang='lat' dir='ltr'>receptis</span> <span class='ocrx_word' id='word_1_332' title='bbox 1385 4522 1444 4584; x_wconf 89' lang='lat' dir='ltr'>eis·</span> 
     </span>
     <span class='ocr_line' id='line_1_39' title="bbox 174 4628 1445 4714; baseline 0 -24"><span class='ocrx_word' id='word_1_333' title='bbox 174 4628 253 4690; x_wconf 90' lang='lat' dir='ltr'>dem</span> <span class='ocrx_word' id='word_1_334' title='bbox 278 4628 311 4689; x_wconf 91' lang='lat' dir='ltr'>in</span> <span class='ocrx_word' id='word_1_335' title='bbox 336 4647 403 4690; x_wconf 89' lang='lat' dir='ltr'>uuo</span> <span class='ocrx_word' id='word_1_336' title='bbox 427 4643 514 4691; x_wconf 91' lang='lat' dir='ltr'>certo</span> <span class='ocrx_word' id='word_1_337' title='bbox 538 4643 570 4691; x_wconf 89' lang='lat' dir='ltr'>et</span> <span class='ocrx_word' id='word_1_338' title='bbox 594 4629 681 4692; x_wconf 92' lang='lat' dir='ltr'>brevi</span> <span class='ocrx_word' id='word_1_339' title='bbox 713 4631 853 4693; x_wconf 88' lang='lat' dir='ltr'>termino</span> <span class='ocrx_word' id='word_1_340' title='bbox 885 4649 941 4714; x_wconf 91' lang='lat' dir='ltr'>per</span> <span class='ocrx_word' id='word_1_341' title='bbox 964 4649 1024 4692; x_wconf 93' lang='lat' dir='ltr'>nos</span> <span class='ocrx_word' id='word_1_342' title='bbox 1048 4631 1124 4713; x_wconf 90' lang='lat' dir='ltr'>ipsis</span> <span class='ocrx_word' id='word_1_343' title='bbox 1156 4629 1300 4712; x_wconf 87' lang='lat' dir='ltr'>partibus</span> <span class='ocrx_word' id='word_1_344' title='bbox 1323 4629 1445 4712; x_wconf 86' lang='lat' dir='ltr'>prelixo</span> 
     </span>
     <span class='ocr_line' id='line_1_40' title="bbox 175 4733 1446 4819; baseline 0.001 -23"><span class='ocrx_word' id='word_1_345' title='bbox 175 4733 302 4796; x_wconf 89' lang='lat' dir='ltr'>eisdem</span> <span class='ocrx_word' id='word_1_346' title='bbox 326 4735 427 4798; x_wconf 90' lang='lat' dir='ltr'>nostri</span> <span class='ocrx_word' id='word_1_347' title='bbox 452 4736 484 4797; x_wconf 89' lang='lat' dir='ltr'>in</span> <span class='ocrx_word' id='word_1_348' title='bbox 510 4736 708 4819; x_wconf 90' lang='lat' dir='ltr'>presenciam</span> <span class='ocrx_word' id='word_1_349' title='bbox 742 4738 936 4816; x_wconf 87' lang='lat' dir='ltr'>convocatis,</span> <span class='ocrx_word' id='word_1_350' title='bbox 968 4757 1097 4800; x_wconf 91' lang='lat' dir='ltr'>causam</span> <span class='ocrx_word' id='word_1_351' title='bbox 1121 4736 1257 4798; x_wconf 90' lang='lat' dir='ltr'>eandem</span> <span class='ocrx_word' id='word_1_352' title='bbox 1283 4735 1390 4798; x_wconf 89' lang='lat' dir='ltr'>denuo</span> <span class='ocrx_word' id='word_1_353' title='bbox 1415 4749 1446 4797; x_wconf 91' lang='lat' dir='ltr'>et</span> 
     </span>
     <span class='ocr_line' id='line_1_41' title="bbox 175 4839 1445 4926; baseline 0 -22"><span class='ocrx_word' id='word_1_354' title='bbox 175 4861 216 4904; x_wconf 87' lang='lat' dir='ltr'>ex</span> <span class='ocrx_word' id='word_1_355' title='bbox 242 4859 329 4902; x_wconf 90' lang='lat' dir='ltr'>novo</span> <span class='ocrx_word' id='word_1_356' title='bbox 353 4839 538 4923; x_wconf 87' lang='lat' dir='ltr'>adjudicare</span> <span class='ocrx_word' id='word_1_357' title='bbox 563 4857 734 4925; x_wconf 91' lang='lat' dir='ltr'>partesque</span> <span class='ocrx_word' id='word_1_358' title='bbox 759 4845 840 4906; x_wconf 88' lang='lat' dir='ltr'>inter</span> <span class='ocrx_word' id='word_1_359' title='bbox 869 4844 953 4926; x_wconf 90' lang='lat' dir='ltr'>ipsas</span> <span class='ocrx_word' id='word_1_360' title='bbox 976 4844 1009 4905; x_wconf 91' lang='lat' dir='ltr'>in</span> <span class='ocrx_word' id='word_1_361' title='bbox 1033 4842 1117 4906; x_wconf 87' lang='lat' dir='ltr'>facto</span> <span class='ocrx_word' id='word_1_362' title='bbox 1142 4843 1300 4906; x_wconf 91' lang='lat' dir='ltr'>dictarum</span> <span class='ocrx_word' id='word_1_363' title='bbox 1331 4843 1445 4904; x_wconf 90' lang='lat' dir='ltr'>stacio·</span> 
     </span>
     <span class='ocr_line' id='line_1_42' title="bbox 174 4947 1445 5033; baseline 0.002 -23"><span class='ocrx_word' id='word_1_364' title='bbox 174 4967 258 5010; x_wconf 89' lang='lat' dir='ltr'>num</span> <span class='ocrx_word' id='word_1_365' title='bbox 281 4967 318 5010; x_wconf 90' lang='lat' dir='ltr'>sc</span> <span class='ocrx_word' id='word_1_366' title='bbox 342 4947 461 5010; x_wconf 92' lang='lat' dir='ltr'>domus</span> <span class='ocrx_word' id='word_1_367' title='bbox 484 4961 515 5012; x_wconf 89' lang='lat' dir='ltr'>et</span> <span class='ocrx_word' id='word_1_368' title='bbox 539 4947 714 5012; x_wconf 85' lang='lat' dir='ltr'>fundorum</span> <span class='ocrx_word' id='word_1_369' title='bbox 740 4949 825 5030; x_wconf 85' lang='lat' dir='ltr'>juxta</span> <span class='ocrx_word' id='word_1_370' title='bbox 850 4950 1037 5012; x_wconf 86' lang='lat' dir='ltr'>earumdem</span> <span class='ocrx_word' id='word_1_371' title='bbox 1061 4951 1204 5033; x_wconf 88' lang='lat' dir='ltr'>parcium</span> <span class='ocrx_word' id='word_1_372' title='bbox 1229 4949 1297 5030; x_wconf 89' lang='lat' dir='ltr'>jura</span> <span class='ocrx_word' id='word_1_373' title='bbox 1321 4963 1352 5010; x_wconf 91' lang='lat' dir='ltr'>et</span> <span class='ocrx_word' id='word_1_374' title='bbox 1376 4949 1445 5012; x_wconf 90' lang='lat' dir='ltr'>lite-</span> 
     </span>
     <span class='ocr_line' id='line_1_43' title="bbox 175 5055 1444 5140; baseline 0 -23"><span class='ocrx_word' id='word_1_375' title='bbox 175 5055 260 5118; x_wconf 78' lang='lat' dir='ltr'>ralis</span> <span class='ocrx_word' id='word_1_376' title='bbox 294 5055 507 5118; x_wconf 82' lang='lat' dir='ltr'>instrumenta</span> <span class='ocrx_word' id='word_1_377' title='bbox 536 5057 783 5140; x_wconf 85' lang='lat' dir='ltr'>probabilisque</span> <span class='ocrx_word' id='word_1_378' title='bbox 815 5058 1007 5119; x_wconf 86' lang='lat' dir='ltr'>documenta</span> <span class='ocrx_word' id='word_1_379' title='bbox 1040 5057 1195 5138; x_wconf 82' lang='lat' dir='ltr'>judicium</span> <span class='ocrx_word' id='word_1_380' title='bbox 1225 5071 1255 5118; x_wconf 91' lang='lat' dir='ltr'>et</span> <span class='ocrx_word' id='word_1_381' title='bbox 1287 5057 1444 5139; x_wconf 84' lang='lat' dir='ltr'>justiciam</span> 
     </span>
    </p>
   </div>
   <div class='ocr_carea' id='block_1_5' title="bbox 1346 5165 1382 5228">
    <p class='ocr_par' dir='ltr' id='par_1_5' title="bbox 1346 5165 1382 5228">
     <span class='ocr_line' id='line_1_44' title="bbox 1346 5165 1382 5228; baseline 0 0"><span class='ocrx_word' id='word_1_382' title='bbox 1346 5165 1382 5228; x_wconf 90' lang='lat'>¹7</span> 
     </span>
    </p>
   </div>
   <div class='ocr_carea' id='block_1_6' title="bbox 0 0 1853 5782">
    <p class='ocr_par' dir='ltr' id='par_1_6' title="bbox 0 0 1853 5782">
     <span class='ocr_line' id='line_1_45' title="bbox 0 0 1853 5782; baseline 0 0"><span class='ocrx_word' id='word_1_383' title='bbox 0 0 1853 5782; x_wconf 95' lang='lat' dir='ltr'> </span> 
     </span>
    </p>
   </div>
  </div>
 </body>
</html>
