3838 5786
424 547 485 625 368
830 547 1030 623 Ann01470.
1055 581 1099 590 -
1124 561 1168 607 rr.
1193 547 1272 607 maii.

423 763 518 836 Feria
549 775 672 856 quarta
703 769 855 855 proxima
885 775 961 856 post
981 766 1103 838 festum
1132 765 1365 855 Apparicionis
1394 768 1482 837 beati
1514 766 1683 840 Michaelis

952 892 1157 978 archangeli.

973 1047 1018 1124 (9.
1045 1045 1140 1120 nenia),

529 1186 605 1247 Item
639 1186 670 1246 in
703 1205 796 1246 causa
830 1184 998 1264 juramenti
1024 1199 1055 1246 et
1087 1205 1180 1259 cause
1205 1205 1261 1267 per
1292 1186 1412 1266 juratos
1442 1185 1623 1267 adjudicate
1654 1185 1684 1245 in

423 1291 506 1353 iacto
531 1292 728 1374 receptionis
753 1292 892 1352 duorum
918 1293 1038 1352 bovum
1068 1311 1123 1372 per
1149 1292 1323 1374 plebanum
1350 1294 1448 1354 sancti
1476 1293 1612 1353 Emerici
1640 1313 1685 1352 ra·

422 1399 515 1459 cione
540 1398 639 1459 debiti
666 1397 777 1459 decem
803 1417 972 1479 pensarum
993 1399 1198 1458 denariorum
1217 1399 1451 1481 campanatoris
1474 1413 1580 1460 nostre
1598 1417 1683 1460 com·

422 1505 597 1583 munitatis,
621 1504 661 1566 de
686 1525 751 1585 quo
776 1503 897 1586 judicio
917 1505 1058 1585 ipsorum
1081 1504 1256 1584 juratorum
1283 1507 1349 1588 ipae
1367 1505 1503 1568 Mathias
1528 1525 1591 1566 noo
1610 1524 1686 1566 con-

422 1625 528 1672 tentus
552 1611 728 1692 appellavit
752 1611 792 1671 ad
819 1631 876 1671 nos
901 1611 1044 1672 seniores
1075 1609 1207 1690 judices,
1232 1612 1263 1672 in
1289 1631 1354 1692 quo
1387 1610 1470 1672 facto
1495 1631 1554 1672 nos
1578 1611 1683 1672 taliter

425 1719 613 1798 reperimus,
638 1718 726 1798 quod
765 1717 844 1778 illud
870 1716 1085 1798 juramentum
1107 1719 1165 1778 sibi
1200 1718 1417 1798 adjudicatum
1446 1717 1685 1796 confirmamus,

423 1824 465 1883 ita
489 1839 607 1901 tamen,
633 1825 709 1884 dum
735 1823 862 1902 jurabit,
887 1823 974 1904 quod
1000 1838 1075 1885 tunc
1101 1825 1167 1905 ipsc
1197 1825 1354 1886 Achacius
1378 1827 1409 1885 in
1434 1845 1498 1886 nna
1523 1839 1611 1906 parte
1636 1844 1684 1883 so-

423 1930 561 1992 lutionis
587 1931 727 2012 ipsorum
752 1933 883 2008 bovum,
908 1931 939 1990 in
957 1931 1096 1992 secunda
1122 1931 1188 2012 ipse
1208 1932 1344 1993 Mathias
1367 1951 1464 2012 gener
1482 1930 1685 2013 Symwnych,

423 2052 453 2098 et
479 2037 509 2096 in
535 2037 630 2097 tercia
662 2057 720 2096 nos
744 2038 959 2098 communitas
990 2038 1094 2098 cidem
1121 2037 1261 2098 Achacio
1286 2039 1409 2099 solvere
1441 2040 1623 2100 tenebimur
1646 2038 1683 2098 ad

422 2143 673 2224 superfluitatem
700 2143 826 2204 illarum
851 2143 962 2204 decem
982 2163 1151 2225 pensarum
1170 2144 1374 2205 denariorum
1401 2165 1479 2225 quas
1503 2145 1683 2224 obligamur

425 2251 654 2331 campanatori.

423 2487 519 2560 Fcria
548 2496 643 2559 sexta
682 2493 835 2577 proxima
864 2499 940 2578 post
981 2491 1103 2561 festum
1132 2489 1366 2579 hpparicionis
1396 2487 1484 2560 beati
1514 2490 1684 2560 Michaelis

953 2613 1158 2702 archangeli.

966 2768 1025 2842 (Il.
1050 2768 1143 2832 maii).

530 2909 607 2970 item
633 2910 708 2988 quia
723 2907 899 2990 Elyzabetb
915 2908 1023 2969 relicta
1042 2907 1179 2968 condam
1196 2907 1342 2990 Dyonisii
1361 2909 1455 2985 ribar,
1473 2905 1684 2988 Pieschcycha

424 3014 519 3091 dicta,
545 3015 759 3094 juramentum
785 3015 843 3074 sibi
870 3014 1087 3094 adjudicatum
1113 3033 1172 3096 pro
1197 3014 1261 3074 illis
1289 3015 1415 3090 debitis,
1440 3033 1504 3093 que
1528 3027 1683 3074 certarum

425 3141 529 3182 rerum
556 3141 611 3202 ρετ
637 3121 735 3202 ipsam
761 3121 799 3181 ad
827 3121 930 3202 ipsum
958 3121 1148 3202 Dyonisium
1184 3134 1421 3202 apportatarum
1448 3134 1478 3180 ct
1503 3140 1559 3200 per
1584 3121 1680 3201 ipsam

423 3247 495 3289 cum
528 3228 648 3288 eisdem
681 3228 896 3308 expositarum
928 3242 1072 3307 tempore
1098 3226 1256 3307 iudicatus
1288 3225 1451 3287 Benedicti
1487 3225 1602 3306 judicis
1627 3225 1680 3286 filii

425 3334 569 3414 Georgii,
593 3347 702 3395 contra
728 3335 847 3394 Lucam
874 3333 974 3394 filium
1001 3333 1143 3394 eiusdem
1175 3333 1319 3415 Dyonisii
1346 3333 1474 3393 racione
1499 3332 1681 3412 quindecim

425 3461 595 3523 pensarum
619 3441 824 3502 denariorum
851 3441 986 3522 prestitit
1011 3455 1045 3500 ut
1069 3441 1190 3501 debuit.

532 3547 608 3608 Item
643 3547 718 3627 quia
752 3548 878 3608 Marcus
910 3548 1072 3608 Korosecz
1104 3547 1208 3608 dictus
1239 3548 1279 3608 de
1305 3546 1463 3628 Pobresya
1497 3559 1606 3606 contra
1631 3545 1684 3604 Fa-

424 3655 555 3716 bianum
571 3653 745 3736 Bankoych
760 3654 864 3735 primo
878 3654 991 3714 citatus
1005 3673 1069 3714 non
1084 3654 1264 3735 comparuit
1276 3673 1383 3714 coram
1403 3653 1496 3713 nobis
1510 3653 1541 3712 in
1558 3651 1683 3730 judicio.

530 3761 606 3822 Item
633 3759 784 3820 dominus
810 3761 920 3820 Petrus
945 3759 1032 3821 Oroz
1068 3761 1241 3822 canonicus
1273 3759 1469 3822 chasmensis
1506 3773 1615 3820 contra
1640 3778 1683 3818 re·

423 3867 530 3927 lictam
557 3867 694 3926 condam
721 3867 848 3926 Martini
875 3865 999 3948 judicis,
1028 3867 1077 3926 cui
1104 3866 1196 3928 datus
1214 3864 1273 3926 fuit
1298 3866 1505 3947 comparendi
1532 3865 1684 3926 terminus

424 3974 550 4034 racione
576 3973 692 4033 domus
717 3972 860 4033 eiusdem
886 3973 1021 4033 condam
1050 3973 1189 4050 Martini,
1223 3973 1297 4033 bina
1323 3973 1391 4032 vice
1417 3993 1480 4032 non
1507 3970 1684 4052 comparuit

423 4099 529 4140 coram
556 4079 658 4140 nobis.

530 4185 606 4246 Item
632 4185 662 4246 in
689 4183 772 4245 iacto
798 4185 1012 4266 percussionis
1037 4183 1193 4246 Anthonii
1219 4183 1298 4246 fabri
1323 4198 1353 4246 et
1377 4183 1505 4246 Thome
1532 4183 1683 4259 Bradach,

423 4291 510 4372 quod
537 4291 697 4352 mutilavit
720 4291 779 4352 sibi
806 4291 954 4371 digitum,
978 4290 1070 4370 jurati
1097 4291 1332 4372 adjudicarunt,
1357 4291 1444 4372 quod
1471 4291 1536 4371 ipse
1563 4290 1682 4351 Antho-

424 4399 495 4458 nius
519 4397 745 4458 secundusmet
770 4396 872 4476 jurare
897 4398 1058 4458 tenebitur
1090 4397 1178 4479 quod
1203 4399 1270 4480 ipse
1290 4398 1433 4458 Thomas
1458 4397 1530 4459 lesit
1555 4417 1628 4459 eum
1653 4396 1681 4456 in

424 4504 543 4584 digito;
569 4517 599 4565 et
624 4503 700 4564 dum
725 4503 852 4584 jurabit,
878 4505 944 4584 ipse
974 4503 1119 4565 Thomas
1150 4504 1312 4565 tenebitur
1342 4505 1465 4564 solvere
1491 4503 1597 4564 eidem
1623 4507 1684 4562 An·

423 4609 537 4671 thonio
562 4610 675 4690 viginti
701 4611 845 4690 quinque
871 4630 984 4691 pensas
1008 4611 1213 4672 denariorum
1239 4623 1270 4671 et
1294 4610 1516 4671 communitati
1543 4610 1683 4690 quinque

423 4737 547 4799 pensas,
573 4731 603 4777 et
628 4717 755 4777 medico
780 4715 970 4779 satisfacere.

530 4824 606 4884 item
626 4824 656 4883 in
681 4821 765 4884 facto
784 4824 875 4884 bovis
899 4844 955 4904 per
974 4824 1091 4884 Lucam
1110 4835 1249 4884 sutorem
1272 4821 1390 4902 recepti
1409 4822 1537 4882 Martini
1558 4817 1682 4901 Ranycb

424 4932 510 5008 dicti,
534 4930 625 5010 jurati
652 4929 886 5008 adjudicarunt,
911 4930 999 5010 quod
1026 4930 1091 5011 ipse
1119 4929 1274 4990 Martinus
1298 4928 1403 5010 jurare
1427 4929 1589 4990 tenebitur
1613 4943 1681 4986 curn

423 5057 534 5097 socero
565 5057 635 5114 su0‚
668 5037 755 5116 quod
783 5037 848 5116 ipse
874 5039 932 5096 bos
963 5057 1039 5096 suus
1072 5036 1219 5116 proprius
1252 5034 1321 5112 fuit,
1354 5055 1451 5115 quern
1477 5036 1593 5095 bovem
1619 5035 1680 5112 ipse
