3838 5786
405 545 464 605 39²
782 529 868 584 Anno
891 537 979 604 1472.
1005 559 1044 570 -
1069 540 1120 604 24,
1136 526 1291 604 januarii.

510 738 587 800 Item
613 757 741 800 causam
768 738 849 798 inter
866 737 1065 820 Stephanum
1088 754 1119 801 et
1144 739 1264 800 Lucam
1281 751 1406 800 sutores
1423 753 1453 800 et
1478 739 1560 801 inter
1584 740 1667 800 Mar-

402 845 506 906 tinam
531 844 692 906 literatum
718 857 749 906 et
773 843 908 905 Paulum
933 842 1036 906 filium
1061 844 1211 928 Fudrych
1235 845 1364 906 racione
1389 845 1557 907 irruicions
1581 847 1669 928 ipso·

403 971 474 1013 rum
510 951 636 1013 Martini
670 951 787 1013 literati
820 965 850 1011 et
875 951 965 1012 Pauli
997 971 1093 1034 super
1124 952 1211 1034 ipsos
1242 951 1441 1034 Stephanum
1473 967 1504 1014 et
1537 953 1669 1031 Lucam,

403 1056 492 1139 quod
518 1058 585 1140 ipse
611 1058 713 1119 Lucas
738 1071 768 1118 et
786 1056 967 1138 Stephanus
984 1057 1089 1138 jurare
1105 1060 1301 1121 tenebuntur
1325 1057 1403 1121 feria
1419 1075 1504 1120 sexta
1523 1059 1669 1140 proxime

405 1180 552 1245 ventura,
584 1166 671 1246 quod
697 1164 757 1246 ipsi
781 1164 910 1244 sagittas
943 1164 1043 1246 ipsius
1067 1166 1196 1228 Martini
1228 1165 1344 1228 literati
1369 1185 1519 1247 superse
1543 1185 1669 1246 recepe-

404 1287 477 1333 runt
502 1285 533 1334 et
558 1272 687 1334 easdem
712 1270 954 1346 destruxerunt;
979 1285 1010 1334 et
1033 1271 1110 1333 dum
1136 1271 1297 1352 jurabunt,
1322 1285 1397 1334 tunc
1421 1272 1488 1354 ipse
1514 1271 1670 1333 Martinus

404 1377 548 1440 literatus
565 1392 596 1439 et
620 1377 738 1438 Paulus
755 1377 986 1439 convincentur
1004 1391 1114 1439 contra
1132 1377 1264 1440 eosdem
1282 1377 1481 1461 Stephanum
1501 1391 1531 1440 et
1548 1378 1669 1438 Lucam

404 1485 435 1546 in
460 1481 545 1546 facto
570 1483 717 1565 potencie
742 1483 871 1544 racione
895 1483 1093 1566 recepcionis
1117 1485 1193 1566 palii
1218 1498 1249 1546 et
1272 1485 1359 1567 pilei.

512 1589 588 1652 Item
615 1590 690 1670 quia
723 1590 835 1672 Mysek
867 1588 1007 1652 famulus
1034 1590 1125 1651 Pauli
1158 1591 1312 1653 institoris
1342 1591 1451 1671 generi
1478 1589 1669 1673 Scrinarych

404 1697 570 1759 dominam
595 1695 731 1757 Elenam
764 1709 945 1757 consortem
979 1695 1093 1778 judicis
1124 1697 1223 1759 nostri
1258 1696 1404 1758 moderni
1437 1697 1477 1758 ad
1509 1697 1666 1778 judicium

404 1804 555 1865 citaverat
579 1822 686 1864 coram
710 1803 815 1882 nobis,
840 1822 903 1883 que
928 1802 1060 1865 domina
1090 1803 1270 1885 comparuit
1293 1804 1349 1865 sed
1374 1805 1441 1886 ipse
1466 1803 1577 1886 Mysek
1602 1823 1668 1866 non

404 1910 593 1992 comparuit.

510 2016 588 2078 ltem
613 2017 688 2099 quia
712 2016 824 2078 Petrus
848 2017 978 2099 sellipar
1003 2016 1117 2078 Konch
1150 2017 1264 2098 dictus,
1288 2017 1393 2099 primo
1418 2016 1532 2078 citatus
1556 2030 1669 2078 contra

406 2119 539 2184 Gallum
553 2123 859 2202 sutorem,vicinum
872 2141 978 2202 suum,
992 2143 1057 2185 non
1071 2125 1251 2204 comparuit
1261 2123 1292 2184 in
1307 2123 1427 2204 iudicio
1442 2142 1550 2184 coram
1564 2123 1670 2184 nohis.

511 2229 589 2291 ltem
614 2249 740 2292 causam
767 2243 797 2292 et
821 2229 940 2291 factum
965 2229 1054 2312 quod
1076 2227 1170 2310 jurati
1198 2228 1464 2309 adjudicaverunt
1481 2228 1590 2290 Marco
1608 2229 1671 2290 Ve-

405 2348 480 2395 neto
506 2334 626 2414 Italico,
659 2335 747 2418 quod
780 2336 847 2418 ipse
878 2335 1034 2416 percussit
1066 2353 1137 2396 cum
1172 2335 1320 2396 manibus
1352 2335 1393 2396 ad
1425 2334 1611 2397 cathernum
1638 2335 1670 2396 in

404 2441 595 2502 consistorio
619 2455 649 2503 et
666 2441 797 2522 judicio,
822 2461 880 2524 pro
898 2441 1098 2522 quoquidem
1116 2438 1199 2502 lacto
1224 2441 1359 2502 inhibita
1378 2439 1439 2502 fuit
1458 2441 1562 2502 eidem
1582 2441 1671 2502 nulla

405 2546 529 2627 justicia
554 2547 768 2610 administrari
802 2565 971 2630 quousque
1003 2547 1070 2628 ipse
1101 2566 1166 2608 non
1196 2547 1356 2610 obtineret
1386 2548 1513 2609 veniam
1539 2567 1557 2609 a
1582 2566 1670 2609 com·

405 2653 580 2730 munitate;
601 2674 697 2735 super
729 2654 929 2736 quoquidem
962 2649 1046 2714 facto
1079 2672 1138 2715 nos
1173 2653 1388 2716 communitas
1421 2654 1526 2735 ipsum
1550 2652 1670 2716 lactum

405 2758 511 2820 eidem
544 2761 653 2822 Marco
685 2761 809 2822 Veneto
841 2759 963 2823 remisit
997 2772 1028 2821 et
1060 2759 1201 2822 eundem
1237 2759 1366 2822 racione
1398 2761 1506 2842 previa
1531 2760 1670 2822 liberum

404 2867 558 2948 permisit.

564 3104 660 3178 laria
690 3115 789 3179 sexta
818 3114 894 3196 post
923 3107 1046 3180 festum
1075 3105 1213 3180 Fabiani
1243 3117 1276 3180 et
1304 3107 1502 3180 sebastiani.

629 3259 694 3340 (24.
711 3262 860 3336 januarii
879 3281 949 3322 ann.
976 3276 1064 3340 1472.
1091 3295 1131 3306 -
1155 3261 1219 3322 Hic
1241 3261 1435 3343 inemptum).

513 3401 590 3462 ltem
616 3402 690 3482 quia
709 3402 825 3464 mulier
843 3423 922 3465 uxor
940 3402 1059 3486 Gylian
1077 3403 1300 3466 dehonestavit
1325 3405 1494 3488 providam
1518 3405 1669 3466 ancillam

406 3507 493 3589 Jalsy
511 3508 627 3568 dictam
646 3527 718 3569 cum
743 3509 836 3570 malis
854 3510 929 3570 viris
945 3511 997 3572 vel
1014 3511 1121 3592 pueris
1138 3510 1281 3594 (nexum)
1300 3510 1428 3591 habere,
1445 3511 1623 3573 diffamavit
1639 3525 1671 3573 et

407 3613 468 3674 luit
491 3627 580 3696 capta
607 3627 637 3676 et
661 3615 770 3696 punita
797 3616 872 3696 quia
898 3615 999 3697 ipsam
1024 3617 1165 3697 puellam
1196 3617 1296 3678 multe
1322 3619 1421 3699 probe
1454 3618 1607 3680 mulieres
1630 3617 1670 3680 de

407 3720 473 3801 ipsa
492 3718 622 3781 infamia
642 3735 877 3801 expurgatum,
899 3721 986 3782 illam
1005 3741 1121 3803 penam
1144 3722 1231 3804 quod
1249 3721 1310 3785 fuit
1334 3724 1461 3784 detenta
1485 3724 1592 3785 subite
1616 3725 1671 3786 de·

410 3828 501 3904 beat,
534 3842 566 3887 et
596 3827 622 3886 si
654 3827 787 3888 ulterius
819 3827 880 3889 hoc
913 3828 1153 3910 perpetraverit,
1187 3849 1304 3911 penam
1336 3830 1531 3911 portationis
1555 3829 1673 3912 lapidis

407 3952 463 4015 per
477 3933 648 4012 civitatem,
662 3947 693 3994 et
705 3931 755 4015 (si)
765 3953 797 3995 se
811 3954 876 3996 non
895 3935 1125 4014 mandaverit,
1139 3937 1274 4016 turpiter
1288 3935 1327 3996 de
1342 3937 1468 3997 civitate
1483 3937 1672 4019 expellatur.

513 4038 590 4100 ltem
617 4059 744 4100 causam
770 4041 852 4102 inter
877 4039 1009 4102 Gallum
1030 4055 1172 4102 sutorem
1197 4056 1228 4104 et
1252 4042 1381 4104 Petrum
1406 4042 1518 4104 Koncz
1541 4043 1673 4104 racione

409 4145 644 4206 verberacionis
661 4161 692 4208 et
714 4148 866 4208 trusionis
883 4147 990 4208 uxoris
1007 4147 1151 4209 eiusdem
1169 4147 1266 4227 Galli,
1284 4147 1377 4230 jurati
1395 4149 1672 4231 adjudicaverunt,

407 4251 495 4332 quod
520 4252 595 4332 quia
613 4253 680 4334 ipse
698 4253 809 4314 Petrus
833 4253 920 4314 solus
938 4272 1002 4314 non
1027 4255 1156 4335 negavit
1179 4255 1280 4337 ipsam
1297 4256 1485 4333 trusionem,
1504 4255 1579 4318 ideo
1596 4276 1673 4318 con-

407 4357 509 4418 victus
533 4371 643 4418 contra
667 4378 798 4420 uxorem
825 4359 969 4420 eiusdem
995 4358 1082 4421 Galli
1107 4361 1273 4423 convictus
1301 4375 1347 4422 est
1372 4362 1403 4422 in
1428 4362 1540 4424 decem
1565 4363 1675 4444 pensis

408 4463 613 4524 denariorum
639 4479 670 4526 et
694 4479 822 4527 centum
848 4465 988 4527 denariis
1012 4466 1043 4526 in
1078 4468 1362 4543 communitatem
1394 4467 1434 4528 de
1459 4487 1525 4549 quo
1549 4468 1673 4550 judicio

408 4570 475 4652 ipse
500 4570 610 4632 Petrus
635 4572 745 4633 Koncz
770 4573 944 4654 appellavit
969 4573 1000 4633 in
1025 4574 1225 4655 presenciam
1249 4574 1412 4636 seniorum
1437 4573 1592 4655 judicum.

514 4675 591 4737 ltem
617 4678 677 4758 ipsi
702 4679 859 4740 Martinus
890 4679 1034 4741 literatus
1057 4691 1088 4740 et
1121 4680 1240 4742 Paulus
1272 4679 1421 4764 Fudrych
1454 4681 1568 4743 eadem
1592 4681 1673 4745 feria

408 4795 493 4844 sexta
526 4783 629 4864 iurare
661 4787 855 4847 tenebuntur
886 4787 918 4847 in
954 4807 1007 4848 ara
1042 4801 1150 4849 sancte
1175 4785 1306 4864 Crucis,
1338 4788 1426 4868 quod
1460 4788 1520 4870 ipsi
1553 4803 1674 4852 eotunc

409 4889 539 4970 quando
566 4891 623 4972 ipsi
650 4907 838 4974 receperunt
861 4893 983 4974 palium
1009 4907 1040 4956 et
1064 4894 1197 4976 pileum,
1222 4913 1287 4955 non
1312 4909 1501 4977 receperunt
1525 4897 1672 4978 quinque

408 4995 467 5056 flor
502 5015 573 5057 cum
600 4997 730 5078 cingulo
756 5013 786 5060 et
810 5001 920 5076 bursa;
946 5015 976 5061 et
1001 4999 1078 5061 dum
1103 5000 1264 5081 jurabunt,
1288 5013 1364 5062 tunc
1389 5015 1482 5063 erunt
1506 5002 1610 5065 liberi.
