3644 5788
561 557 648 614 Anno
671 553 765 634 1460.
790 589 833 600 -
856 571 884 617 1.
908 558 1034 631 augusti.
1372 575 1424 638 ¹9¹

169 768 262 848 ipsam
281 780 401 828 terram
419 766 571 826 arabilem
598 767 815 828 mediantibus
832 765 908 848 ipsis
929 765 1028 828 literis
1044 765 1160 826 nostris
1180 765 1337 843 vendidit,
1356 766 1429 827 ideo

170 875 229 956 ipse
255 894 321 936 non
347 887 394 935 est
417 874 476 934 sibi
503 893 533 934 tn
559 873 653 955 culpa
677 874 765 954 quod
791 873 857 954 ipsa
882 886 965 936 tetta
989 890 1036 934 est
1060 873 1099 934 ab
1124 892 1163 934 eo
1180 872 1366 954 dijudicata.

269 998 348 1060 Item
375 996 452 1059 leria
476 1011 562 1059 sexta
586 997 732 1080 proxima
754 1011 827 1080 post
851 1009 996 1059 octavam
1015 995 1084 1058 lesti
1111 999 1201 1058 beatc
1228 997 1428 1078 Margarcthe

171 1105 266 1166 Fratre
292 1118 403 1167 contra
429 1103 566 1166 Grexam
601 1103 816 1185 juramentum
850 1103 1013 1186 deponere
1038 1103 1168 1165 habebit
1202 1103 1233 1164 in
1260 1124 1309 1182 eo,
1342 1103 1429 1184 quod

170 1211 230 1293 ipse
256 1213 384 1274 nullum
410 1212 588 1293 dampnum
613 1211 645 1272 in
670 1211 800 1293 sepibus
829 1211 929 1292 ipsius
953 1209 1059 1272 Grexe
1085 1209 1158 1272 lecit
1185 1229 1242 1272 nec
1268 1210 1385 1272 intulit.

351 1448 447 1522 Feria
476 1459 575 1522 sexta
605 1451 639 1520 in
667 1447 806 1522 Vincula
836 1451 945 1521 sancti
974 1447 1065 1520 Petri
1093 1448 1248 1539 aposloli.

695 1603 735 1680 (1.
759 1605 901 1680 augutu).

270 1742 348 1804 ltem
375 1743 486 1804 Petrus
510 1743 637 1804 Draken
656 1742 798 1806 secundo
822 1743 935 1806 citatus
952 1761 1010 1824 pto
1030 1761 1128 1803 uxore
1153 1761 1218 1804 non
1236 1742 1427 1824 comparuit.

270 1865 349 1928 ltem
383 1865 561 1946 Elyzabeth
593 1867 703 1930 relicta
739 1867 895 1929 lobannis
930 1866 1006 1929 dicti
1044 1867 1173 1950 Poyeya
1205 1867 1429 1950 comprobavit

173 1972 356 2032 testimonio
386 1971 556 2034 sufficienti
581 1992 640 2054 pro
672 1973 811 2055 quadam
845 1973 1016 2036 medietate
1050 1974 1154 2052 vinee,
1179 1993 1276 2034 unam
1309 1971 1429 2034 medie·

168 2091 267 2138 tatem¹
288 2078 449 2140 vendendi
476 2091 507 2139 et
530 2098 590 2161 pro
623 2079 729 2142 anima
753 2100 809 2142 sua
843 2077 1025 2162 exponendi
1051 2093 1081 2141 et
1113 2099 1170 2162 pro
1196 2079 1347 2140 domibus
1371 2080 1429 2160 lig-

170 2203 293 2248 norum.

268 2290 347 2352 ltem
374 2289 520 2352 Thomas
543 2305 644 2352 sartor
675 2289 707 2354 id
740 2291 965 2374 comprobavit
997 2311 1069 2352 cum
1094 2289 1265 2353 sufficienti
1298 2305 1328 2354 et
1353 2291 1428 2352 fide-

169 2395 263 2477 digno
288 2397 485 2476 testimonio,
518 2397 605 2478 quod
633 2396 793 2478 Georgius
824 2411 925 2459 sartor
956 2395 1041 2458 filius
1065 2397 1241 2459 Ztanltonis
1265 2397 1305 2459 de
1330 2397 1429 2480 Schy-

168 2515 267 2584 taryo,
291 2503 433 2564 concivis
458 2515 575 2582 noster,
600 2503 739 2564 eundem
766 2503 929 2565 Thonram
960 2501 1036 2565 fecit
1068 2516 1272 2566 executorem
1297 2503 1337 2566 de
1360 2523 1428 2566 om·

168 2608 259 2670 nibus
283 2610 377 2670 bouis
401 2609 467 2670 suis
491 2609 523 2671 in
547 2610 707 2672 territorio
738 2610 873 2672 civitatis
907 2610 1117 2673 existentibus
1142 2625 1175 2672 ut
1201 2611 1266 2692 ipse
1292 2624 1430 2693 exponat

168 2711 251 2793 juxta
276 2715 511 2777 conscienciam
536 2735 626 2777 suam
651 2736 709 2800 pro
742 2717 849 2778 anima
874 2737 949 2793 sua;
982 2731 1012 2778 et
1041 2715 1101 2778 hoc
1133 2717 1219 2778 idem
1245 2715 1305 2779 fuit
1330 2715 1430 2778 lassus

168 2821 357 2884 Valentinus
380 2821 476 2884 frater
500 2843 577 2884 suus
601 2823 737 2884 carnalis
762 2823 791 2884 in
810 2843 947 2905 persona
972 2843 1028 2884 sua
1053 2836 1084 2885 et
1108 2823 1206 2905 patris
1230 2823 1278 2885 sui
1298 2822 1427 2886 factum.

271 2946 347 3008 ltem
366 2947 449 3008 inter
465 2946 628 3009 Thomam
647 2945 774 3031 Glezyu
792 2961 823 3009 et
847 2947 976 3010 Petrum
994 2946 1165 3030 pellificem
1185 2947 1287 3010 filium
1308 2947 1428 3010 Matbie

168 3049 241 3113 dicti
276 3051 419 3130 Gudecz,
444 3053 528 3114 idem
561 3053 671 3115 omnia
706 3052 787 3115 lacta
819 3073 876 3136 per
907 3053 1157 3136 disposicionem
1190 3053 1367 3136 proborum
1400 3069 1430 3115 et

167 3158 375 3238 providorum
392 3159 534 3220 virorum
553 3159 662 3221 omnia
688 3159 770 3220 inter
794 3160 890 3242 ipsos,
908 3179 1006 3241 quam
1024 3159 1173 3221 utensilia
1198 3159 1314 3220 domus
1331 3179 1428 3240 quam

167 3263 267 3326 eciam
290 3265 352 3326 alie
376 3285 426 3328 res
450 3285 507 3347 per
531 3279 664 3327 matrem
691 3265 791 3348 ipsius
816 3266 900 3327 Petri
933 3279 1005 3350 post
1034 3279 1169 3326 mortem
1196 3265 1295 3347 ipsius
1320 3265 1430 3326 mattis

166 3389 220 3431 sue
244 3389 306 3452 que
331 3385 563 3450 remanserunt,
587 3391 683 3454 super
707 3371 858 3432 omnibus
882 3371 1023 3434 eundem
1040 3371 1203 3433 Thomam
1229 3371 1316 3433 misit
1339 3371 1429 3452 quie·

167 3489 232 3536 tum
258 3490 288 3539 et
311 3477 497 3560 expeditum
523 3478 553 3538 in
579 3497 715 3559 persona
740 3497 796 3538 sua
822 3478 909 3540 etin
934 3497 1068 3558 persona
1094 3477 1264 3558 patrissui
1289 3476 1345 3538 tali
1370 3479 1429 3538 sub

169 3581 370 3662 condicione,
396 3583 485 3665 quod
520 3584 782 3666 quandocunque
815 3583 933 3664 aliquis
965 3583 1098 3644 istorum
1131 3583 1431 3666 vel-quorumlibet

168 3687 228 3749 boc
253 3688 369 3751 lactum
395 3691 542 3768 moverit,
566 3705 642 3753 tunc
670 3691 702 3752 in
727 3691 839 3752 decem
858 3689 973 3751 marcis
998 3702 1178 3752 remaneret
1194 3689 1274 3771 parti
1299 3688 1430 3750 adverse

168 3807 197 3854 et
223 3795 255 3856 in
279 3796 415 3858 totidem
439 3795 548 3877 judici.

272 3919 348 3982 ltem
373 3919 537 3982 lohannes
560 3920 721 3983 Wcrchelt
739 3921 842 3983 dictus
867 3920 898 3982 id
923 3939 996 3982 curn
1014 3919 1183 3982 sufficienti
1210 3932 1240 3981 et
1264 3917 1428 3998 fidedigno

167 4025 350 4087 testimonio
368 4027 602 4108 comprobavit,
628 4028 715 4108 quod
741 4028 877 4089 condam
897 4027 1007 4088 Petrus
1031 4047 1148 4110 auceps
1165 4026 1306 4088 concivis
1324 4037 1431 4086 noster

169 4131 306 4193 eundem
332 4131 514 4194 lobannem
538 4133 699 4196 Wcrchelt
722 4131 795 4194 fecit
819 4147 1022 4195 executorem
1040 4152 1133 4194 suum
1159 4151 1254 4214 super
1279 4131 1431 4193 omnibus

168 4237 261 4298 bonis
283 4239 359 4317 suis,
384 4252 418 4300 ut
442 4239 507 4320 ipse
532 4252 670 4320 exponat
694 4240 931 4302 conscienciose
956 4239 1042 4320 juxta
1067 4239 1300 4300 conscienciam
1327 4255 1429 4298 suam.

273 4361 348 4424 ltem
374 4362 450 4444 quia
469 4363 569 4424 Elena
587 4363 695 4424 relicta
721 4363 857 4425 condam
876 4362 996 4424 thani
1014 4361 1154 4444 agricole
1180 4361 1303 4422 insede
1322 4372 1429 4421 nostra

167 4466 332 4546 judiciaria
356 4468 388 4529 id
414 4488 486 4531 cum
511 4467 682 4530 sufficienti
715 4483 746 4531 et
770 4467 934 4550 fidedigno
966 4468 1163 4548 testimonio,
1188 4467 1338 4528 videlicet
1366 4465 1429 4526 dis·

168 4574 244 4635 creti
267 4575 327 4636 viri
353 4574 477 4638 domini
503 4575 670 4638 Michaelis
695 4575 853 4660 capellani
875 4575 1008 4636 ecclesie
1033 4575 1133 4636 sancti
1159 4575 1255 4636 Marci
1282 4592 1431 4652 ewange-

167 4679 249 4758 liste,
279 4682 512 4764 comprobavit,
546 4695 579 4743 ut
602 4683 679 4743 dum
713 4682 779 4765 ipse
812 4681 844 4742 in
876 4681 1026 4742 extremis
1059 4681 1122 4742 vite
1155 4699 1211 4742 sue
1242 4678 1430 4762 temporalis

168 4785 351 4866 laborasset,
367 4801 443 4849 tunc
469 4788 536 4870 ipse
553 4787 716 4869 quandam
742 4787 876 4849 domum
901 4807 990 4848 suam
1009 4787 1105 4848 simul
1122 4807 1196 4848 cum
1222 4785 1334 4862 fundo,
1352 4786 1427 4846 item

168 4891 251 4954 duos
273 4895 371 4956 boves
388 4907 418 4956 et
442 4894 597 4976 quasdam
623 4907 747 4975 segetes
764 4909 794 4956 et
810 4894 872 4956 alia
897 4894 1005 4955 omnia
1024 4893 1171 4954 clenodia
1190 4891 1310 4974 prelate
1329 4891 1429 4952 Elene

169 5002 305 5062 consorti
329 5022 386 5063 sue
411 5003 580 5081 legavisset
605 5015 636 5063 et
660 5001 840 5062 dimisisset.
