3694 5782
532 525 618 582 Anno
637 521 731 602 1464.
755 557 799 570 -
820 539 853 600 9.
877 526 1046 586 novembris.
1361 529 1418 588 261

159 756 222 800 noo
250 738 339 800 venit
373 755 480 818 neque
512 735 638 798 mittere
670 733 803 815 curavit,
836 735 904 819 ipae
936 755 1013 798 vero
1047 735 1223 820 Dyoniaius
1246 740 1425 822 comparuit

156 857 187 907 et
210 843 450 908 contumaciam
475 842 544 906 eiua
568 843 737 906 accusavit.

316 1009 413 1086 Feria
441 1017 539 1086 sexta
568 1013 722 1104 proxima
757 1019 833 1102 post
861 1011 985 1086 testam
1014 1011 1102 1086 beati
1132 1013 1263 1088 Briccii.

658 1145 725 1229 (16.
749 1147 935 1224 novembris).

265 1273 344 1336 Item
377 1292 471 1336 causa
501 1271 584 1335 inter
608 1271 817 1336 Mathkooem
848 1283 1070 1336 successorem
1097 1273 1234 1337 condam
1271 1274 1425 1338 iohannis

153 1379 316 1442 carnificis
339 1379 515 1463 Banychyn
540 1379 628 1458 dicti,
652 1391 684 1442 et
707 1379 790 1442 inter
805 1377 1009 1442 Anthonium
1034 1379 1223 1464 Oprasnych
1248 1395 1294 1444 est
1310 1401 1421 1465 proro-

154 1499 230 1568 gata
257 1485 297 1548 ad
314 1486 454 1570 primum
467 1485 636 1568 judicium,
652 1483 741 1567 quod
758 1485 825 1569 ipse
843 1485 939 1549 debet
955 1485 1061 1550 eidem
1080 1486 1199 1549 Mathie
1217 1487 1422 1570 respondere.
1495 1527 1498 1532 ι

264 1592 344 1656 Item
368 1612 497 1656 causam
514 1591 597 1655 inter
621 1592 765 1656 Blaaium
781 1591 932 1676 juratum,
952 1605 1119 1672 sartorem,
1143 1607 1175 1657 et
1191 1594 1274 1658 inter
1296 1595 1421 1659 Antho-

152 1699 248 1762 nium
273 1699 463 1783 Oprasnych
487 1699 617 1762 racione
633 1699 915 1764 dehonestaciooie
938 1719 995 1783 per
1011 1700 1117 1784 ipsum
1141 1702 1342 1765 Anthonium
1361 1704 1420 1788 ipsi

151 1807 264 1869 Blasio
287 1804 381 1887 facte,
405 1807 499 1888 jurati
523 1825 626 1889 usque
650 1806 791 1889 primum
823 1805 978 1888 judicium
1003 1823 1226 1890 prorogarunt.

262 1913 340 1977 Item
372 1933 499 1976 caueam
532 1913 615 1976 inter
646 1911 837 1976 Thomasko
867 1912 1019 1994 juratum,
1051 1927 1218 1994 sartorem,
1242 1931 1273 1979 et
1296 1915 1422 1980 Antho-

151 2021 250 2083 nium
274 2020 475 2104 Oprasnych,
498 2018 683 2082 Anthonius
706 2019 824 2101 jurabit
848 2017 927 2082 feria
950 2033 1038 2082 sexta
1061 2021 1217 2104 proxima,
1242 2023 1330 2105 quod
1357 2024 1422 2106 ipse

151 2127 198 2190 nil
226 2128 279 2191 vel
304 2127 469 2190 modicum
493 2125 717 2189 dehonestavit
740 2144 873 2189 uxorem
897 2145 998 2189 suam.

264 2235 342 2298 Item
365 2254 495 2298 eausam
519 2235 603 2298 inter
626 2245 807 2297 consortem
833 2233 952 2296 Mathie
971 2233 1170 2316 Tergowecz
1194 2249 1226 2298 et
1245 2236 1327 2298 inter
1344 2257 1421 2300 uxo·

151 2361 223 2404 rem
258 2341 377 2404 Mathie
409 2339 629 2425 Kerzowaych
661 2339 790 2402 racione
821 2339 1057 2402 verberationis
1088 2342 1245 2404 consortis
1278 2343 1421 2406 eiusdem

151 2447 278 2512 Mathie
302 2448 512 2532 Tergowecz,
536 2448 604 2532 ipsa
627 2465 759 2510 consors
782 2443 895 2530 prefati
914 2446 1033 2510 Matbie
1058 2447 1177 2530 jurabit
1200 2449 1420 2530 recunduntor,

150 2571 182 2619 et
208 2555 290 2618 dum
313 2555 442 2637 jurabit,
465 2569 541 2617 tunc
563 2553 668 2616 solvet
692 2553 877 2635 birsagium.

262 2661 340 2724 Item
364 2680 493 2724 cauum
510 2680 569 2744 pro
586 2659 709 2723 fecibus
732 2660 831 2743 vulgo
852 2661 981 2745 zmethy
997 2673 1028 2724 et
1044 2661 1206 2725 cineribus
1223 2663 1322 2745 vulgo
1338 2661 1420 2726 teath

150 2768 261 2848 dictis,
286 2768 383 2832 Blasii
407 2765 571 2847 aurifabri,
594 2767 688 2850 jurati
722 2765 958 2850 adjudicarunt,
990 2768 1078 2850 quod
1107 2769 1171 2831 illis
1195 2769 1314 2832 debent
1337 2769 1417 2850 dari,

148 2875 207 2958 qui
235 2875 365 2938 easdem
389 2875 478 2958 prius
502 2887 688 2938 arestarunt.

260 2980 339 3042 Item
363 2999 492 3044 causam
523 2981 606 3043 inter
637 2979 832 3063 Gregorium
864 2979 1013 3066 Burdych
1045 2995 1077 3044 et
1113 2981 1315 3064 Stephanum
1347 3001 1417 3066 pre·

148 3107 280 3167 conem,
305 3088 393 3170 quod
425 3085 487 3150 suit
517 3089 711 3167 verberatus,
743 3087 838 3170 jurati
870 3087 1105 3170 adjudicarunt,
1129 3089 1218 3170 quod
1242 3089 1317 3171 quia
1351 3090 1417 3172 ipse

149 3195 333 3278 Gregorius
355 3215 422 3258 non
446 3193 507 3258 fuit
537 3195 666 3278 paciens
697 3207 729 3258 et
759 3193 926 3275 obediens,
951 3195 1026 3278 quia
1059 3215 1124 3258 non
1149 3195 1293 3258 miritae
1317 3195 1416 3258 libere

147 3302 270 3364 ducere
295 3301 336 3364 ad
368 3320 539 3382 carcerem,
570 3301 603 3363 id
627 3300 716 3384 quod
747 3301 870 3364 invenit
898 3315 929 3364 et
961 3301 1049 3384 quod
1081 3303 1266 3365 verberatus
1289 3300 1359 3383 fuit,
1384 3302 1416 3364 id

148 3407 309 3471 sustinere
334 3407 480 3487 debebat,
506 3407 585 3470 alias
616 3406 713 3470 debet
743 3426 810 3470 esse
843 3407 1016 3486 obediens;
1048 3407 1088 3470 de
1113 3427 1178 3492 quo
1202 3407 1323 3489 judicio
1348 3408 1416 3492 ipse

149 3515 332 3599 Gregorius
356 3535 422 3578 non
447 3527 616 3578 contentus
639 3514 814 3598 appellavit
837 3515 877 3577 ad
902 3515 1053 3580 seniores.

255 3622 335 3684 Item
371 3641 500 3684 causam
541 3622 623 3684 inter
659 3621 790 3684 Petrum
827 3621 958 3712 Dragyn
993 3635 1024 3684 et
1059 3620 1224 3684 Thomam
1265 3620 1416 3703 juratum,

148 3727 288 3792 Cheden
313 3728 446 3807 dictum,
469 3727 562 3810 jurati
587 3727 823 3810 adjudicarunt,
843 3727 931 3810 quod
956 3726 1096 3810 prefatus
1117 3725 1263 3789 Thomas
1280 3725 1415 3790 Cheden

146 3835 269 3918 jurabit
293 3835 449 3898 aolusmet
471 3835 504 3898 in
529 3854 580 3914 eo,
601 3833 690 3917 quod
707 3834 774 3918 ipse
799 3854 864 3897 non
889 3835 1036 3918 promisit
1054 3835 1113 3917 ipsi
1131 3834 1226 3896 Petro
1250 3833 1325 3896 dare
1343 3853 1415 3917 por·

147 3943 278 4006 cionem
305 3941 390 4022 salis,
414 3955 445 4004 et
469 3941 537 4024 ipae
562 3941 673 4004 Petrus
701 3960 767 4004 non
799 3939 905 4004 iorum
931 3939 1005 4004 fecit
1035 3960 1094 4024 pro
1119 3939 1233 4004 eodem
1258 3939 1323 4004 sale
1359 3943 1415 4004 sed

145 4047 343 4132 sibimetipsi
367 4048 473 4132 ipsum
497 4046 643 4110 Thomas
666 4048 874 4131 comparavit.

258 4155 338 4218 ltem
348 4173 475 4218 causam
486 4155 568 4218 inter
578 4155 706 4218 Petrum
717 4167 832 4238 pyntar
846 4167 877 4218 et
893 4151 1095 4216 Anthonium
1119 4151 1308 4236 Oprasnych
1318 4153 1411 4236 jurati

145 4275 367 4346 prorogarunt
389 4262 430 4324 ad
457 4261 597 4345 primum
623 4261 778 4344 judicium
802 4261 918 4341 taliter,
944 4261 1031 4342 quod
1049 4261 1116 4344 ipse
1142 4260 1253 4322 Petrus
1276 4263 1411 4343 probare
1483 4327 1486 4336 ,

146 4369 284 4434 debebit
300 4381 332 4432 et
346 4381 442 4432 testea
465 4367 654 4451 producere,
672 4367 761 4450 quod
779 4368 845 4452 ipae
859 4367 914 4430 illa
939 4367 1077 4449 dampna
1096 4365 1170 4430 iecit
1183 4367 1289 4430 eidem
1308 4367 1412 4431 Petro.

213 4535 312 4612 Feria
341 4537 446 4612 tercia
475 4541 629 4629 proxima
668 4544 747 4610 ante
774 4537 897 4611 festum
930 4534 1019 4609 beati
1047 4535 1178 4608 Andree
1206 4533 1359 4625 apostoli.

638 4673 701 4751 (27.
728 4672 910 4750 membres).

254 4795 332 4859 Item
364 4795 548 4860 Anthonius
579 4795 737 4880 Chaykyn
770 4796 884 4873 dictus,
916 4795 948 4857 in
974 4793 1058 4857 facto
1090 4791 1258 4856 fractionis
1290 4793 1413 4856 kouche

146 4902 296 4967 eiusdem
322 4901 442 4966 Mathie
467 4903 628 4986 arcuparis
663 4903 741 4964 civia
765 4903 848 4966 dicte
874 4902 1011 4964 civitatis
1034 4901 1249 4984 juramentum
1273 4900 1333 4963 sibi
1358 4901 1412 4962 ad-

148 5009 332 5094 judicatum
357 5009 493 5095 prestitit
517 5023 552 5074 ut
573 5009 694 5073 debuit.
