3738 5786
612 546 698 604 Anno
721 556 811 622 1452.
837 579 877 588 -
902 560 930 606 1.
953 545 1125 620 septembris.

234 763 332 837 Feria
360 773 459 838 sexte
489 769 643 856 proxima
671 775 748 856 post
776 767 898 838 festum
927 766 1171 838 Decolleclonis
1199 767 1310 838 sancti
1337 765 1503 856 Jobannis

784 891 948 980 Baptiste.

738 1043 782 1122 (1.
805 1042 994 1118 septembris).

340 1201 420 1264 Item
446 1201 623 1285 Gregorius
646 1201 826 1284 lutifigulus
850 1215 959 1264 contre
981 1201 1184 1264 Anthonium
1210 1202 1502 1264 molendinatorem

233 1307 379 1370 secundo
404 1308 519 1370 citatus
543 1327 608 1370 non
633 1309 823 1392 comparuit.

341 1414 422 1476 Item
455 1415 575 1476 Paulus
605 1430 707 1478 sartor
737 1430 846 1478 contra
879 1415 1042 1478 Andream
1074 1430 1215 1478 sutorem
1252 1415 1357 1498 primo
1390 1415 1504 1476 citatus

236 1540 302 1582 non
328 1521 519 1604 comparuit.

343 1627 422 1690 Item
440 1628 517 1710 quia
542 1629 688 1692 Andreas
704 1629 790 1691 filius
808 1629 975 1692 Michaelis
992 1629 1032 1692 de
1049 1627 1202 1712 Grengya
1219 1649 1317 1712 penes
1339 1649 1393 1692 sex
1409 1641 1505 1712 testes

234 1753 310 1796 suos
334 1735 434 1796 tercio
459 1755 492 1797 se
508 1735 654 1818 personis
669 1735 729 1797 sibi
746 1735 909 1798 similibus
925 1736 1076 1799 videlicet
1093 1755 1166 1798 cum
1191 1734 1293 1797 Paulo
1309 1733 1376 1797 filio
1402 1735 1503 1796 Bene-

236 1841 312 1903 dicti
338 1857 467 1904 etcum
493 1841 623 1926 Mstbye
649 1841 716 1906 filio
741 1841 844 1922 Pauli,
869 1843 1127 1924 conjuratoribus
1149 1841 1225 1922 suis,
1248 1841 1385 1924 ipsemet
1407 1859 1503 1924 super

236 1949 356 2010 collum
383 1948 483 2032 ipsius
507 1949 626 2011 collum
652 1949 795 2012 eiusdem
821 1969 903 2032 eque
928 1949 1067 2032 litigiose
1092 1949 1318 2032 amplexand0,
1342 1948 1501 2030 juramen·

236 2071 306 2117 tum
330 2055 391 2144 sibi
416 2075 512 2138 super
529 2076 567 2118 eo
588 2055 808 2138 adjudicatum
825 2057 1002 2119 secundum
1021 2055 1300 2139 adjudicscionem
1324 2054 1501 2136 juratorum

236 2161 334 2224 hodie
357 2163 496 2245 prestitit
520 2177 551 2225 et
574 2162 734 2246 deposuit,
758 2177 793 2225 ut
816 2163 883 2246 ipsa
906 2183 989 2245 equs
1007 2179 1053 2226 est
1076 2184 1151 2226 vera
1175 2183 1224 2226 res
1249 2163 1348 2246 ipsius
1371 2161 1501 2224 Andree

238 2281 269 2331 et
292 2269 324 2330 in
350 2269 450 2331 domo
475 2269 618 2331 eiusdem
651 2271 779 2332 Andree
811 2285 858 2334 est
890 2285 962 2333 nata
988 2284 1018 2334 et
1050 2271 1199 2350 enutrita,
1223 2285 1254 2332 et
1277 2269 1381 2332 adhuc
1406 2268 1502 2331 habet

236 2389 372 2437 matrem
397 2387 428 2438 et
450 2395 594 2438 sororem
620 2377 652 2438 in
687 2376 786 2440 domo
818 2377 961 2439 eiusdem
987 2379 1128 2457 Andree,
1160 2377 1234 2440 ideo
1259 2378 1326 2460 ipsa
1350 2395 1432 2458 eque
1456 2389 1502 2439 est

238 2482 298 2544 sibi
322 2482 500 2564 assignem
525 2483 571 2544 illi
589 2496 695 2546 sutem
721 2483 777 2566 qui
795 2484 1009 2547 vendiderunt
1033 2485 1134 2568 ipsam
1159 2503 1242 2546 unus
1266 2483 1357 2546 alteri
1388 2501 1500 2545 eorum

237 2587 332 2652 debet
357 2587 549 2652 satisfacere.

343 2696 421 2758 ltem
446 2696 522 2778 quia
547 2695 724 2780 Elyzabeth
749 2717 829 2759 uxor
846 2697 985 2760 Emerici
1009 2697 1107 2760 hodie
1128 2697 1342 2780 juramentum
1361 2696 1421 2757 sibi
1446 2695 1500 2756 sd·

237 2802 412 2884 judicatum
444 2803 629 2886 nuperrime
661 2803 859 2886 perjuratus
891 2819 1000 2867 contra
1032 2805 1204 2868 Nicolaum
1235 2803 1371 2868 Chehko
1403 2801 1501 2865 hodie

236 2929 331 2992 super
363 2930 402 2972 eo
432 2910 570 2992 prestitit
593 2924 624 2972 et
656 2909 815 2992 deposuit,
848 2925 882 2974 ut
906 2911 974 2994 ipss
1007 2911 1113 2974 eidem
1144 2911 1282 2974 Nicolso
1307 2909 1442 2972 Chehko
1467 2909 1499 2970 in

237 3016 372 3079 domum
396 3037 485 3078 suam
512 3017 638 3078 nullum
662 3017 864 3100 sortilegium
897 3019 1004 3100 posuit
1028 3039 1088 3081 nec
1112 3019 1172 3081 sibi
1205 3017 1289 3096 lecit,
1313 3017 1369 3080 sed
1394 3017 1425 3078 in
1451 3030 1499 3077 to·

236 3123 292 3186 tali
317 3123 448 3186 accione
472 3143 527 3186 sua
554 3123 709 3186 innocens
733 3139 779 3186 est
803 3125 930 3208 penitus
954 3140 985 3188 et
1010 3126 1163 3206 inmunis,
1188 3125 1261 3187 ideo
1286 3125 1388 3207 ipsam
1413 3141 1500 3186 com·

239 3229 385 3292 misimus
408 3229 550 3312 quietem
575 3229 658 3292 facto
683 3231 714 3291 in
740 3229 866 3294 eodem.

342 3337 421 3398 ltem
446 3335 522 3418 quia
546 3337 712 3398 Emericus
743 3351 832 3399 sutor
863 3338 998 3400 servitor
1030 3339 1117 3401 Luce
1148 3338 1264 3400 sutoris
1286 3337 1354 3398 sola
1387 3355 1443 3398 sus
1468 3335 1499 3397 in

236 3462 373 3526 persona
397 3463 453 3525 ρετ
478 3443 756 3524 adjudicscionem
789 3444 967 3527 juratorum
999 3444 1214 3527 juramentum
1247 3443 1383 3526 prestitit
1404 3462 1500 3525 super

236 3568 322 3612 eram
346 3569 442 3632 super
466 3569 515 3629 eo,
548 3563 582 3612 ut
606 3550 673 3632 ipse
705 3551 839 3633 pilleum
874 3551 1048 3634 pelliceum
1082 3551 1248 3614 Michaelis
1279 3549 1384 3632 jurati,
1408 3549 1499 3632 pelli·

237 3654 314 3734 licis,
337 3676 404 3718 non
429 3657 594 3735 subtraxit,
619 3655 674 3718 sed
699 3657 730 3718 in
757 3658 910 3741 Capitulo
945 3659 1144 3741 zagrebiensi
1169 3679 1186 3720 s
1211 3657 1354 3739 quodem
1380 3676 1499 3718 meree·

238 3765 327 3826 nario
350 3783 410 3847 pro
435 3784 492 3826 sus
509 3763 645 3847 pecunia
670 3765 798 3848 propria
820 3766 1028 3848 comparavit,
1052 3766 1126 3828 ideo
1143 3767 1247 3849 ipsum
1272 3784 1368 3847 super
1384 3763 1499 3825 eodem

238 3871 323 3954 pileo
346 3870 549 3932 reddidimus
573 3884 604 3932 et
627 3873 848 3934 commisimus
880 3873 1083 3956 expeditum3
1116 3873 1220 3956 ipsum
1245 3885 1351 3933 sutem
1377 3871 1499 3953 pileum

238 3977 415 4060 pellicium,
439 3997 494 4059 per
510 3977 754 4060 juramentslem
780 3978 1020 4062 deposicionem
1046 3999 1143 4062 qnam
1161 3999 1256 4062 super
1279 3977 1394 4040 eodem
1412 3976 1499 4058 pileo

235 4103 289 4167 ρετ
312 4082 593 4160 adjudicecionem
617 4082 794 4166 juratorum
819 4086 955 4168 prestitit
979 4086 1046 4168 ipse
1072 4084 1209 4147 Michael
1233 4083 1375 4168 pellifex,
1393 4084 1498 4145 eidem

235 4190 383 4253 Michaeli
409 4189 540 4274 pellifici
565 4189 700 4254 lecimus
723 4193 889 4256 restituere
913 4193 1037 4274 justicia
1061 4193 1253 4276 requirente.

429 4411 465 4482 ln
494 4413 580 4486 festo
609 4413 700 4485 beati
729 4413 835 4504 Egidli
865 4416 997 4488 abbatis
1027 4422 1060 4488 et
1088 4415 1300 4488 confessoris.

737 4565 781 4648 (1.
805 4567 994 4650 septembris).

339 4687 422 4752 Item
447 4689 523 4771 quin
548 4689 680 4752 domina
704 4691 898 4772 Magdalena
930 4705 1053 4771 vocata,
1077 4690 1143 4753 filia
1177 4693 1313 4755 condem
1348 4693 1499 4776 Gasparis

237 4795 323 4878 olym
348 4794 445 4876 jurati
470 4807 500 4856 et
523 4796 665 4858 concivis
692 4797 803 4876 nostri,
827 4797 884 4859 filii
908 4797 1045 4860 condem
1071 4799 1207 4881 Myklini
1239 4799 1364 4880 judicis,
1390 4800 1496 4864 relicta

236 4921 310 4964 vero
334 4901 476 4964 condam
501 4901 656 4964 lohannis
672 4903 839 4983 carnificis,
864 4905 942 4966 alies
967 4905 1082 4967 ansek
1099 4906 1216 4985 vocati,
1241 4907 1328 4989 olym
1353 4907 1499 4968 similiter

239 5009 377 5071 concivis
402 5009 514 5091 nostri,
539 5029 624 5072 nunc
648 5029 723 5080 vero
749 5031 880 5079 consors
904 5011 1059 5096 legittima
1085 5012 1144 5075 viri
1170 5013 1296 5096 providi
1322 5013 1499 5076 Clementis
