3738 5786
550 539 636 595 Anne
660 534 751 614 1456.
776 571 817 582 -
842 552 886 599 11.
910 539 1068 598 decembris.

331 643 411 649 ..—.--
428 643 484 649 .--.
588 643 629 650 ..μ
661 645 783 650 -—-.-.—

170 749 283 810 monio
311 763 474 810 certorum
499 746 738 828 fidedignorum
755 747 897 810 virorum
924 749 1120 826 rescivimus,
1137 750 1226 830 quod
1254 749 1319 830 ipse
1338 749 1440 812 dictos

170 869 313 936 quatuor
338 873 448 915 saccos
471 853 586 915 salium
620 853 659 914 de
686 854 755 936 ipso
787 855 910 936 oppido
933 857 993 916 sub
1020 854 1168 937 Kerchky
1199 855 1277 935 grad
1303 855 1438 918 domum

172 961 338 1035 conduxit,
371 974 468 1040 prout
492 959 593 1020 eciam
625 959 713 1020 solus
744 973 790 1022 est
822 959 934 1037 lassus,
967 960 1041 1022 ideo
1074 981 1130 1042 per
1161 961 1439 1040 adjudicacionem

174 1066 353 1147 juratorum
378 1065 533 1127 remansit
564 1065 597 1126 in
625 1066 694 1146 ipsa
726 1066 930 1148 obligatione
955 1067 1009 1143 ita,
1041 1067 1129 1148 quod
1154 1067 1255 1148 ipsius
1278 1067 1353 1128 salis
1377 1065 1440 1128 due

175 1187 279 1255 partes
304 1172 451 1256 predicto
476 1171 614 1234 Johanni
631 1171 729 1251 judici
754 1185 786 1234 et
813 1173 910 1234 tercia
933 1193 1005 1254 pars
1021 1171 1119 1252 judici
1143 1185 1174 1234 et
1191 1171 1300 1246 iuratis
1328 1171 1440 1234 cedere

173 1280 288 1341 debeat
313 1279 353 1339 de
378 1277 466 1360 jure3
490 1279 528 1339 de
554 1297 619 1360 quo
645 1277 764 1357 judicio
789 1281 882 1340 ambe
907 1293 1012 1360 partes
1035 1292 1109 1340 sunt
1131 1291 1290 1340 contente.

279 1385 361 1447 ltem
386 1385 462 1466 quia
488 1385 590 1446 Lucas
615 1399 714 1463 sutor,
739 1385 872 1464 juratus,
898 1386 929 1446 id
946 1404 1019 1446 curn
1044 1385 1171 1446 duobus
1194 1385 1328 1446 testibus
1352 1383 1440 1446 vide·

171 1493 244 1554 licet
277 1491 446 1554 Anthonio
478 1505 596 1569 sutore,
628 1489 743 1570 jurat0,
775 1505 903 1552 etcum
936 1491 1030 1553 Petro
1064 1491 1211 1552 Kathana
1244 1489 1439 1552 sufficienter

173 1598 408 1681 comprobavit,
433 1597 521 1679 quod
546 1597 614 1680 ipse
637 1597 778 1658 lucratus
803 1595 914 1658 fuisset
938 1617 1009 1660 cum
1031 1598 1149 1659 taxillis
1173 1617 1190 1657 a
1216 1597 1365 1658 Ladislao
1390 1597 1437 1679 ju·

174 1718 241 1766 rato
264 1723 387 1786 genero
413 1703 582 1766 Laurencii
607 1703 761 1765 institoris
796 1704 948 1764 tredecim
974 1723 1047 1764 cum
1072 1703 1179 1764 media
1204 1723 1318 1785 pensas
1342 1703 1439 1764 dena·

173 1811 306 1889 riorum,
340 1810 414 1871 ideo
446 1809 540 1890 jurati
573 1809 674 1892 ipsam
707 1828 835 1870 causam
868 1810 912 1870 sic
944 1807 1220 1890 adjudicaverunt,
1253 1810 1340 1890 quod
1374 1809 1440 1891 ipse

175 1917 344 1979 ladislaus
368 1917 448 1978 duas
472 1930 577 1998 partes
609 1915 765 1978 dictarum
801 1917 1009 1998 pecuniarum
1044 1915 1188 1998 predicto
1215 1916 1300 1976 Luce
1325 1916 1439 1997 jurato,

174 2039 205 2086 et
228 2024 327 2106 judici
353 2043 389 2085 ac
414 2023 524 2106 juratis
547 2023 679 2085 terciam
703 2035 845 2106 partem;
870 2023 910 2083 de
942 2041 1008 2104 quo
1033 2021 1154 2104 judicio
1180 2023 1246 2104 ipse
1273 2021 1441 2083 ladislaus

174 2150 239 2192 non
263 2143 435 2192 contentus
459 2129 633 2212 appellavit
657 2129 793 2190 eandem
821 2148 949 2190 causam
973 2129 1013 2190 ad
1038 2127 1195 2209 judicium
1218 2129 1394 2192 seniorum.

212 2313 309 2389 leria
338 2325 437 2388 sexta
466 2317 619 2405 proxima
657 2326 734 2406 post
761 2317 884 2386 lestnm
913 2315 1147 2404 Concepcionis
1175 2315 1271 2386 beate
1301 2315 1405 2388 llarie

650 2461 780 2530 semper
808 2441 964 2530 virginis.

674 2594 737 2669 (10.
761 2591 935 2668 decembris).

279 2735 360 2796 ltem
386 2733 537 2815 magister
562 2734 708 2796 Matheus
726 2733 870 2796 notarius
887 2733 1023 2794 civitatis
1048 2747 1156 2795 contra
1185 2734 1312 2794 Petrum
1337 2731 1440 2794 filium

178 2843 342 2904 Benedicti
368 2841 491 2904 Brodar
515 2840 656 2902 secundo
681 2841 795 2902 citatus
819 2859 884 2902 non
909 2840 1100 2921 comparuit.

279 2949 359 3010 ltem
384 2947 551 3009 Emericus
576 2945 664 3008 iaber
698 2947 801 3009 dictus
825 2947 949 3008 Ztanko
982 2961 1092 3007 contra
1117 2947 1258 3008 relictam
1285 2945 1440 3008 Anthonii

176 3054 255 3118 labri
279 3056 387 3138 primo
412 3056 526 3116 citatus
550 3074 615 3116 non
640 3054 832 3136 comparuit.

277 3162 357 3225 ltem
383 3161 560 3244 Gregorius
583 3159 762 3242 lutifigulus
778 3175 888 3223 contra
917 3161 1059 3222 relictam
1079 3159 1216 3222 condam
1244 3161 1372 3222 Andree
1389 3180 1440 3222 su-

177 3269 253 3329 toris
276 3269 384 3350 primo
408 3268 521 3330 citatus
546 3287 611 3328 non
636 3268 826 3349 comparuit.

280 3376 357 3438 ltem
384 3375 493 3436 relicta
518 3374 657 3436 condam
682 3374 811 3436 Thome
836 3374 990 3436 institoris
1014 3373 1090 3436 dicti
1109 3373 1208 3436 Haler
1232 3389 1344 3436 contra
1362 3393 1440 3436 uxo·

176 3499 242 3541 rem
266 3481 396 3542 Andree
422 3479 540 3542 Radler
564 3480 668 3562 primo
693 3481 787 3542 citata
812 3499 876 3542 non
902 3481 1091 3562 comparuit.

281 3585 358 3648 ltem
384 3585 522 3648 Michael
554 3601 656 3648 sartor
687 3587 821 3649 claudus
845 3600 955 3649 contra
989 3586 1125 3648 Paulum
1158 3600 1299 3648 sutorem
1333 3587 1439 3669 primo

178 3692 290 3754 citatus
313 3712 379 3754 non
402 3693 593 3776 comparuit.

283 3799 360 3861 ltem
386 3799 567 3881 Stephanus
590 3813 679 3861 sutor
702 3819 801 3882 gener
819 3801 966 3884 Dyonisii
992 3800 1146 3862 institoris
1170 3813 1280 3860 contra
1306 3819 1437 3860 uxorem

177 3903 319 3966 eiusdem
347 3906 493 3988 Dyonisii
519 3906 672 3968 institoris
692 3908 834 3970 secundo
859 3909 973 3970 citatus
999 3927 1061 3968 non
1088 3907 1280 3989 comparuit.

285 4011 360 4074 item
393 4013 467 4094 quia
494 4013 645 4075 Nicolaus
674 4027 775 4076 sartor
806 4016 902 4076 tercia
932 4016 999 4076 vice
1032 4015 1163 4096 quando
1188 4027 1296 4074 contra
1330 4017 1439 4094 Augu-

176 4118 294 4179 stinum
320 4119 430 4180 Kusne
454 4139 639 4201 comparere
664 4133 694 4182 et
718 4121 912 4203 respondere
937 4122 1059 4200 debuit,
1084 4140 1149 4182 non
1175 4117 1355 4200 comparuit
1379 4138 1438 4180 nec

176 4223 350 4304 respondit,
375 4244 481 4306 neque
506 4245 563 4308 pro
587 4246 620 4288 se
644 4227 788 4308 aliquem
813 4243 1054 4310 procuratorem
1080 4227 1210 4302 dimisit,
1236 4224 1310 4285 ideo
1330 4239 1439 4286 contra

177 4328 316 4409 judicem
341 4346 373 4392 et
389 4330 510 4410 juratos
534 4333 686 4394 remansit
703 4333 735 4394 in
757 4334 895 4414 birsagio
920 4333 1016 4395 trium
1035 4351 1206 4416 pensarum
1232 4331 1439 4392 denariorum

176 4435 367 4516 judicialiter
392 4438 558 4499 convictus
582 4438 697 4500 ordine
721 4439 799 4520 juris
823 4441 1015 4522 requirente.

176 4621 321 4693 sabbato
350 4625 503 4712 proximo
532 4633 608 4713 post
636 4625 758 4696 festum
779 4623 1012 4715 Concepcionis
1041 4625 1136 4697 beate
1158 4625 1263 4697 liaris
1285 4627 1438 4715 virginis.

672 4779 732 4850 (11.
757 4779 935 4852 decembris).

284 4895 360 4984 ltem
384 4898 528 4961 seniores
552 4898 674 4980 judices
698 4920 825 4962 causam
860 4901 941 4963 inter
966 4901 1086 4962 Lucam
1111 4915 1264 4978 sutorem,
1289 4901 1440 4979 juratum,

179 5015 211 5064 et
236 5001 315 5064 inter
330 5004 515 5087 ladislaum
533 5005 707 5085 agricolam
732 5007 852 5068 dictum
871 5007 1147 5090 Czaranthowych
1170 5006 1271 5088 pridie
1290 5007 1439 5156 vidgelicet
