3644 5788
390 551 450 621 194
756 529 958 610 Anno1460.
984 566 1026 576 -
1043 545 1078 608 5.
1102 534 1273 608 sprembrn.

492 745 568 806 ltem
594 744 735 828 prefatus
759 745 869 828 Zayko
901 743 1041 806 carnifex
1072 745 1213 826 porrexit
1245 744 1483 825 querimoniam
1515 744 1649 806 domino

385 852 470 912 bano
495 865 604 912 contra
621 851 773 932 judicem,
791 850 911 932 juratos
935 863 1082 911 ettotam
1101 850 1365 911 communitatem
1383 851 1512 911 racione
1528 850 1648 931 previa,

385 970 416 1018 et
439 957 591 1019 dominus
615 958 717 1019 banus
747 957 934 1040 premissam
962 975 1091 1018 causam
1123 957 1329 1018 commiserat
1353 955 1439 1018 Ches
1470 957 1652 1038 capitaneo,

385 1063 566 1125 senioribus
590 1062 749 1144 judicibus
773 1063 856 1124 dicte
887 1063 1024 1126 civitatis
1056 1077 1087 1124 et
1111 1063 1249 1124 lohanni
1282 1062 1410 1144 Erdegh
1435 1062 1534 1143 judici
1560 1081 1648 1123 com-

385 1170 549 1231 munitatis
566 1169 708 1252 Capituli
732 1169 947 1252 zagrabiensis
966 1169 1006 1230 de
1024 1189 1110 1231 novo
1127 1168 1343 1251 judicandam,
1361 1169 1485 1250 etquis
1503 1169 1650 1251 premissi

386 1277 582 1360 capitaneus,
612 1277 754 1338 seniores
785 1277 906 1358 judices
939 1290 970 1338 et
1001 1277 1164 1339 lohannes
1193 1277 1322 1358 Erdegh
1355 1276 1453 1338 simili
1478 1277 1578 1338 modo
1603 1276 1650 1337 in-

386 1397 544 1445 venerunt
567 1384 659 1444 sicuti
685 1383 903 1465 adjudicatum
929 1382 990 1444 fuit
1006 1403 1061 1466 per
1086 1383 1173 1466 ipsos
1196 1383 1316 1464 juratos
1340 1383 1423 1445 dicte
1447 1383 1596 1462 civitatis,
1620 1399 1651 1444 et

385 1503 517 1572 propter
541 1489 622 1551 illud
647 1490 887 1571 querimonium
912 1489 973 1552 fuit
1005 1489 1223 1572 adjudicatum
1255 1489 1344 1572 quod
1369 1490 1436 1571 ipse
1461 1489 1573 1572 Zaylro
1597 1490 1651 1550 de·

392 1598 487 1658 bebat
523 1597 555 1656 in
588 1596 767 1658 carceribus
798 1595 922 1658 tamdiu
955 1595 1074 1658 servari
1106 1597 1209 1658 donec
1241 1597 1308 1678 ipse
1341 1594 1538 1657 satisfaceret
1566 1615 1650 1657 com-

318 1718 323 1730 ’
343 1731 346 1740 ·
390 1703 540 1764 munitati
564 1716 619 1764 aut
634 1703 774 1783 graciam
792 1703 951 1764 inveniret
967 1721 1025 1784 pro
1050 1722 1089 1764 eo
1110 1703 1186 1784 quia
1204 1701 1322 1764 fecerat
1338 1715 1446 1764 contra
1471 1702 1651 1762 libertatem

389 1809 488 1890 ipsius
512 1807 648 1870 civitatis
672 1822 792 1869 ernon
817 1807 898 1888 juste
922 1808 1160 1890 querimoniam
1188 1822 1372 1890 porrexerat
1395 1808 1531 1870 domino
1569 1809 1652 1868 bano

387 1915 443 1976 sed
468 1915 533 1976 alio
557 1913 667 1978 modo.
1117 1971 1121 1986 ,

493 2021 570 2083 ltem
596 2021 727 2103 quidam
754 2019 900 2102 Mathyas
927 2033 1038 2099 sartor,
1070 2021 1126 2102 qui
1158 2020 1219 2083 hoc
1244 2021 1375 2082 nomine
1399 2039 1432 2081 se
1456 2021 1489 2081 in
1522 2020 1648 2082 civitate

387 2129 529 2211 predicta
562 2141 741 2204 vocaverat,
773 2125 857 2188 filius
889 2128 1006 2188 Kwren
1039 2127 1078 2188 de
1118 2127 1194 2188 villa
1228 2127 1472 2209 Prepustowecz
1506 2125 1647 2209 Capituli

388 2233 614 2314 zagrabiensis,
639 2233 731 2294 cuius
755 2252 872 2294 nomen
902 2251 1015 2294 verum
1047 2245 1114 2294 erat
1138 2234 1307 2311 Martinus,
1331 2246 1461 2293 venerat
1485 2232 1526 2292 de
1551 2251 1649 2312 regno

392 2341 558 2422 Hungarie
582 2340 621 2401 ad
646 2340 764 2402 dictam
789 2340 949 2401 civitatem
975 2359 1068 2400 causa
1086 2338 1322 2416 commorandi,
1346 2339 1402 2422 qui
1426 2339 1559 2399 haberet
1575 2357 1651 2399 uxo·

388 2466 453 2508 rem
480 2446 670 2528 legittimam
696 2447 728 2506 in
746 2445 868 2528 oppido
886 2446 1009 2507 Bakacz
1031 2445 1117 2506 dicto
1142 2464 1242 2528 prope
1260 2445 1580 2526 Quinqueecclesias,
1596 2444 1650 2504 sed

387 2556 427 2616 ab
452 2552 565 2615 eadem
591 2552 789 2615 clandestine
820 2565 1002 2631 recesserat,
1034 2551 1177 2632 allegans
1199 2551 1233 2612 in
1267 2551 1351 2612 dicta
1375 2551 1503 2612 civitate
1527 2570 1560 2610 se
1587 2569 1649 2611 non

387 2659 504 2722 habere
536 2673 728 2737 consortem,
760 2657 927 2740 providam
960 2657 1102 2740 puellam
1134 2656 1234 2719 filiam
1270 2656 1449 2719 Clementis
1482 2655 1651 2739 freniparis

388 2765 530 2828 concivis
554 2765 653 2826 nostri
690 2764 949 2846 desponsaverat,
973 2777 1004 2824 et
1035 2763 1095 2824 nisi
1118 2782 1177 2845 per
1207 2782 1354 2824 socerum
1380 2777 1411 2824 et
1434 2763 1556 2824 amicos
1581 2782 1649 2844 pre·

388 2871 451 2934 fate
475 2872 583 2934 uxoris
608 2871 706 2954 ipsius
731 2870 860 2932 Martini
893 2869 943 2932 hic
968 2869 1000 2931 in
1033 2869 1118 2930 dicta
1141 2869 1269 2932 civitate
1301 2870 1433 2932 rescitus
1456 2883 1488 2930 et
1521 2869 1649 2930 investi·

387 2994 480 3060 gatus
503 2977 624 3057 fuisset,
650 2979 761 3058 utique
786 2977 887 3058 ipsam
912 2976 1054 3058 puellam
1072 2975 1258 3038 deflorasset
1282 2976 1371 3038 etad
1395 2995 1546 3056 magnam
1562 2995 1650 3038 vere·

389 3085 541 3148 cundiam
575 3083 768 3160 induxisset;
800 3095 940 3143 ceterum
975 3082 1041 3164 ipse
1075 3082 1231 3144 Martinus
1263 3096 1366 3144 certos
1396 3084 1516 3163 probos
1540 3081 1649 3142 etho·

389 3205 500 3252 nestos
523 3191 609 3251 viros
632 3189 780 3251 concives
804 3202 930 3249 nostros
959 3186 1169 3250 infamaverat
1192 3189 1336 3270 allegans
1360 3201 1391 3250 et
1414 3186 1603 3250 collaudans
1617 3207 1650 3248 se

390 3297 510 3358 eisdem
537 3309 637 3357 certas
659 3295 812 3377 pecunias
836 3307 867 3356 et
890 3295 975 3355 bona
999 3295 1039 3356 ad
1064 3295 1322 3356 conservandum
1339 3295 1477 3374 dedisse,
1501 3313 1564 3375 que
1581 3313 1649 3376 pre·

390 3403 485 3464 missa
511 3421 582 3462 curn
609 3401 694 3462 idem
722 3401 816 3484 probi
841 3401 1026 3482 interrogati
1052 3399 1186 3462 fuissent
1203 3400 1401 3483 perjuratus,
1426 3401 1560 3462 minime
1578 3421 1649 3462 vera

389 3508 444 3568 sed
477 3508 616 3569 eundem
651 3506 729 3571 false
761 3507 925 3590 proposita
956 3519 986 3568 et
1017 3508 1155 3588 probare
1186 3526 1250 3568 non
1283 3507 1449 3589 potuisset,
1474 3527 1556 3588 quos
1587 3507 1651 3588 ipse

390 3615 547 3676 Martinus
580 3615 711 3696 proprio
733 3633 788 3675 ore
820 3633 879 3674 suo
907 3621 1127 3694 expurgasset}
1160 3613 1290 3695 insuper
1321 3613 1486 3694 quandam
1509 3613 1650 3674 ladulam

390 3720 530 3782 clausam
544 3739 600 3802 per
614 3721 714 3801 ipsam
729 3721 889 3781 civitatem
906 3719 1076 3800 portando,
1094 3719 1296 3800 eandemque
1315 3718 1464 3780 familiari
1480 3720 1569 3781 Pauli
1584 3718 1649 3780 Lah

391 3827 465 3888 dicti
480 3827 621 3888 concivis
635 3826 735 3887 nostri
750 3826 975 3908 inpignorabat
988 3845 1045 3907 pro
1064 3825 1274 3906 quadraginta
1285 3825 1354 3887 flor.
1371 3825 1450 3904 auri,
1462 3825 1605 3907 allegans
1617 3844 1649 3886 se

390 3934 421 3994 in
448 3933 559 3995 eadem
583 3932 690 3993 ladula
712 3931 829 3993 habere
857 3932 1041 4012 octuaginta
1062 3931 1131 3993 flor.
1153 3931 1232 4009 auri,
1255 3931 1453 4013 quequidem
1469 3931 1577 3992 ladula
1599 3950 1651 4013 per

389 4039 527 4101 eundem
552 4037 744 4100 familiarem
770 4038 913 4099 eiusdem
939 4037 1030 4098 Pauli
1067 4038 1173 4100 statim
1198 4037 1237 4100 ad
1262 4038 1383 4120 juratos
1407 4051 1573 4120 apportata
1598 4057 1651 4120 per

389 4147 521 4208 eosdem
545 4145 666 4227 juratos
689 4159 797 4228 aperta
822 4143 892 4224 fuit,
916 4145 948 4205 in
974 4164 1037 4226 qua
1061 4144 1170 4206 ladula
1187 4144 1295 4206 nullus
1312 4144 1462 4205 denarius
1486 4158 1517 4206 et
1540 4144 1647 4205 nullus

389 4252 530 4314 florenos
543 4251 597 4312 sed
612 4253 717 4313 solum
731 4251 870 4333 quedam
886 4251 996 4332 porcio
1010 4251 1091 4312 casei
1109 4251 1141 4312 in
1155 4251 1299 4332 quodam
1312 4249 1487 4332 panniculo
1504 4251 1646 4312 involuta

388 4373 513 4442 reperta
537 4357 615 4436 fuit;
647 4371 862 4440 propterque
888 4355 969 4420 facta
1002 4356 1262 4439 nephandissima
1296 4357 1395 4438 ipsius
1427 4356 1567 4434 Martini,
1591 4356 1649 4438 ipsi

390 4467 528 4527 Martino
553 4465 772 4547 adjudicatum
797 4477 843 4525 est
866 4484 922 4546 per
939 4464 1069 4546 juratos,
1094 4464 1182 4544 quod
1207 4463 1274 4544 ipae
1292 4483 1329 4524 ex
1354 4463 1494 4545 predicta
1519 4463 1645 4524 civitate

388 4573 486 4654 virgis
499 4572 605 4633 nudus
621 4591 711 4633 cesus
728 4583 759 4632 et
783 4571 934 4653 expulsus
947 4568 1007 4631 fuit
1023 4583 1054 4632 et
1070 4589 1237 4651 nunquam
1259 4589 1315 4652 per
1331 4569 1471 4652 amplius
1487 4570 1528 4630 ad
1546 4570 1644 4652 ipsam

388 4681 549 4741 civitatem
575 4691 606 4740 et
630 4679 698 4740 eius
721 4677 916 4740 territorium
943 4677 1067 4753 reverti,
1096 4677 1175 4738 etsi
1207 4677 1356 4738 inventus
1381 4675 1488 4754 fuerit,
1513 4690 1647 4736 extunc

388 4785 473 4866 juxta
498 4785 764 4848 consuetudinem
790 4784 888 4865 ipsius
913 4783 1049 4845 civitatis
1073 4782 1181 4864 puniri
1204 4782 1347 4858 deberet.

493 4891 570 4952 ltem
597 4888 756 4971 Georgius
782 4889 913 4952 Gruden
940 4889 1053 4965 dictus,
1078 4889 1133 4970 qui
1159 4901 1269 4970 captus
1301 4901 1346 4948 est
1370 4887 1401 4948 in
1427 4886 1559 4949 civitate
1581 4905 1646 4968 pre-

387 4998 469 5059 dicta
505 5017 561 5080 per
594 4997 683 5058 Hans
717 4998 903 5078 Kneperger
935 4997 1037 5058 civem
1062 4994 1101 5056 de
1136 4995 1285 5078 Laybaco
1320 5012 1393 5055 cum
1431 4993 1533 5055 literis
1564 5011 1648 5055 com-
