3738 5786
600 519 686 576 Anno
710 529 800 595 1453.
826 553 867 562 -
891 513 942 578 18.
967 522 1049 578 maii.
1422 541 1459 599 55

194 729 309 791 amissa
334 744 382 792 est
407 744 439 792 et
463 730 639 812 deperdita,
665 732 788 813 etquis
813 731 926 794 eadem
944 733 1034 794 litera
1059 732 1269 816 privilegialis
1285 734 1325 796 ad
1343 735 1460 796 trinam

195 835 355 898 forensem
380 851 412 899 et
429 837 591 919 publicam
620 837 915 920 proclamacionem
933 858 990 920 per
1006 858 1065 900 nos
1088 839 1261 920 superinde
1289 839 1356 902 fieri
1373 859 1460 902 corn·

195 944 322 1004 missam
356 943 473 1005 nullibi
507 944 644 1006 inveniri
675 945 791 1027 potuit,
824 945 964 1026 ideoque
997 965 1055 1006 nos
1087 946 1223 1007 eandem
1247 946 1360 1008 silvam
1386 967 1457 1008 cum

194 1049 355 1130 premissis
378 1050 500 1112 cunctis
532 1050 597 1112 suis
628 1050 829 1131 utilitatibus,
862 1052 972 1114 usibus
1004 1065 1036 1114 et
1067 1052 1273 1133 pertinenciis
1304 1053 1460 1114 universis

195 1155 298 1216 eidem
322 1155 438 1218 Vrsule
463 1156 591 1218 mulieri
615 1155 684 1238 jure
717 1157 911 1220 hereditario
943 1159 1002 1219 sibi
1035 1159 1243 1221 incumbente
1267 1179 1304 1220 ex
1329 1160 1458 1221 instanti

196 1261 291 1343 ipsius
315 1263 477 1344 peticione
501 1261 601 1326 literis
622 1264 738 1326 uostris
761 1265 853 1326 novis
870 1264 1126 1347 privilegialibus
1150 1264 1412 1327 confirmavimus
1430 1279 1460 1328 et

195 1369 363 1430 statuimus
386 1368 455 1450 jure
479 1383 634 1452 perpetuo
652 1385 682 1432 et
706 1371 959 1434 irrevocabiliter
975 1371 1205 1453 possidendam
1223 1385 1254 1434 et
1277 1373 1459 1454 quomodo·

195 1494 331 1557 cumque
356 1475 495 1538 voluerit
519 1475 755 1559 disponendam
772 1478 857 1560 juxta
882 1477 1107 1540 condicionem
1132 1478 1268 1540 civitatis
1292 1492 1457 1560 prenotate

194 1585 233 1644 ab
255 1582 390 1665 antiquo
414 1585 634 1666 approbatam.

300 1691 378 1753 ltem
403 1690 580 1772 Elyzabeth
602 1689 668 1753 filia
692 1689 963 1752 Kerchmarichne
987 1703 1096 1753 contra
1129 1692 1299 1754 barbaram
1325 1712 1457 1755 uxorem

195 1797 276 1858 Petri
300 1795 451 1878 lutifiguli
476 1796 582 1878 primo
606 1797 700 1859 citata
725 1815 790 1858 non
815 1797 1006 1878 comparuit.

296 1903 377 1964 Item
411 1903 525 1965 eadem
558 1903 734 1986 Elyzabeth
769 1917 799 1964 et
831 1903 1006 1966 Katherina
1037 1903 1101 1966 filia
1130 1925 1187 1966 sua
1219 1919 1328 1967 contra
1353 1905 1455 1968 Doro·

193 2009 297 2072 theam
322 2028 456 2072 uxorem
482 2011 620 2072 Emerici
646 2012 711 2074 ceci
737 2012 841 2093 primo
867 2012 961 2073 citata
986 2031 1050 2073 non
1077 2013 1267 2094 comparuit.

297 2115 376 2178 ltem
402 2117 497 2198 jurati
525 2116 750 2198 adjudicarunt
774 2137 901 2180 causam
927 2117 1057 2180 Thome
1085 2117 1219 2180 Cheden
1244 2120 1326 2182 iuter
1351 2120 1456 2202 ipsum

194 2237 223 2284 et
245 2223 328 2284 inter
352 2228 511 2304 Agnetem
530 2223 725 2286 servitricem
750 2224 850 2306 ipsius
871 2237 902 2286 et
927 2224 1009 2286 inter
1033 2223 1240 2287 Katherinam
1266 2225 1455 2308 Hungaram

194 2348 323 2392 uxorem
349 2328 498 2410 Gregorii
531 2329 693 2392 Valentini
726 2351 762 2392 ac
794 2331 876 2392 inter
908 2330 1144 2412 Margaretham
1176 2350 1309 2394 uxorem
1336 2332 1456 2416 Filippi

192 2435 342 2498 Zwechar
366 2456 402 2498 ac
419 2437 501 2498 inter
533 2436 739 2498 Scolasticam
765 2453 897 2498 uxorem
923 2436 1019 2498 Blasii
1037 2435 1130 2517 jurati
1155 2438 1302 2500 moderni
1320 2439 1352 2500 in
1370 2438 1454 2501 facto

193 2540 265 2604 furti
297 2543 436 2605 vestium
469 2543 568 2626 ipsius
607 2543 737 2606 Thome
774 2543 908 2606 Cheden
941 2543 1102 2622 habitam,
1135 2544 1359 2626 adjudicarunt
1398 2545 1455 2610 tali

192 2650 301 2730 modo,
323 2663 358 2712 ut
382 2650 458 2732 quia
484 2651 551 2732 ipsa
577 2655 684 2731 Agnes
700 2651 845 2712 servitrix
871 2650 970 2732 ipsius
987 2650 1117 2712 Thome
1141 2651 1240 2712 dictas
1256 2665 1359 2714 vestes
1382 2661 1461 2716 suas

192 2771 261 2838 post
285 2771 424 2820 mortem
458 2758 565 2820 uxoris
588 2777 644 2818 sue
677 2756 745 2818 sine
776 2757 858 2818 scitu
883 2757 983 2840 ipsius
1014 2757 1192 2839 exportavit
1216 2777 1288 2820 cum
1312 2757 1454 2841 predicta

190 2863 364 2926 Karberina
399 2864 553 2945 Hungara
577 2864 651 2926 ideo
683 2877 904 2926 remanserunt
940 2864 972 2926 in
1005 2862 1102 2943 furtu,
1139 2879 1170 2926 et
1201 2865 1277 2946 quia
1308 2866 1451 2947 predicte

190 2971 389 3052 Margaretha
407 2991 487 3033 uxor
512 2971 612 3053 ipsius
629 2970 769 3054 Philippi
792 2983 823 3033 et
840 2971 1013 3033 Scolastica
1031 2991 1111 3033 uxor
1136 2972 1232 3034 Blasii
1258 2973 1350 3054 jurati
1368 2974 1453 3056 ipsas

191 3077 228 3138 ad
252 3076 509 3139 conservandum
535 3090 740 3160 acceptarunt
764 3091 795 3139 et
815 3077 861 3138 illi
879 3077 1007 3140 Thome
1034 3076 1169 3141 Cheden
1194 3079 1234 3142 ad
1259 3081 1451 3162 peticionem

190 3184 286 3266 ipsius
310 3184 425 3246 eedem
450 3196 553 3246 vestes
576 3203 632 3267 per
655 3184 757 3266 ipsam
783 3183 989 3246 Scolasticam
1007 3204 1072 3246 non
1102 3200 1176 3248 sunt
1200 3187 1353 3266 restitute,
1378 3189 1453 3270 quia

190 3289 299 3353 eadem
326 3291 501 3354 Scolastica
525 3291 704 3352 nullimode
729 3291 894 3354 restituere
924 3291 1037 3370 voluit,
1062 3291 1136 3353 ideo
1161 3292 1264 3354 eciam
1287 3307 1452 3376 tamquam

190 3397 429 3468 consencientes
453 3410 484 3460 et
515 3397 763 3460 conservatrices
791 3395 865 3460 furti
900 3411 1122 3460 remanserunt
1146 3399 1179 3460 in
1203 3400 1342 3480 birsagio
1366 3403 1452 3463 simi-

188 3504 258 3570 liter
281 3503 358 3567 furti
384 3503 534 3566 videlicet
558 3504 590 3566 in
615 3504 775 3566 sentencia
800 3505 928 3587 capitali
953 3519 983 3566 et
1014 3505 1117 3588 capita
1142 3505 1299 3568 redimere
1324 3507 1451 3588 debent,

190 3629 250 3690 que
273 3610 299 3671 si
324 3609 488 3692 potuerint
519 3611 688 3691 redimere,
712 3613 793 3672 bene
824 3611 967 3692 quidem,
999 3611 1024 3672 si
1049 3631 1126 3691 non,
1156 3625 1233 3674 tunc
1256 3632 1373 3696 penam
1398 3635 1451 3698 pa·

191 3717 311 3780 cientur
337 3717 423 3801 juxta
446 3730 595 3780 contenta
620 3718 791 3800 privilegii.

291 3823 372 3885 Item
396 3823 472 3904 quia
497 3821 673 3904 Gregorius
700 3823 820 3905 juratus
843 3822 1062 3906 Wrcclrarych
1084 3823 1197 3902 dictus,
1221 3825 1360 3907 juratum
1386 3827 1448 3888 De·

189 3931 338 3992 mettium
363 3949 503 3992 reserem
537 3949 719 4012 pannorum
751 3931 952 4012 vituperavit,
988 3930 1062 3992 ideo
1091 3951 1148 4014 per
1171 3931 1449 4013 adjudicacionem

188 4035 363 4116 juratorum
389 4037 541 4098 remansit
565 4037 632 4119 ipse
658 4036 835 4118 Gregorius
865 4037 985 4118 juratus
1016 4052 1125 4099 contra
1146 4037 1307 4120 prefatum
1333 4040 1449 4102 Deme-

188 4144 281 4206 trium
306 4143 446 4226 juratum
470 4141 503 4207 in
521 4143 617 4226 dupla
636 4145 766 4226 birsagii
790 4144 939 4226 vituperii
957 4144 1107 4207 videlicet
1124 4145 1155 4206 in
1181 4135 1451 4228 quatuormarcis

188 4251 404 4314 denariorum.

291 4357 370 4418 Item
394 4357 529 4419 sabbeto
554 4359 698 4440 proxime
723 4358 870 4440 sequenti
887 4359 1030 4420 seniores
1054 4359 1176 4440 judices
1200 4361 1394 4424 unanimiter
1420 4377 1450 4424 et

188 4464 388 4526 concorditer
419 4484 549 4527 causam
582 4465 664 4527 inter
696 4465 861 4526 dominam
895 4465 1101 4526 Scolasticam
1136 4466 1279 4528 relictam
1312 4469 1448 4530 condam

187 4571 313 4632 Andree
345 4571 421 4632 dicti
455 4571 521 4633 Lah
556 4585 587 4635 et
618 4573 700 4634 inter
734 4571 958 4633 Sebastianum
990 4571 1111 4634 dictum
1144 4573 1277 4656 Lyubak
1302 4575 1333 4635 in
1366 4574 1449 4639 facto

188 4676 399 4759 quarumdam
418 4677 555 4740 duarum
579 4692 733 4741 terrarum
753 4691 783 4740 et
806 4679 900 4740 unius
916 4677 1022 4740 fertilis
1039 4679 1174 4742 condam
1195 4680 1324 4744 Thorne
1342 4681 1448 4745 Choni

188 4785 218 4845 in
243 4804 357 4866 campo
382 4784 519 4846 civitatis
542 4785 685 4868 predicte
709 4785 900 4864 habitarum,
929 4805 1035 4847 coram
1061 4787 1171 4866 juratis
1195 4789 1270 4849 anni
1295 4793 1449 4872 presentis

188 4893 369 4973 nuperrime
402 4892 554 4954 videlicet
585 4892 662 4954 feria
687 4907 772 4953 sexta
804 4893 948 4974 proxima
981 4905 1053 4973 post
1084 4891 1199 4955 festum
1224 4897 1323 4958 sancti
1350 4899 1447 4960 Marci

188 4998 401 5080 ewangeliste,
418 4998 564 5081 proxime
581 4999 779 5080 preteritum,
796 5012 917 5060 motam
935 5013 965 5061 et
989 5012 1164 5062 vertentem
1182 5017 1213 5064 et
1237 5024 1292 5087 per
1317 5006 1446 5067 eosdem
