3644 5788
597 569 683 625 Anno
706 562 798 643 1458.
825 601 865 608 -
891 577 936 642 17.
953 567 1044 642 junii.
1396 583 1451 642 155

294 780 374 840 ltem
399 778 492 860 jurati
511 778 776 860 adjudicaverunt
800 795 927 838 causam
945 777 1027 838 inter
1044 775 1233 838 Conradum
1260 776 1390 837 Ravvsar
1407 795 1454 837 se·

187 887 315 948 niorem
341 885 483 967 judicem
501 899 531 947 et
552 885 728 968 Symonem
748 883 892 945 ltalicum
917 883 1044 946 racione
1062 883 1283 965 percepcionis
1300 901 1453 964 quorum-

184 994 258 1055 dam
278 992 443 1054 fructuum
470 991 500 1053 in
518 991 661 1072 quodam
680 989 799 1072 (h)orto
816 989 998 1051 habitorum
1017 1009 1074 1070 per
1100 987 1257 1071 prefatum
1278 989 1453 1071 Symonem

184 1100 418 1182 expositorum,
451 1117 487 1158 ex
513 1117 578 1178 quo
612 1098 699 1159 idem
734 1096 856 1180 Symon
891 1094 1032 1178 prelatos
1064 1094 1183 1157 fructus
1216 1096 1358 1178 percepit
1381 1115 1453 1158 cum

183 1207 243 1289 ipsi
270 1205 352 1267 alias
369 1202 484 1286 prelati
509 1204 639 1265 Ravvsar
656 1201 801 1282 luissent,
819 1203 844 1263 si
862 1203 1048 1285 plusquam
1073 1221 1169 1283 super
1186 1221 1251 1263 uno
1269 1199 1337 1262 flor.
1356 1220 1451 1284 super

182 1315 252 1396 ipso
271 1310 392 1394 (h)orto
409 1310 566 1393 exposuit,
590 1324 666 1372 tunc
681 1329 777 1392 super
801 1329 887 1370 aram
905 1323 1018 1370 octavo
1037 1308 1089 1370 die
1106 1308 1322 1388 juramentum
1349 1308 1449 1390 depo-

183 1441 260 1483 nere
286 1418 436 1498 debebit,
460 1418 507 1478 sin
533 1430 639 1478 autem
671 1417 796 1495 minus,
828 1429 904 1478 tunc
937 1415 1152 1497 juramentum
1185 1415 1325 1496 deponet
1356 1433 1451 1496 super

185 1545 321 1588 manum
345 1525 442 1586 unius
467 1523 570 1605 jurati,
596 1543 678 1605 quos
701 1521 842 1605 prelatus
867 1522 992 1604 Symon
1010 1520 1135 1584 Italicus
1160 1520 1219 1602 ipsi
1245 1521 1376 1581 Ravvsar
1401 1539 1452 1580 ex·

182 1633 311 1695 solvere
337 1631 486 1706 debebit;
518 1629 557 1691 de
582 1649 648 1711 quo
680 1629 801 1711 judicio
826 1629 1003 1711 juratorum
1039 1628 1162 1712 Symon
1195 1647 1259 1689 non
1285 1641 1454 1690 contentus

183 1738 364 1822 appellavit
387 1737 427 1798 ad
452 1735 594 1797 seniores
618 1735 751 1816 judices.

293 1845 372 1906 ltem
397 1843 491 1923 jurati
515 1825 782 1922 adjvldicaverunt
801 1861 929 1904 causam
950 1842 1030 1902 inter
1055 1841 1210 1904 Mathiam
1228 1840 1367 1922 juratum
1385 1860 1453 1902 mo·

185 1952 325 2013 dernum
351 1963 382 2010 et
407 1947 585 2030 Georgium
610 1968 645 2010 ac
663 1947 828 2032 Wranych
853 1949 1083 2010 inhabitatores
1107 1948 1244 2011 civitatis
1268 1947 1387 2030 prelate
1406 1969 1452 2010 ra·

187 2059 281 2120 cione
307 2055 475 2117 cuiusdam
499 2055 577 2116 silve
595 2073 652 2137 per
676 2055 807 2116 eosdem
825 2055 870 2116 uti
895 2055 1060 2116 dicebatur
1085 2069 1179 2134 secte,
1197 2055 1285 2136 quod
1310 2055 1369 2138 ipsi
1388 2075 1452 2116 non

190 2163 350 2241 fecerunt,
375 2176 490 2223 octavo
514 2161 566 2222 die
590 2160 807 2242 juramentum
831 2161 993 2244 deponere
1019 2160 1191 2224 debebunt.

290 2269 369 2330 Item
396 2268 494 2329 iidem
512 2267 777 2349 adjudicaverunt
804 2267 885 2329 inter
902 2265 1061 2350 prefatum
1080 2267 1236 2329 Mathiam
1262 2268 1401 2348 juratum
1418 2287 1453 2329 ac

185 2377 363 2439 Martinam
381 2374 510 2436 racione
531 2373 631 2456 ipsius
647 2373 737 2453 silve,
755 2373 843 2455 quod
866 2371 1007 2455 prefatus
1025 2373 1162 2435 Mathias
1186 2386 1295 2436 contra
1314 2373 1453 2435 eundem

183 2499 280 2546 restes
305 2481 485 2566 producere
502 2480 644 2560 debebit,
669 2481 758 2562 quod
784 2481 850 2562 ipse
876 2478 1032 2562 prefatam
1050 2480 1166 2542 silvam
1191 2482 1321 2558 secavit,
1346 2495 1376 2542 et
1393 2479 1453 2541 hoc

182 2606 298 2652 octavo
324 2590 388 2652 die.

290 2695 370 2757 ltem
396 2691 572 2776 Elyzabeth
599 2692 724 2774 Glazya
748 2692 843 2771 dicta,
876 2691 908 2754 id
936 2711 1009 2754 cum
1034 2690 1209 2755 sufficienti
1235 2708 1265 2756 et
1290 2692 1452 2774 fidedigno

182 2815 371 2864 nostrorum
403 2800 585 2862 concivium
616 2799 803 2860 testimonio
837 2800 868 2860 in
900 2798 975 2861 sede
1007 2812 1114 2860 nostra
1147 2799 1313 2880 judiciaria
1344 2819 1451 2861 coram

182 2909 277 2971 nobis
301 2907 388 2969 clare
412 2906 645 2987 comprobavit,
671 2920 706 2966 ut
723 2905 799 2967 dum
826 2907 922 2967 Kwsa
947 2906 1057 2967 relicta
1082 2907 1222 2967 condam
1241 2906 1359 2968 Mathie
1378 2905 1452 2968 va-

183 3015 262 3076 decb
287 3013 377 3092 dicti,
409 3012 498 3095 olym
523 3011 665 3074 concivis
696 3025 813 3090 nostra,
850 3013 883 3073 in
915 3011 1065 3074 extremis
1088 3013 1152 3074 vite
1184 3032 1241 3074 sue
1265 3013 1453 3094 temporalis

182 3121 372 3198 laborasset,
396 3133 471 3180 tuuc
496 3119 563 3200 ipsa
594 3115 749 3201 prefatam
782 3117 961 3201 Elyzabeth
992 3138 1136 3180 sororem
1160 3139 1251 3180 suam
1276 3120 1450 3198 carnalem,

183 3227 399 3290 executricem
424 3226 570 3288 omniurn
604 3225 844 3307 possessionum
875 3239 906 3286 et
929 3245 1036 3288 rerum
1065 3247 1101 3287 ac
1133 3228 1294 3288 bonorum
1319 3245 1451 3288 suorum

184 3335 415 3412 constituisset,
439 3333 578 3414 ideoque
610 3351 668 3394 nos
699 3333 835 3393 eandem
869 3333 1048 3416 Elyzabeth
1072 3333 1104 3394 in
1138 3333 1204 3416 ipsa
1229 3332 1448 3394 commissaria

185 3441 381 3502 execucione
395 3439 551 3501 dictarum
569 3439 807 3520 possessionum
821 3452 851 3499 et
861 3458 967 3500 rerum
981 3459 1017 3501 ac
1035 3440 1195 3500 bonorum
1213 3437 1334 3521 prefate
1353 3438 1449 3499 Kwsa

185 3547 331 3608 mulieris
348 3544 609 3607 confirmavimus
626 3545 738 3607 dantes
754 3546 859 3608 eidem
881 3547 1009 3628 plenam
1028 3547 1251 3608 auctoritatem
1270 3545 1450 3627 exequendi

185 3667 216 3715 et
240 3651 436 3734 disponendi
460 3651 546 3733 juxta
570 3651 772 3733 legacionem
798 3651 897 3734 ipsius
922 3653 1018 3714 vasa
1044 3653 1197 3714 mulieris.

293 3759 371 3819 ltem
399 3755 528 3818 Grande
553 3757 648 3820 citata
672 3757 814 3819 secundo
839 3771 949 3820 contra
978 3759 1114 3821 Elenam
1140 3759 1361 3820 Trwmbetam
1386 3779 1450 3820 non

184 3865 377 3947 comparuit.

521 4015 602 4086 ltern
632 4015 773 4086 sabbato
803 4016 923 4087 ibidem
953 4018 1116 4106 sequenti.

729 4171 791 4246 (17·
808 4167 917 4250 junia).

294 4307 371 4368 ltem
397 4307 540 4369 seniores
563 4307 685 4390 judices
710 4308 976 4391 adjudicaverunt
1008 4309 1089 4368 inter
1113 4307 1293 4369 lankonem
1318 4326 1450 4389 arcupa-

183 4433 258 4474 rem
285 4413 450 4474 concivem
476 4429 620 4476 nostrum
646 4429 676 4476 et
694 4416 838 4477 nobilem
860 4415 1039 4476 lohannem
1064 4414 1103 4476 de
1122 4413 1298 4475 Ervvenche
1323 4413 1451 4475 racione

187 4519 357 4580 cuiusdam
381 4533 514 4582 arestate
538 4541 595 4602 per
624 4522 760 4584 condam
794 4522 944 4583 comitem
978 4521 1120 4582 Vlricum
1145 4520 1229 4581 Cilie
1255 4533 1313 4582 etc.
1347 4519 1450 4581 horni-

184 4625 280 4686 nibus
317 4625 455 4686 Ladislai
482 4641 513 4688 et
547 4627 701 4690 lobannis
733 4628 772 4688 de
804 4628 909 4711 Zyche
944 4628 1037 4689 nobis
1072 4627 1245 4689 literatorie
1279 4627 1450 4688 commisse

183 4745 318 4812 propter
351 4731 491 4812 quedam
524 4732 663 4815 dampna
696 4734 795 4816 ipsius
827 4735 981 4796 lankonis
1013 4734 1184 4816 arcuparis,
1217 4753 1254 4796 ex
1286 4753 1351 4814 quo
1383 4733 1449 4814 ipsa

184 4837 363 4898 literatorie
403 4839 587 4900 commissio
619 4840 719 4922 ipsius
758 4841 884 4902 comitis
915 4841 998 4902 Cilie
1040 4855 1156 4902 eotunc
1187 4839 1278 4902 firma
1310 4837 1388 4918 suit,
1421 4853 1451 4901 et

184 4943 318 5004 tandem
335 4943 557 5005 serenissimus
573 4946 721 5028 princeps
738 4960 768 5007 et
786 4946 936 5007 dominus
950 4946 1101 5008 dominus
1119 4947 1255 5008 Mathias
1273 4947 1449 5026 Hungarie,

185 5049 367 5130 Dalmacie,
391 5049 525 5112 Croacie
550 5066 608 5112 etc.
632 5071 697 5132 rex,
722 5053 872 5116 dominus
900 5067 1007 5118 noster
1037 5053 1212 5142 graciosus,
1237 5054 1330 5114 nobis
1354 5073 1449 5134 super
