3818 5786
596 545 683 602 Anno
703 555 791 622 1451.
818 577 860 588 -
884 557 934 604 22.
950 543 1106 621 junuarii.
1452 567 1485 626 ¹5

222 771 346 840 portare
371 769 402 818 et
426 759 516 840 quod
547 759 614 840 ipse
647 757 793 820 Thomas
825 757 922 820 Zekel
954 757 1058 840 ipsum
1085 757 1276 820 Michaelem
1302 759 1387 821 Racz
1412 779 1485 822 cum

223 883 317 926 uxore
350 884 408 926 sua
441 866 481 929 de
506 865 632 928 civitate
662 865 944 948 Montisgrecensis
974 863 1117 946 predicta
1146 879 1233 927 extre
1265 866 1431 950 reciperet,
1458 881 1488 930 et

222 969 260 1031 ad
285 970 422 1032 eandem
440 971 602 1034 civitatem
626 990 700 1033 cum
718 969 840 1033 famulo
858 969 985 1033 comitis
1002 970 1041 1032 de
1058 970 1303 1055 Bosyalrowyna
1321 973 1486 1036 Romecha

223 1075 318 1155 dicto,
336 1076 504 1160 Stephano
526 1089 653 1158 vocato,
669 1091 824 1140 venerant
840 1078 954 1140 eodem
969 1097 1040 1140 sero
1057 1077 1139 1140 circa
1164 1077 1268 1161 ipsum
1296 1079 1485 1142 Michaelem

223 1183 307 1245 Raez
330 1203 428 1266 super
445 1185 669 1248 collocutione
693 1198 726 1248 et
740 1198 886 1264 tractatu,
903 1198 939 1247 ut
962 1185 1066 1268 ipsum
1093 1185 1283 1248 Michaelem
1303 1188 1386 1250 Racz
1412 1207 1484 1250 cum

224 1309 320 1352 uxore
344 1311 401 1353 sua
426 1303 513 1353 extra
535 1291 691 1375 reciperet
719 1292 832 1354 eadem
865 1305 970 1372 nocte,
995 1291 1083 1374 quod
1109 1292 1194 1354 idem
1228 1293 1364 1355 Michael
1400 1295 1486 1356 Racz

223 1395 276 1458 diu
301 1397 463 1480 negando,
487 1399 661 1461 ultimetim
685 1399 821 1461 omnino
849 1397 1061 1462 confirmavit.

249 1598 345 1674 Faria
373 1611 473 1676 serta
502 1606 657 1693 proxima
686 1609 763 1694 post
791 1603 914 1676 testum
943 1612 1061 1677 sancte
1089 1601 1229 1694 Agnetis
1257 1606 1401 1692 virginis
1430 1613 1462 1676 et

696 1730 852 1801 martiris
882 1725 1017 1801 Christi.

730 1879 797 1963 (22.
812 1881 980 1964 januaria).

327 2021 405 2086 Item
422 2023 568 2086 Thomas
584 2023 719 2088 Cheden
737 2023 842 2086 dictus
858 2037 968 2086 contra
985 2029 1167 2106 Angnetem
1185 2025 1327 2086 relictam
1346 2025 1483 2088 condam

223 2127 400 2192 Clementis
424 2131 577 2194 institoria
601 2131 706 2214 primo
731 2131 846 2194 citatus
869 2150 934 2192 non
961 2130 1149 2212 comparuit.

327 2235 405 2299 ltem
431 2237 543 2300 Petrus
559 2237 689 2321 Dragyu
708 2252 819 2301 contra
845 2237 1059 2300 Laurencium
1078 2237 1315 2300 candelatorem
1341 2239 1483 2301 secundo

222 2343 334 2405 citatus
358 2362 424 2405 non
449 2345 638 2427 comparuit.

325 2449 403 2512 ltem
429 2451 532 2514 Lucas
548 2465 638 2514 sutor
655 2465 764 2513 contra
786 2452 962 2514 secundum
982 2451 1102 2513 Lucam
1126 2463 1266 2512 sutorem
1286 2463 1316 2513 et
1341 2451 1483 2515 blasium

220 2555 341 2618 socium
367 2577 461 2620 suum
485 2557 628 2621 secundo
652 2559 766 2620 citatus
790 2577 854 2620 non
880 2558 1069 2640 comparuit.

325 2662 402 2726 ltem
429 2664 590 2728 lohannes
615 2665 756 2748 Baptista
787 2677 897 2727 contra
922 2663 1122 2726 Anthonium
1148 2684 1334 2748 arcuparem
1360 2664 1482 2728 dictum

222 2771 321 2833 lanho
345 2771 490 2835 secundo
514 2772 628 2834 citatus
652 2791 718 2834 non
742 2771 932 2854 comparuit.

326 2879 405 2942 Item
430 2879 504 2940 licet
529 2878 678 2941 Michaeli
703 2878 789 2942 dicto
815 2879 900 2940 Racz
924 2877 991 2940 lilio
1017 2877 1177 2939 Abraham
1204 2879 1243 2940 de
1270 2879 1400 2940 Kouino
1426 2898 1483 2960 pro

222 2987 311 3048 certis
336 2985 427 3048 tactis
451 2985 517 3048 suis
541 2985 702 3068 nephariis
734 3005 790 3068 per
818 2985 922 3068 ipsum
956 2999 1065 3046 contra
1088 2985 1239 3047 dominos
1272 3000 1397 3047 nostros
1431 3005 1483 3046 co·

222 3094 323 3172 mites,
347 3093 518 3156 dominum
544 3093 743 3155 Fridericum
768 3106 799 3154 et
823 3093 968 3154 Vlricum
986 3093 1118 3154 comites
1143 3090 1226 3154 Cilie
1252 3108 1310 3154 etc.
1335 3111 1371 3153 ac
1394 3092 1482 3173 regni

222 3199 391 3262 Sclavonie
409 3201 521 3280 banos,
539 3199 690 3262 dominos
709 3213 835 3262 nostros
850 3199 1013 3281 graciosos
1037 3211 1068 3260 et
1092 3212 1201 3260 contra
1218 3199 1482 3261 communitatem

221 3307 356 3368 civitatis
388 3307 577 3369 eorumdem
602 3307 811 3368 dominorum
836 3319 1018 3368 nostrorum
1047 3305 1265 3386 graciosorum
1293 3305 1483 3386 Montisgre·

221 3414 323 3475 censis
347 3427 471 3492 vocate,
496 3414 606 3476 illicite
632 3414 731 3475 modo
762 3413 937 3496 prescripto
970 3411 1169 3495 perpetratis,
1194 3432 1231 3471 ex
1255 3411 1483 3473 commissione

222 3520 320 3602 ipsius
344 3521 469 3583 domini
494 3520 592 3583 Vlrici
624 3521 752 3583 comitis
782 3521 885 3582 oculis
913 3520 1029 3602 privari
1063 3518 1225 3582 debuisset
1249 3533 1280 3580 et
1304 3519 1428 3594 orbari;
1454 3533 1484 3581 et

221 3625 293 3689 licet
319 3627 445 3690 blasius
470 3627 574 3689 dictus
598 3628 714 3689 Blasko
740 3627 849 3706 cliens,
867 3625 952 3688 filius
970 3627 1052 3688 Petri
1078 3627 1117 3687 de
1144 3626 1257 3709 Kopan
1277 3639 1307 3686 et
1332 3625 1484 3687 Nicolaus

222 3731 305 3796 filius
330 3735 428 3797 Blasii
454 3734 555 3796 Zalati
581 3734 660 3796 socii
678 3754 734 3796 seu
751 3734 921 3795 servitores
946 3733 1044 3816 ipsius
1063 3731 1228 3794 Michaelis
1246 3729 1330 3796 Racz
1355 3746 1484 3814 propter

220 3855 303 3902 certa
335 3842 436 3903 eciam
471 3839 553 3903 lacta
576 3860 632 3903 sua
664 3860 721 3903 seu
745 3859 857 3902 eorum
891 3839 1001 3901 illicita
1035 3853 1066 3900 et
1098 3839 1192 3918 atala,
1217 3839 1302 3920 juxta
1334 3851 1483 3900 contenta

220 3948 379 4029 privilegii
404 3949 504 4010 nostri
529 3947 710 4010 communis
734 3967 771 4009 ex
796 3947 1023 4010 commissione
1051 3945 1198 4007 similiter
1221 3945 1334 4027 prefati
1360 3945 1484 4007 domini

221 4054 318 4116 nostri
345 4055 472 4117 comitis
496 4055 593 4116 Vlrici
620 4055 651 4116 in
677 4054 867 4138 corporibus
887 4073 999 4116 eorum
1024 4053 1130 4135 puniri
1155 4051 1350 4128 debuissent,
1376 4064 1483 4113 tamen

220 4161 294 4242 quia
320 4161 529 4223 honorabiles
554 4161 610 4222 viri
637 4162 713 4223 certi
738 4161 862 4223 domini
880 4159 1026 4222 canonici
1051 4159 1182 4220 ecclesie
1208 4157 1424 4239 zagrabiensis
1449 4178 1484 4218 ac

224 4267 387 4330 lleremite
413 4268 541 4330 claustri
558 4269 650 4330 beate
676 4267 775 4329 Matie
807 4267 939 4347 virginis
964 4267 1004 4327 de
1037 4266 1259 4348 promontorio
1283 4264 1481 4346 zagrabiensi

221 4393 255 4436 ec
271 4375 414 4456 religiosi
439 4375 498 4436 viri
522 4375 718 4457 guardianus
735 4374 863 4436 claustri
888 4374 986 4435 sancti
1008 4373 1165 4434 Francisci
1189 4385 1219 4432 et
1243 4371 1330 4453 prior
1355 4370 1483 4432 claustri

220 4483 317 4544 sancti
343 4481 469 4544 Nicolai
494 4481 684 4544 confessoris
701 4481 856 4562 Zagrabie
881 4479 1088 4542 fundatorum
1107 4479 1207 4542 etalii
1233 4479 1362 4561 plurimi
1381 4479 1482 4540 eciam

223 4587 347 4651 discreti
373 4601 405 4650 et
429 4587 571 4670 religiosi
596 4587 654 4648 viri
680 4607 738 4670 pro
770 4587 891 4649 eisdem
924 4585 1184 4648 malefactoribus
1215 4599 1246 4647 et
1270 4585 1402 4666 captivis
1426 4584 1483 4645 do-

223 4697 308 4758 mino
334 4694 479 4758 Seboldo
505 4696 614 4778 Mayar
639 4695 807 4778 capitaneo
832 4693 972 4777 predicte
995 4693 1132 4755 civitatis
1158 4691 1437 4772 Montisgrecensis
1454 4705 1484 4751 et

222 4804 313 4866 nobis
338 4817 415 4886 puta
439 4802 662 4865 communitati
681 4801 816 4863 civitatis
839 4801 980 4884 predicte
1006 4801 1035 4861 in
1054 4820 1093 4862 co
1118 4799 1348 4882 supplicarunt,
1366 4813 1400 4860 ut
1417 4799 1483 4880 ipse

223 4910 372 4972 dominus
397 4911 581 4993 capitaneus
602 4923 633 4971 et
658 4908 873 4970 communitas
890 4908 1030 4991 predicta
1048 4907 1199 4989 predictis
1224 4903 1484 4966 malefactoribus

223 5018 353 5099 captivis
377 5015 595 5078 misericordia
622 5014 673 5077 dei
699 5015 778 5076 moti
803 5027 834 5076 et
851 5034 943 5076 causa
964 5014 1110 5075 omnium
1136 5027 1317 5074 sanctorum
1345 5011 1393 5071 dei
1413 5031 1482 5092 gra-
