3738 5786
416 585 472 627 112
792 568 878 626 Anno
901 563 992 644 1456.
1018 600 1059 610 -
1077 581 1112 642 3.
1137 567 1296 625 decembris.

411 781 488 842 dum
514 781 675 862 juraverit,
691 793 767 841 tunc
783 780 844 841 sibi
868 779 1013 841 residuos
1038 778 1080 840 tx
1104 778 1172 842 flor.
1191 779 1260 840 auri
1276 778 1400 840 solvere
1423 778 1585 840 tenebitur
1601 777 1668 860 ipse

411 889 536 950 Blasius
560 887 711 950 carnilex.

519 995 596 1057 ltem
622 994 696 1075 quia
723 994 848 1056 Blasius
872 993 956 1056 filius
981 993 1109 1056 Thome
1134 992 1174 1054 de
1202 991 1305 1070 cheb,
1329 990 1527 1074 lutifigulus‚
1552 989 1678 1052 inhabi-

410 1115 494 1162 tator
518 1101 655 1162 civitatis
685 1101 840 1183 predicte,
872 1100 905 1161 id
929 1119 1002 1162 cum
1035 1098 1206 1162 sufficienti
1239 1111 1270 1161 et
1301 1096 1467 1179 fidedigno
1491 1110 1676 1160 nostrorum

411 1209 593 1270 concivium
611 1208 798 1270 testimonio
823 1207 920 1270 hodie
945 1207 1069 1268 insede
1095 1220 1201 1268 nostra
1218 1205 1384 1286 judiciaria
1402 1205 1486 1266 clare
1511 1219 1542 1266 et
1558 1205 1678 1266 seriose

411 1315 636 1397 comprobavit
660 1335 767 1376 coram
799 1314 902 1393 nobis,
934 1328 968 1375 ut
1001 1313 1079 1375 dum
1103 1312 1238 1395 provida
1270 1312 1408 1374 condam
1433 1311 1551 1374 mulier
1575 1310 1676 1372 Elena

411 1436 533 1500 vocata,
559 1422 668 1484 relicta
693 1422 830 1483 condam
857 1420 1009 1502 Symonis
1040 1420 1157 1481 sutoris
1191 1418 1267 1480 dicti
1296 1418 1447 1496 Barilotv‚
1471 1417 1502 1479 in
1529 1417 1679 1480 extremis

412 1530 475 1591 vite
499 1550 555 1591 sue
579 1529 767 1609 temporalis
791 1529 977 1605 laborasset,
1001 1541 1077 1588 tunc
1102 1527 1170 1608 ipsa
1195 1526 1330 1588 domum
1354 1543 1446 1586 suam
1472 1543 1545 1586 cum
1571 1522 1675 1585 fundo

412 1652 443 1698 et
467 1637 584 1699 celatio
608 1639 818 1697 subterraneo
842 1654 878 1695 ac
910 1633 1068 1695 hedificiis
1101 1634 1132 1694 in
1157 1633 1320 1694 vicinitate
1354 1631 1470 1694 domus
1501 1631 1678 1692 liberorum

411 1764 467 1806 seu
500 1743 653 1804 heredum
688 1741 825 1803 condam
859 1741 972 1802 Briccii
1004 1740 1121 1802 sutoris
1156 1739 1324 1818 habitam‚·
1345 1757 1443 1799 unam
1468 1751 1613 1819 quartam
1647 1750 1679 1797 et

412 1865 557 1913 octavam
583 1850 669 1911 curie
695 1850 726 1910 in
752 1867 785 1910 se
810 1848 1040 1926 continentem,
1066 1866 1138 1909 cum
1156 1847 1222 1906 suis
1246 1843 1438 1906 utilitatibus
1462 1858 1494 1905 et
1517 1843 1677 1926 pertinen·

412 1959 469 2020 ciis
491 1957 649 2020 universis
673 1954 796 2038 prefato
815 1955 922 2016 Blasio
944 1953 1032 2016 fratri
1056 1972 1115 2014 suo
1132 1951 1252 2014 carnali
1270 1951 1440 2032 legavisset
1456 1963 1487 2012 et
1504 1948 1678 2011 dimisisset

411 2064 478 2146 jure
513 2064 700 2147 perhennali
734 2062 973 2145 possidendam,
1006 2061 1144 2141 ideoque
1177 2077 1236 2120 nos
1267 2057 1402 2119 eandem
1435 2057 1569 2118 domum
1602 2075 1676 2118 cum

412 2169 513 2237 fundo
539 2183 570 2232 et
601 2170 719 2231 celario
752 2170 960 2230 subterraneo
989 2187 1024 2228 ac
1056 2165 1214 2228 hedificiis
1246 2163 1340 2226 unius
1371 2177 1483 2245 quarte
1508 2175 1539 2225 et
1562 2175 1677 2224 octave

411 2277 523 2360 (curie)
540 2297 576 2338 ac
595 2276 665 2338 aliis
683 2275 805 2336 cunctis
821 2274 886 2336 suis
902 2273 1094 2335 utilitatibus
1115 2285 1146 2335 et
1163 2269 1368 2354 pertinenciis
1392 2269 1549 2331 universis
1566 2267 1672 2331 eidem

413 2385 521 2448 Blasio
545 2383 707 2464 lutifigulo
733 2395 767 2443 ut
797 2381 862 2461 jam
886 2400 972 2442 novo
1001 2380 1125 2441 concivi
1156 2393 1266 2440 nostro
1290 2398 1327 2440 ac
1351 2397 1406 2460 per
1431 2395 1505 2438 eum
1530 2376 1596 2438 suis
1620 2375 1675 2436 he·

412 2492 543 2553 redibus
566 2489 735 2550 statuimus
760 2500 791 2549 et
822 2485 1085 2549 confirmavimus
1110 2485 1176 2560 jure
1209 2499 1364 2566 perpetuo
1389 2481 1617 2566 possidendam
1642 2495 1675 2543 et

412 2595 719 2679 quomodocumque
743 2593 883 2655 voluerit
914 2591 1149 2674 disponendam
1176 2591 1262 2672 juxta
1287 2589 1513 2652 condicionem
1539 2588 1679 2650 civitatis

411 2715 577 2786 prenotate
601 2701 641 2762 ab
665 2700 800 2781 antiquo
825 2701 1048 2782 approbatam.

465 2919 562 2994 latia
591 2927 688 2992 sexta
718 2921 872 3009 proxima
901 2927 979 2988 ante
1007 2918 1130 2990 festum
1159 2921 1276 2988 sancte
1304 2915 1454 2986 Barbate
1480 2916 1624 3003 virginis

852 3050 886 3114 et
913 3045 1069 3114 martiris
1098 3041 1234 3112 Christi.

930 3195 971 3272 (3.
995 3193 1173 3268 decembris).

518 3339 595 3400 ltem
620 3337 774 3400 Nicolaus
798 3349 899 3398 sartor
923 3334 1008 3397 filius
1025 3334 1174 3396 Damiani
1193 3347 1304 3396 contra
1320 3332 1538 3413 Augustinum
1567 3331 1677 3394 Kusne

412 3444 554 3508 secundo
579 3445 692 3506 citatus
716 3462 780 3504 non
807 3441 997 3523 comparuit.

518 3550 595 3612 ltem
622 3549 706 3610 lwan
733 3547 957 3630 Skrobothych
990 3567 1062 3608 cum
1096 3566 1205 3608 sorore
1231 3558 1261 3606 et
1294 3545 1424 3606 domina
1449 3549 1542 3606 Anna
1569 3544 1677 3606 relicta

413 3657 550 3718 condam
576 3657 657 3717 Pero
682 3655 787 3738 jurati,
819 3654 923 3736 crispi,
956 3667 1064 3716 contra
1091 3651 1223 3716 Gallum
1250 3651 1392 3734 Sultalyn
1426 3652 1548 3714 dictum
1571 3652 1677 3734 primo

413 3763 497 3825 citati
523 3782 588 3824 non
614 3773 873 3843 comparuerunt.

519 3871 596 3932 ltem
621 3869 771 3951 magister
796 3869 943 3930 Matheus
975 3867 1119 3928 notarius
1147 3879 1256 3928 contra
1282 3865 1412 3927 Petrum
1445 3863 1549 3926 filium
1575 3865 1677 3926 Bene·

413 3976 488 4037 dicti
515 3975 636 4038 Brodar
657 3975 763 4057 primo
787 3975 901 4036 citatus
925 3993 990 4034 noo
1015 3973 1206 4055 comparuit.

519 4083 596 4144 ltem
622 4082 803 4164 Stephanus
827 4095 916 4142 sutor
937 4100 1036 4162 gener
1059 4079 1207 4162 Dyonisii
1232 4079 1385 4140 institoris
1409 4091 1518 4140 contra
1543 4097 1676 4140 uxorem

413 4188 557 4249 eiusdem
583 4189 730 4271 Dyonisii
756 4188 910 4250 institoris
933 4187 1038 4270 primo
1065 4187 1178 4256 citatus
1202 4205 1266 4247 non
1292 4186 1482 4268 comparuit.

519 4295 597 4356 ltem
621 4295 713 4375 jurati
739 4294 1004 4376 adjudicaverunt
1027 4313 1155 4355 causam
1180 4292 1364 4354 certaminis
1388 4292 1470 4354 inter
1495 4290 1675 4354 Johannem

413 4401 552 4482 judicem
577 4401 696 4462 dictum
722 4400 898 4484 Perowych
923 4412 958 4461 ut
982 4413 1133 4478 actorem,
1165 4413 1196 4460 et
1221 4399 1301 4460 inter
1326 4397 1513 4460 Ladislaum
1538 4397 1675 4478 juratum

413 4525 567 4586 generum
594 4506 763 4567 Laurencii
796 4507 950 4568 institoris
980 4507 1012 4567 in
1045 4505 1128 4568 sacto
1161 4505 1235 4567 salis
1267 4518 1405 4586 quatuor
1429 4523 1598 4566 saccorum
1623 4503 1675 4565 ha·

414 4613 525 4690 bitum,
549 4612 604 4673 tali
630 4613 739 4690 mod0‚
765 4627 798 4674 ut
823 4613 898 4694 quia
929 4613 996 4694 ipse
1022 4612 1191 4673 Ladislaus
1213 4631 1247 4672 se
1271 4611 1377 4672 taliter
1401 4610 1569 4692 obligavit,
1594 4623 1628 4672 ut
1651 4609 1675 4670 si

414 4719 480 4798 ipse
506 4718 562 4780 illo
587 4737 671 4780 anno
696 4719 727 4779 in
753 4739 818 4800 quo
844 4720 910 4800 ipse
936 4718 1098 4780 lohannes
1122 4717 1217 4798 judex
1252 4717 1446 4779 tricesimam
1474 4716 1513 4777 de
1538 4716 1604 4778 sale
1629 4715 1675 4797 ip·

414 4843 521 4885 sorum
539 4839 677 4906 quatuor
702 4845 866 4886 saccorum
885 4828 924 4887 ab
950 4825 1063 4886 eodem
1084 4823 1233 4885 Ladislao
1251 4823 1355 4903 jurato
1379 4824 1553 4905 repetebat,
1572 4823 1675 4906 ipsum

415 4931 459 4991 sal
484 4929 523 4990 de
548 4931 669 5011 oppido
696 4930 841 5012 Kerchky
866 4931 944 5010 grad
970 4931 1104 4992 domum
1136 4930 1335 5009 conduxerit,
1360 4943 1475 4991 extunc
1500 4929 1606 5012 ipsum
1630 4927 1676 4988 sal

416 5036 589 5119 deperdere
613 5037 728 5098 debeat
751 5050 781 5097 et
805 5037 864 5118 ipsi
882 5037 1020 5098 iohanni
1045 5037 1158 5098 cedere
1175 5037 1308 5112 debeat;
1335 5049 1364 5097 et
1381 5036 1456 5117 quia
1475 5035 1506 5096 id
1532 5055 1569 5096 ex
1587 5033 1675 5096 testi·
