3738 5786
381 489 422 550 90
798 473 883 530 Anno
909 484 997 550 1455.
1023 507 1064 516 --
1088 487 1117 534 2.
1141 476 1221 535 maii.

380 681 485 762 jurati,
510 683 585 745 dicti
604 685 862 768 Fudrichewych
879 685 976 746 bodie
1006 687 1218 768 proponebat,
1235 706 1273 747 ex
1290 705 1328 748 eo
1346 686 1421 767 quia
1447 687 1514 768 ipsa
1531 686 1646 748 Vrsula

379 808 464 851 nunc
496 789 535 851 ad
571 792 708 854 Romam
742 811 874 874 peregre
906 791 1048 874 profecta
1073 806 1130 873 est,
1158 812 1261 875 usque
1292 792 1466 854 adventum
1499 793 1644 856 eiusdem

378 896 492 959 Vrsule
516 898 660 960 mulieris
676 898 716 960 de
741 899 856 979 Roma,
881 913 935 961 aut
951 899 1019 982 ipsa
1036 899 1157 961 ibidem
1175 899 1332 961 moriente
1350 918 1451 980 usque
1468 899 1644 961 adventum

378 1004 540 1065 sociorum
565 1005 633 1066 eius
656 1003 696 1066 de
717 989 834 1067 ¹eadem
867 1006 971 1068 Roma
995 1005 1146 1087 primitus
1169 1006 1231 1068 deo
1264 1005 1360 1068 dante
1383 1004 1537 1085 fiendum,
1562 1018 1646 1068 statu

377 1111 409 1171 in
436 1111 552 1173 eodem
578 1127 608 1173 et
632 1112 771 1194 birsagio
803 1114 924 1194 absque
953 1113 1042 1174 omni
1075 1110 1210 1174 fecimus
1234 1130 1426 1194 prorogare3
1459 1113 1509 1175 cui
1534 1133 1645 1195 proro-

376 1217 503 1298 gacioni
528 1217 629 1300 ipsius
660 1238 754 1281 cause
784 1238 841 1300 per
865 1238 923 1280 nos
956 1216 1035 1280 facte
1061 1219 1128 1300 ipse
1161 1217 1303 1282 Mathesa
1336 1237 1430 1280 suum
1456 1219 1645 1281 benivolum

378 1344 570 1386 consensum
595 1327 723 1408 prebuit
747 1327 865 1408 pariter
889 1341 920 1387 et
944 1345 1119 1388 assensum.

483 1433 561 1494 ltem
587 1433 743 1494 Martinus
774 1433 877 1494 dictus
910 1432 1093 1494 Kordinacz
1124 1431 1209 1494 filius
1242 1432 1341 1494 Lucie
1365 1432 1503 1515 pistricis
1534 1446 1643 1495 contra

377 1538 555 1620 Georgium
580 1539 760 1623 Dragawyn
786 1540 891 1622 primo
915 1540 1029 1602 citatus
1054 1558 1119 1600 non
1145 1539 1334 1621 comparuit.

482 1646 560 1708 ltem
586 1646 762 1728 Gregorius
787 1647 931 1707 Percerta
965 1659 1074 1707 contra
1100 1644 1279 1727 Georgium
1311 1645 1495 1707 sellatorem
1520 1645 1641 1707 dictum

377 1750 487 1834 Gurga
512 1753 617 1835 primo
642 1755 755 1815 citatus
779 1773 844 1814 non
869 1753 1059 1835 comparuit.

483 1859 560 1921 Item
586 1860 697 1922 Petrus
722 1859 868 1922 Kathana
901 1873 1010 1921 contra
1035 1857 1199 1942 Mathyam
1233 1871 1374 1920 sutorem
1398 1859 1505 1940 primo
1529 1859 1643 1920 citatus

375 1986 440 2027 non
467 1967 656 2048 comparuit.

481 2073 558 2135 ltem
585 2073 694 2135 Gurak
720 2072 814 2136 frater
840 2073 948 2155 Egidii
972 2070 1129 2134 carnificis
1153 2085 1263 2134 contra
1288 2071 1474 2154 Philippum
1498 2085 1641 2134 sutorem

374 2179 407 2240 in
432 2180 537 2262 primo
555 2180 676 2260 judicio
700 2181 846 2263 proxime
863 2179 1042 2242 occurrenti
1060 2179 1100 2240 ad
1118 2179 1243 2262 objecta
1269 2178 1369 2260 ipsius
1387 2177 1535 2264 ¹Philippi
1551 2194 1640 2246 tene-

374 2286 459 2348 bitur
483 2287 687 2369 respondere.

479 2392 558 2456 ltem
590 2413 718 2456 causam
743 2393 842 2455 Marci
874 2392 931 2455 filii
964 2393 1120 2455 lobannis
1152 2392 1193 2454 de
1225 2390 1356 2471 Chawa,
1386 2405 1420 2452 ut
1450 2393 1576 2470 actoris,
1609 2405 1640 2454 et

374 2499 466 2560 Pauli
492 2497 656 2579 aurifabri,
679 2499 773 2581 jurati
798 2500 843 2561 sic
869 2499 1146 2582 adjudicaverunt,
1172 2512 1207 2560 ut
1230 2499 1298 2580 ipse
1316 2499 1443 2560 Marcus
1467 2498 1550 2581 ipsas
1566 2517 1639 2560 suas

376 2605 533 2666 sessiones
556 2605 787 2688 jobagionales,
812 2625 910 2688 penes
938 2620 1038 2668 metas
1058 2607 1089 2667 in
1123 2605 1286 2686 regalibus
1308 2604 1409 2666 literis
1433 2618 1639 2686 expressurus,

373 2712 470 2774 debet
492 2713 579 2774 licite
604 2727 635 2774 et
650 2712 731 2794 juste
755 2713 931 2795 possidere,
949 2727 980 2775 et
998 2714 1064 2796 ipse
1088 2713 1207 2774 Paulus
1224 2712 1386 2774 aurifaber
1409 2731 1468 2793 pro
1493 2712 1637 2793 eoquod

372 2819 472 2901 ipsam
506 2839 602 2908 unam
638 2833 761 2902 partem
788 2820 886 2902 ipsius
917 2820 1013 2881 unius
1040 2819 1191 2881 sessionis
1222 2817 1393 2900 occupavit
1423 2818 1505 2879 ultra
1537 2831 1638 2880 metas

372 2927 471 3008 ipsius
496 2927 606 3005 Marci,
623 2927 776 2988 remansit
800 2927 831 2987 in
850 2925 934 2989 facto
959 2927 1128 3008 potencie;
1153 2925 1192 2986 de
1210 2945 1275 3006 quo
1289 2923 1409 3006 judicio
1434 2924 1502 3005 ipse
1519 2923 1638 2985 Paulus

372 3031 532 3094 aurifaber
549 3052 615 3094 non
638 3047 808 3094 contentus
825 3033 1000 3115 appellavit
1018 3033 1049 3094 in
1067 3032 1265 3115 presenciam
1290 3031 1455 3093 seniorum
1479 3030 1635 3112 judicium

370 3160 428 3222 pro
454 3139 579 3201 meliori
605 3139 704 3222 ipsius
729 3159 822 3202 cause
847 3139 1130 3202 determinacione.

476 3246 553 3307 ltem
578 3245 671 3327 jurati
696 3245 963 3328 adjudicaverunt
986 3258 1116 3308 causam
1149 3247 1230 3308 inter
1255 3245 1470 3308 Laurencium
1496 3243 1637 3326 juratum

371 3365 401 3413 et
427 3352 509 3414 inter
526 3352 704 3414 Jobannem
723 3367 876 3414 sartorem
894 3372 1049 3432 generum
1068 3351 1233 3414 Benedicti
1251 3351 1436 3435 Wentbycb
1454 3351 1510 3412 tali
1527 3350 1638 3428 modo,

371 3470 405 3518 ut
429 3458 495 3539 ipse
522 3457 717 3520 Laurencius
749 3459 869 3541 juratus
893 3458 976 3540 justo
1001 3459 1100 3520 modo
1133 3459 1249 3540 pignus
1283 3458 1412 3541 recepit,
1437 3457 1504 3539 ipse
1529 3470 1636 3520 autem

372 3563 534 3624 lohannes
557 3583 616 3646 pro
640 3583 679 3626 eo
712 3565 800 3646 quod
832 3584 898 3626 non
931 3565 1111 3647 comparuit
1137 3583 1246 3626 coram
1278 3564 1394 3646 juram,
1418 3564 1571 3626 remansit
1603 3565 1635 3626 in

370 3670 509 3751 birsagio
534 3685 686 3733 consveto
719 3687 749 3733 et
772 3672 805 3732 in
836 3672 1003 3733 solucione
1024 3671 1141 3733 decimi
1175 3671 1318 3748 denarii3
1343 3685 1374 3732 et
1397 3691 1455 3753 pro
1480 3691 1519 3733 eo
1544 3671 1633 3752 quod

369 3796 434 3838 non
461 3775 520 3839 fuit
545 3791 713 3840 contentus
737 3777 776 3840 de
800 3777 921 3858 judicio
946 3778 1072 3840 Nicolai
1104 3777 1219 3860 judicis
1242 3791 1274 3840 et
1305 3777 1480 3860 appellavit
1504 3778 1537 3839 in
1562 3797 1635 3860 pre-

368 3883 508 3944 senciam
532 3883 676 3964 judicum
701 3899 732 3946 et
755 3885 932 3966 juratorum
966 3886 998 3946 in
1026 3886 1201 3968 pretorium
1235 3899 1266 3946 et
1290 3884 1411 3946 ibidem
1435 3903 1492 3966 per
1515 3883 1636 3966 juratos

368 3990 400 4050 iu
425 3991 566 4071 pretorio
583 3992 823 4052 communitatis
848 4007 878 4053 et
896 3993 926 4053 in
950 3992 1117 4074 judiciaria
1134 3993 1208 4054 sede
1226 4005 1333 4054 nostra
1357 3992 1497 4074 presenti
1515 3991 1634 4054 eodem

368 4095 467 4157 modo
491 4096 709 4176 adjudicatum
741 4111 787 4159 est
810 4099 891 4160 sicut
923 4099 989 4180 ipse
1021 4098 1116 4180 judex
1149 4097 1355 4182 adjudicavit,
1391 4098 1497 4161 eidem
1529 4098 1632 4180 judici

366 4203 518 4263 remansit
542 4203 572 4263 in
603 4204 741 4285 birsagio
774 4218 943 4282 consveto;
977 4205 1016 4267 de
1049 4225 1114 4287 quo
1139 4205 1259 4287 judicio
1285 4206 1352 4287 ipse
1377 4206 1540 4267 lohannes
1565 4225 1631 4267 non
1673 4247 1676 4254 ·

368 4321 535 4369 contentus
552 4310 726 4390 appellavit
743 4311 878 4372 eandem
896 4331 1023 4373 causam
1041 4313 1072 4372 in
1090 4313 1289 4394 presenciam
1306 4312 1470 4375 seniorum
1487 4312 1632 4395 judicum

365 4433 423 4496 pro
448 4415 573 4476 meliori
598 4415 698 4496 ipsius
721 4437 815 4478 cause
841 4419 1124 4481 determinacione.

473 4521 550 4582 ltem
575 4520 652 4583 feria
678 4537 789 4604 quarta
807 4526 952 4606 proxima
977 4539 1050 4588 ante
1075 4525 1191 4588 festum
1209 4527 1301 4588 beate
1327 4527 1428 4590 Elene
1452 4527 1574 4608 regine,
1591 4527 1632 4588 ad

367 4645 464 4706 quam
489 4627 631 4688 seniores
663 4628 783 4708 judices
815 4651 942 4691 causam
974 4633 1152 4693 sessionum
1179 4633 1278 4694 Marci
1313 4632 1633 4717 Cbawschakowych

366 4732 448 4792 inter
471 4733 578 4815 ipsum
603 4748 633 4795 et
659 4735 740 4796 inter
765 4736 902 4798 Paulum
919 4736 1117 4800 aurifabrum
1139 4739 1282 4801 habitam
1300 4753 1331 4802 et
1355 4760 1410 4824 per
1436 4740 1555 4818 juratos
1573 4760 1631 4801 nu-

366 4837 503 4917 perrime
529 4839 755 4921 adjudicatam,
780 4863 876 4924 quam
902 4845 968 4925 ipse
995 4845 1113 4907 Paulus
1129 4847 1169 4907 'in
1195 4847 1395 4928 presenciam
1424 4847 1565 4928 ipsorum
1584 4867 1632 4907 se-

366 4942 494 5004 niorum
518 4943 662 5026 judicum
686 4967 745 5030 pro
763 4949 888 5012 meliori
914 4951 1013 5033 ipsius
1030 4971 1123 5014 cause
1149 4954 1387 5016 deliberacione
1404 4955 1633 5037 appellaverat,
