3644 5788
389 587 452 648 240
786 571 871 628 Anno
896 567 987 648 1463.
1013 605 1053 613 -
1077 585 1125 648 13.
1153 570 1240 631 maii.

494 783 570 844 Item
597 784 699 844 Lucas
731 797 831 844 sartor
863 783 997 844 claudus
1029 784 1133 864 primo
1167 785 1280 844 citatus
1312 798 1421 844 contra
1447 783 1646 843 Anthonium

387 889 560 968 agricolam
587 909 652 950 non
677 890 857 971 comparuit
882 891 912 950 in
938 889 1058 969 judicio
1083 910 1190 951 coram
1217 890 1319 952 nobis.

493 996 570 1057 ltem
595 1017 723 1058 causam
741 999 822 1057 inter
847 997 1033 1057 Ladislaum
1051 996 1299 1078 Charanthoych
1324 1009 1354 1057 et
1379 997 1461 1056 inter
1486 995 1648 1056 Thomam

386 1115 539 1163 sartorem
565 1105 692 1164 racione
718 1105 952 1164 combustionis
976 1103 1092 1164 domus
1117 1103 1216 1184 ipsius
1242 1103 1381 1164 Ladislai
1406 1101 1500 1182 jurati
1526 1101 1648 1181 adjudi-

386 1223 548 1286 caverunt,
575 1210 662 1290 quod
697 1211 764 1292 ipse
790 1211 959 1270 Ladislaus
990 1209 1094 1292 jurare
1118 1210 1280 1270 tenebitur
1311 1209 1409 1270 tercio
1434 1229 1467 1268 se
1492 1209 1650 1268 similibus

385 1315 510 1376 civibus
542 1314 620 1377 seria
653 1331 738 1377 sexta
771 1318 915 1398 proxime
948 1331 1080 1377 ventura
1114 1318 1145 1376 in
1179 1337 1231 1377 ara
1263 1329 1371 1378 sancte
1396 1315 1510 1377 Crucis
1534 1315 1648 1392 taliter,

386 1422 474 1503 quod
509 1423 657 1504 quitquid
695 1424 761 1505 ipse
793 1425 925 1506 dampni
963 1443 1072 1505 passus
1109 1437 1173 1500 est;
1209 1423 1286 1483 dum
1323 1423 1450 1502 jurabit,
1487 1421 1548 1482 hoc
1584 1422 1647 1503 ipse

386 1527 532 1588 Thomas
557 1543 658 1590 sartor
690 1529 795 1590 cidem
829 1529 979 1590 Ladislao
1009 1529 1132 1590 solvere
1164 1530 1342 1606 tenebitur;
1375 1529 1414 1590 de
1439 1548 1505 1610 quo
1530 1527 1648 1607 judicio

386 1635 453 1716 ipse
477 1634 624 1696 Thomas
655 1649 756 1697 sartor
780 1655 844 1696 non
870 1649 1041 1697 contentus
1068 1635 1108 1695 ad
1132 1637 1275 1697 seniores
1299 1635 1492 1717 appellasset
1516 1633 1647 1714 judices.

492 1740 569 1802 ltem
595 1761 723 1802 causam
748 1743 830 1802 inter
863 1743 1029 1803 Simonem
1058 1755 1199 1803 sutorem
1225 1755 1256 1802 et
1288 1743 1370 1803 inter
1396 1741 1561 1802 Thomam
1585 1759 1648 1800 sar-

385 1860 486 1909 torem
512 1849 641 1910 racione
666 1849 924 1910 distrabiacionis
947 1863 1048 1910 tectus
1073 1850 1189 1910 domus
1214 1849 1313 1930 ipsius
1338 1848 1480 1910 Simonis
1504 1861 1648 1928 tempore

385 1955 658 2016 concrenracionis
682 1956 797 2016 domus
823 1956 922 2036 ipsius
947 1955 1075 2016 Thome
1093 1956 1232 2032 sartoris,
1256 1953 1347 2036 jurati
1373 1953 1648 2034 adjudicaverunt,

385 2060 472 2141 quod
499 2061 565 2142 ipse
591 2062 702 2122 Simon
729 2062 828 2122 tercio
853 2081 886 2122 se
910 2063 1070 2123 similibus
1094 2063 1217 2123 civibus
1239 2063 1270 2122 in
1295 2081 1334 2122 eo
1358 2061 1463 2141 jurare
1488 2060 1648 2122 tenebitur

385 2167 415 2228 in
441 2188 493 2228 ara
517 2181 624 2229 sancte
650 2167 763 2229 Crucis
787 2185 944 2250 quantum
981 2169 1157 2250 dampnum
1181 2189 1291 2251 passus
1315 2181 1361 2229 est
1386 2168 1452 2249 ipse
1478 2167 1591 2228 Simon
1616 2167 1646 2226 in

385 2273 454 2354 ipso
478 2286 562 2335 tecto
587 2295 656 2353 suu,
682 2275 741 2336 hoc
768 2275 834 2357 ipse
859 2275 1005 2336 Thomas
1029 2275 1134 2336 eidem
1164 2275 1286 2336 solvere
1311 2274 1474 2335 tenebitur
1498 2272 1576 2333 dum
1601 2271 1645 2352 ju-

385 2380 483 2456 rabit;
508 2379 547 2440 de
573 2401 637 2461 quo
655 2381 775 2462 judicio
801 2382 867 2462 ipse
892 2381 1039 2442 Thomas
1055 2402 1120 2442 non
1138 2395 1307 2442 contentus
1324 2380 1364 2441 ad
1382 2379 1524 2440 seniores
1541 2378 1645 2460 appel·

385 2485 480 2546 lasset
505 2485 635 2566 judices.

490 2591 567 2653 ltem
593 2613 719 2654 causam
745 2593 845 2655 Elene
871 2595 978 2657 relicte
1004 2595 1140 2656 condam
1167 2595 1308 2656 Simonis
1333 2593 1419 2671 Ceri,
1454 2611 1551 2674 quam
1578 2590 1644 2672 qui-

384 2698 458 2758 dam
484 2699 599 2760 Jansek
624 2700 715 2761 aliter
740 2699 915 2782 Dyonisius
947 2703 1050 2762 dictus
1073 2703 1292 2781 copulaverat,
1324 2702 1378 2781 qui
1404 2714 1450 2761 est
1475 2717 1645 2780 suspensus

383 2817 513 2885 propter
537 2825 592 2866 sua
618 2806 784 2885 demerita,
809 2807 913 2868 taliter
945 2808 1211 2888 adjudicaverunt
1235 2807 1339 2888 jurati,
1364 2805 1453 2887 quod
1479 2806 1556 2887 quia
1580 2805 1643 2886 ipse

388 2909 500 2971 habuit
524 2912 619 2972 aliam
638 2932 781 2990 uxorem,
799 2915 886 2994 quod
911 2915 942 2974 in
962 2915 1017 2975 illo
1046 2917 1133 2995 quod
1155 2915 1260 2976 eidem
1289 2913 1517 2996 propinaverat
1540 2913 1571 2972 in
1590 2911 1643 2971 illo

387 3015 500 3078 eadem
524 3017 654 3099 pacifice
679 3039 842 3082 remanere
875 3021 996 3097 valeat;
1029 3020 1084 3081 sed
1109 3021 1134 3080 si
1167 3020 1291 3102 aliquid
1325 3019 1400 3080 boni
1427 3019 1528 3100 ipsius
1559 3016 1643 3093 luris,

386 3123 440 3202 qui
467 3123 682 3206 dampnificati
707 3141 780 3188 sunt
807 3128 921 3188 rescire
950 3140 1110 3208 poterunt,
1140 3142 1254 3188 extunc
1280 3126 1334 3187 illa
1351 3125 1492 3186 vendere
1510 3123 1642 3184 valeant.

384 3339 479 3413 Faria
509 3353 606 3415 sexta
636 3351 788 3434 proxima
823 3355 899 3436 post
927 3347 1048 3418 festum
1091 3345 1325 3436 Apparicionis
1353 3343 1443 3416 beati
1475 3342 1643 3416 Michaelis

908 3469 1109 3559 archangeli.

918 3625 980 3702 (13.
1004 3624 1102 3700 maii).

488 3764 565 3825 ltem
591 3765 771 3846 Stephanus
803 3765 986 3848 Jagychych
1019 3781 1129 3828 contra
1162 3767 1292 3828 Petrum
1319 3765 1510 3828 Barbetium
1536 3785 1646 3826 secun-

382 3869 471 3930 dario
496 3871 610 3931 citatus
635 3871 666 3931 in
692 3870 811 3952 judicio
836 3891 901 3932 non
927 3875 1116 3954 comparuit.

486 3975 562 4036 ltem
599 3997 724 4038 causam
759 3979 841 4040 inter
873 3978 1039 4040 Vrbanum
1079 3981 1256 4060 agricolam
1294 3998 1451 4062 generum
1491 3977 1646 4040 lobannis

381 4079 575 4164 Wenthych,
607 4097 771 4162 sartorem,
800 4083 893 4166 jurati
926 4085 1202 4167 adjudicaverunt,
1235 4086 1323 4168 quod
1356 4086 1467 4148 omnia
1493 4085 1560 4162 illa,
1585 4103 1645 4165 que

380 4185 445 4264 ipse
478 4187 639 4248 Johannes
671 4189 853 4272 Wenthych
886 4193 1034 4273 promisit
1065 4194 1171 4255 eidem
1203 4193 1336 4255 Vrbano
1368 4212 1442 4254 cum
1479 4190 1548 4252 filia
1580 4210 1644 4268 sua,

381 4290 529 4353 videlicet
545 4295 751 4356 medietatem
769 4297 882 4376 civilis,
901 4299 988 4379 quod
1006 4299 1073 4381 ipse
1090 4300 1277 4362 testimonio
1294 4298 1523 4382 comprobavit
1540 4315 1644 4359 coram

381 4397 483 4475 nobis,
508 4399 587 4460 illud
613 4401 679 4482 ipse
711 4402 816 4463 eidem
850 4403 925 4465 dare
956 4407 1128 4484 tenebitur,
1161 4421 1192 4468 et
1216 4406 1325 4467 omnia
1358 4405 1553 4467 vestimenta
1578 4421 1645 4464 rnu-

380 4499 502 4582 liebria,
527 4524 589 4585 que
621 4521 766 4589 tempore
799 4511 1019 4590 copulacionis
1051 4513 1157 4574 eidem
1183 4515 1256 4574 date
1289 4511 1431 4590 luerunt,
1457 4511 1536 4572 dare
1560 4524 1645 4571 teue-

382 4605 483 4684 bitur3
516 4609 555 4670 de
585 4631 650 4691 quo
682 4611 802 4692 judicio
835 4617 902 4697 ipse
935 4617 1097 4680 Johannes
1129 4639 1194 4682 non
1228 4633 1399 4682 contentus
1432 4617 1472 4679 ad
1504 4617 1644 4679 seniores

381 4713 552 4791 appellavit
576 4715 706 4796 judices.

485 4819 560 4880 ltem
585 4842 712 4884 causam
730 4825 812 4886 inter
837 4829 955 4890 Lucam
978 4846 1120 4894 sutorem
1146 4847 1176 4894 et
1194 4835 1365 4895 Nicolaum
1385 4831 1640 4894 barbitonsorem

380 4924 504 4985 racione
537 4930 763 4992 medicacionis
802 4937 959 5016 vulneris,
991 4939 1084 5019 jurati
1125 4941 1410 5020 adjudicaverunt,
1453 4939 1543 5020 quod
1577 4937 1640 5020 ipse

381 5028 482 5091 Lucas
513 5049 600 5094 sutor
631 5039 789 5101 tenebitur
819 5041 921 5122 jurare
955 5045 993 5105 ad
1027 5065 1141 5108 manus
1175 5050 1271 5110 unius
1302 5048 1416 5130 jurati,
1450 5051 1541 5132 quod
1576 5050 1639 5131 ipse
