3838 5786
415 509 477 568 350
819 497 904 552 Anno
927 491 1021 572 1469.
1042 528 1086 538 -
1108 510 1138 572 4.
1162 496 1270 556 martii.

413 701 619 786 jobagionetn
631 705 787 788 Franych‚
802 706 886 788 apud
901 725 997 787 quem
1009 725 1073 766 non
1087 705 1159 788 plus
1173 705 1232 766 nisi
1247 705 1302 766 llll
1314 703 1569 766 solidosacduas
1583 722 1674 784 quar·

412 824 460 872 tas
476 813 551 874 salis
568 813 697 894 recepit,
714 813 802 894 quod
819 813 865 874 sal
883 812 1027 874 vendidit
1043 813 1182 894 quedam
1207 813 1322 874 mulier
1345 815 1453 893 Agnes
1468 811 1528 872 sub
1553 809 1673 871 Zrinio.

520 919 598 980 Item
623 920 709 980 idem
734 919 859 982 Blasius
883 919 983 982 lassus
1013 921 1044 981 in
1075 933 1248 998 tormento,
1273 918 1361 1000 quod
1393 915 1552 980 interfecit
1575 935 1674 978 unum

416 1025 582 1086 hominem
609 1025 639 1087 in
667 1026 736 1105 Pul,
753 1041 784 1088 et
808 1027 919 1088 habuit
943 1027 1065 1088 socium
1083 1027 1256 1108 quemdam
1274 1025 1450 1101 hominem,
1475 1023 1560 1107 apud
1579 1043 1674 1105 quern

416 1147 579 1214 receperat
602 1134 674 1195 XVI
700 1133 780 1210 flor,
805 1135 859 1215 qui
885 1133 984 1195 bomo
1010 1133 1068 1195 fuit
1093 1134 1132 1195 de
1155 1135 1273 1195 tenutis
1297 1133 1410 1194 Zadar.

522 1239 599 1301 ltem
627 1239 727 1302 lassus
751 1253 797 1302 est
821 1241 909 1321 quod
933 1241 1052 1322 recepit
1077 1243 1116 1302 ab
1142 1261 1204 1302 una
1221 1241 1355 1302 muliere
1380 1240 1410 1300 in
1437 1239 1495 1300 Pul
1520 1258 1594 1300 curn
1612 1257 1673 1319 qua

415 1345 578 1424 dormivit,
602 1359 676 1408 octo
700 1347 770 1408 flor.

521 1453 597 1515 ltem
626 1452 726 1515 fassus
750 1453 907 1534 estquod
933 1453 1063 1514 dederat
1088 1453 1192 1515 eidem
1212 1452 1377 1515 Anthonio
1401 1452 1492 1514 fabro
1525 1452 1583 1513 XV
1609 1451 1676 1513 flor.

522 1560 597 1620 ltem
623 1559 714 1640 jurati
740 1559 1005 1638 adjudicaverunt
1034 1561 1065 1620 in
1097 1559 1181 1621 facto
1205 1560 1304 1642 ipsius
1337 1559 1433 1620 Blasii
1458 1559 1620 1620 homicide
1644 1573 1675 1620 et

418 1664 632 1726 malefactoris
656 1665 741 1744 juxta
766 1685 857 1726 suam
879 1666 1040 1747 propriam
1070 1663 1242 1728 sessionem
1267 1681 1298 1726 et
1322 1666 1536 1728 voluntariam
1562 1665 1675 1744 taliter,

416 1771 503 1852 quod
531 1772 597 1852 ipse
624 1772 748 1832 Blasius
772 1787 901 1854 propter
924 1793 980 1832 sua
1005 1771 1160 1835 maleficia
1185 1773 1315 1834 deberet
1346 1773 1436 1852 ligari
1470 1771 1509 1832 ad
1535 1771 1669 1832 caudam

416 1877 511 1938 unius
535 1878 609 1958 equi
635 1893 665 1938 et
689 1878 768 1938 trahi
803 1879 842 1940 de
875 1879 1002 1940 civitate
1026 1880 1137 1940 subtus
1169 1879 1348 1960 patibulum
1381 1877 1622 1940 communitatis
1645 1891 1675 1938 et

416 1984 535 2044 ibidem
570 1984 600 2044 in
633 2003 766 2066 corpore
798 2004 857 2045 suo
890 1983 995 2046 fractis
1027 2005 1083 2067 per
1114 1999 1266 2046 tortorem
1300 1984 1444 2046 cruribus
1476 1985 1541 2044 suis
1576 1997 1607 2044 et
1638 1983 1677 2044 ad

416 2103 517 2150 rotam
543 2090 619 2172 poni
644 2105 676 2151 et
699 2091 744 2151 sic
769 2105 907 2151 rotatum
934 2091 1054 2153 ibidem
1079 2111 1209 2152 manere
1226 2105 1326 2168 stare;
1351 2106 1381 2153 et
1406 2092 1480 2172 quia
1506 2110 1609 2172 equus
1626 2089 1679 2150 ha-

415 2195 482 2255 beri
508 2209 538 2255 et
563 2195 697 2256 inveniri
724 2215 787 2257 non
814 2197 928 2279 potuit,
954 2196 1027 2259 ideo
1060 2198 1127 2279 ipse
1154 2197 1278 2258 Blasius
1309 2194 1496 2258 malefactor
1521 2197 1679 2257 admissus

414 2315 461 2362 est
483 2301 571 2362 solus
595 2303 723 2383 peditus
748 2303 792 2364 ire
818 2304 857 2363 ad
875 2317 1040 2382 tortorem,
1065 2319 1095 2365 et
1117 2303 1178 2365 boc
1195 2302 1371 2365 admissum
1397 2317 1443 2364 est
1466 2302 1534 2364 fieri
1551 2317 1681 2385 propter

416 2409 610 2489 peticionem
638 2411 765 2472 Martini
792 2411 908 2492 judicis
932 2425 964 2474 et
987 2412 1107 2473 civium
1132 2413 1172 2474 de
1201 2411 1457 2494 Hrazthowycza
1482 2425 1613 2494 propter
1637 2411 1677 2471 si-

416 2516 525 2576 milem
552 2513 694 2577 favorem
721 2519 814 2578 nobis
839 2518 981 2579 fiendum
1006 2532 1037 2580 et
1062 2518 1328 2601 impendendum.

522 2622 599 2683 ltem
633 2623 708 2704 quia
741 2625 886 2686 Andreas
921 2625 1116 2707 Symwnycb
1150 2626 1275 2707 pridem
1307 2624 1404 2706 judex
1436 2637 1467 2686 et
1500 2623 1682 2685 Anthonius

416 2728 523 2789 senior
547 2727 642 2808 judex
661 2729 743 2790 dicte
761 2731 898 2792 civitatis
917 2745 1026 2793 contra
1045 2746 1118 2793 octo
1135 2732 1266 2812 juratos,
1283 2731 1450 2793 videlicet:
1476 2729 1679 2812 Stephanych

416 2833 572 2894 decanum
598 2835 672 2896 anni
698 2837 838 2918 preteriti
864 2850 894 2899 et
918 2838 999 2900 alios
1023 2858 1098 2899 suos
1126 2839 1293 2900 consocios
1316 2838 1421 2920 primo
1447 2838 1560 2899 citatus
1585 2836 1615 2897 in
1631 2836 1679 2916 ju-

416 2940 501 3002 dicio
527 2961 590 3001 non
617 2943 805 3024 comparuit.

523 3047 599 3108 ltem
625 3047 717 3128 jurati
743 3049 1008 3128 adjudicaverunt
1037 3051 1068 3112 in
1101 3050 1185 3112 facto
1210 3050 1425 3133 percussionis
1458 3050 1586 3111 Andree
1618 3069 1680 3110 sar-

416 3153 493 3213 toris
519 3173 574 3234 per
599 3154 741 3215 Blasium
767 3155 978 3238 Wythesycb,
1004 3171 1034 3218 et
1059 3158 1119 3219 hoc
1136 3157 1360 3240 comprobavit
1384 3177 1441 3239 per
1463 3171 1569 3236 testes,
1593 3155 1680 3238 quod

418 3257 484 3338 ipse
509 3259 689 3320 vulneravit
713 3275 744 3321 et
762 3263 940 3324 cruentavit
965 3265 1069 3345 ipsum
1089 3264 1263 3344 Andream,
1288 3283 1430 3346 proquo
1453 3264 1619 3325 convictus
1636 3277 1681 3324 est

417 3363 483 3445 ipse
508 3365 631 3426 Blasius
654 3381 763 3428 contra
790 3369 894 3449 ipsum
927 3369 1091 3431 Andream
1116 3371 1148 3432 in
1180 3371 1295 3452 viginti
1327 3371 1473 3452 quinque
1498 3371 1605 3451 pensis
1628 3369 1680 3428 de-

418 3470 581 3530 nariorum
607 3484 638 3532 et
662 3471 772 3552 juratis
796 3493 851 3534 seu
876 3476 1102 3538 communitati
1119 3477 1152 3537 in
1177 3478 1322 3558 quinque
1348 3477 1464 3558 pensis.
1491 3476 1570 3538 ltem
1594 3477 1680 3556 quod

417 3575 482 3654 ipse
508 3577 652 3638 Andreas
674 3593 720 3639 est
752 3599 920 3660 percussus
952 3582 1092 3644 interra
1127 3583 1226 3665 ipsius
1249 3583 1380 3645 Andree
1411 3597 1443 3645 et
1466 3584 1628 3662 clamavit,
1651 3597 1680 3643 et

416 3682 583 3760 proposuit
600 3697 709 3745 contra
728 3685 831 3766 ipsum
851 3688 1046 3768 potenciam,
1064 3689 1095 3749 in
1119 3709 1184 3770 quo
1202 3690 1369 3752 convictus
1385 3705 1431 3751 est
1447 3703 1559 3751 contra
1578 3689 1677 3771 ipsum

417 3785 577 3847 Andream
604 3788 634 3848 in
660 3788 771 3852 decem
796 3793 911 3853 marcis
933 3794 1150 3858 denariorum.

640 4027 786 4099 Sabbata
815 4033 969 4117 proximo
999 4041 1077 4104 ante
1110 4033 1310 4107 dominicam
1340 4033 1443 4108 Oculi.

948 4187 990 4262 (4.
1016 4185 1147 4262 rtrurfr'i).

522 4313 599 4375 ltem
625 4335 751 4380 causam
777 4321 858 4382 inter
883 4323 1018 4386 Paulum
1044 4325 1243 4388 aurifabrum
1269 4342 1300 4389 et
1325 4327 1514 4390 Contadum
1541 4331 1679 4407 Retinet,

417 4415 447 4474 in
475 4415 558 4480 facto
583 4441 675 4482 cause
700 4427 775 4504 quia
801 4428 867 4508 ipse
890 4429 1020 4491 llawsar
1045 4433 1184 4494 eundem
1205 4434 1340 4496 Paulum
1359 4435 1520 4516 allegabat
1546 4457 1612 4498 esse
1638 4438 1680 4497 in·

417 4518 542 4583 fidelem
568 4539 599 4586 et
629 4524 791 4591 falsarium
822 4535 878 4594 toti
913 4539 1136 4599 communitati
1170 4539 1254 4601 dicte
1290 4541 1427 4602 civitatis
1459 4561 1497 4604 ex
1522 4563 1562 4604 eo
1595 4543 1678 4624 quod

417 4626 592 4707 auffugerat
616 4634 655 4692 de
681 4636 746 4716 ipsa
776 4638 903 4702 civitate
936 4655 1082 4724 ternpore
1116 4647 1271 4708 comitum
1302 4647 1397 4726 Cilie,
1431 4669 1530 4730 quarn
1555 4669 1679 4712 causam

417 4727 508 4805 jurati
526 4735 759 4819 adjudicarunt,
784 4744 858 4822 quia
885 4746 950 4826 ipse
968 4748 1101 4811 Rawsar
1119 4753 1311 4832 promiserat
1334 4775 1367 4816 se
1389 4757 1603 4837 comprobare
1627 4775 1680 4837 per

418 4846 511 4947 testes
536 4853 566 4897 et
591 4861 653 4900 non
679 4847 784 4922 potuit
815 4855 1038 4934 comprobare,
1070 4871 1101 4918 et
1125 4856 1187 4919 fuit
1216 4860 1382 4922 convictus
1407 4875 1519 4923 contra
1544 4862 1679 4924 eundem

421 4957 451 4996 tn
477 4941 591 5018 simili;
616 4966 710 5025 quam
737 4971 863 5015 causam
889 4957 956 5038 ipse
981 4960 1153 5024 Conradus
1185 4965 1318 5028 Rawsar
1342 4967 1381 5028 ad
1408 4987 1467 5029 nos
1491 4970 1613 5030 seilicet
1636 4988 1679 5029 se·
