<?xml version="1.0" encoding="UTF-8"?>
<!DOCTYPE html PUBLIC "-//W3C//DTD XHTML 1.0 Transitional//EN"
    "http://www.w3.org/TR/xhtml1/DTD/xhtml1-transitional.dtd">
<html xmlns="http://www.w3.org/1999/xhtml" xml:lang="en" lang="en">
 <head>
  <title>
</title>
<meta http-equiv="Content-Type" content="text/html;charset=utf-8" />
  <meta name='ocr-system' content='tesseract 3.04.00' />
  <meta name='ocr-capabilities' content='ocr_page ocr_carea ocr_par ocr_line ocrx_word'/>
</head>
<body>
  <div class='ocr_page' id='page_1' title='image "./monumentahistor13laszgoog_0307.png"; bbox 0 0 3694 5782; ppageno 0'>
   <div class='ocr_carea' id='block_1_1' title="bbox 523 515 1416 602">
    <p class='ocr_par' dir='ltr' id='par_1_1' title="bbox 523 515 1416 602">
     <span class='ocr_line' id='line_1_1' title="bbox 523 515 1416 602; baseline 0 -24"><span class='ocrx_word' id='word_1_1' title='bbox 523 515 726 596; x_wconf 79' lang='lat' dir='ltr'><em>Ann01464.</em></span> <span class='ocrx_word' id='word_1_2' title='bbox 751 533 865 596; x_wconf 79' lang='lat'><em>-13.</em></span> <span class='ocrx_word' id='word_1_3' title='bbox 881 518 1036 596; x_wconf 69' lang='lat' dir='ltr'>januarii.</span> <span class='ocrx_word' id='word_1_4' title='bbox 1354 537 1416 602; x_wconf 84' lang='lat'>²47</span> 
     </span>
    </p>
   </div>
   <div class='ocr_carea' id='block_1_2' title="bbox 148 730 1417 2716">
    <p class='ocr_par' dir='ltr' id='par_1_2' title="bbox 152 730 1417 1132">
     <span class='ocr_line' id='line_1_2' title="bbox 155 730 1417 816; baseline -0.002 -22"><span class='ocrx_word' id='word_1_5' title='bbox 155 732 274 816; x_wconf 84' lang='lat' dir='ltr'>judicio</span> <span class='ocrx_word' id='word_1_6' title='bbox 300 732 510 815; x_wconf 90' lang='lat' dir='ltr'>comprobare</span> <span class='ocrx_word' id='word_1_7' title='bbox 542 731 713 808; x_wconf 87' lang='lat' dir='ltr'>tenebitur,</span> <span class='ocrx_word' id='word_1_8' title='bbox 746 745 777 793; x_wconf 85' lang='lat' dir='ltr'>et</span> <span class='ocrx_word' id='word_1_9' title='bbox 801 730 879 792; x_wconf 89' lang='lat' dir='ltr'>dum</span> <span class='ocrx_word' id='word_1_10' title='bbox 912 731 1137 813; x_wconf 76' lang='lat' dir='ltr'>comprobabit</span> <span class='ocrx_word' id='word_1_11' title='bbox 1161 731 1227 813; x_wconf 87' lang='lat' dir='ltr'>ipse</span> <span class='ocrx_word' id='word_1_12' title='bbox 1254 731 1417 810; x_wconf 88' lang='lat' dir='ltr'>Nicolaus‚</span> 
     </span>
     <span class='ocr_line' id='line_1_3' title="bbox 154 835 1416 921; baseline -0.003 -19"><span class='ocrx_word' id='word_1_13' title='bbox 154 853 268 902; x_wconf 79' lang='lat' dir='ltr'>extunc</span> <span class='ocrx_word' id='word_1_14' title='bbox 294 839 383 901; x_wconf 90' lang='lat' dir='ltr'>illico</span> <span class='ocrx_word' id='word_1_15' title='bbox 407 838 495 921; x_wconf 92' lang='lat' dir='ltr'>quod</span> <span class='ocrx_word' id='word_1_16' title='bbox 512 837 671 900; x_wconf 80' lang='lat' dir='ltr'>demeruit</span> <span class='ocrx_word' id='word_1_17' title='bbox 688 837 760 899; x_wconf 87' lang='lat' dir='ltr'>talis</span> <span class='ocrx_word' id='word_1_18' title='bbox 784 837 839 919; x_wconf 94' lang='lat' dir='ltr'>qui</span> <span class='ocrx_word' id='word_1_19' title='bbox 863 835 941 899; x_wconf 88' lang='lat' dir='ltr'>lalse</span> <span class='ocrx_word' id='word_1_20' title='bbox 966 837 1092 918; x_wconf 88' lang='lat' dir='ltr'>juravit,</span> <span class='ocrx_word' id='word_1_21' title='bbox 1116 837 1276 920; x_wconf 87' lang='lat' dir='ltr'>pacietur;</span> <span class='ocrx_word' id='word_1_22' title='bbox 1293 837 1333 900; x_wconf 87' lang='lat' dir='ltr'>de</span> <span class='ocrx_word' id='word_1_23' title='bbox 1350 857 1416 920; x_wconf 94' lang='lat' dir='ltr'>quo</span> 
     </span>
     <span class='ocr_line' id='line_1_4' title="bbox 153 943 1415 1028; baseline -0.002 -20"><span class='ocrx_word' id='word_1_24' title='bbox 153 945 300 1008; x_wconf 85' lang='lat' dir='ltr'>similiter</span> <span class='ocrx_word' id='word_1_25' title='bbox 323 945 444 1028; x_wconf 90' lang='lat' dir='ltr'>judicio</span> <span class='ocrx_word' id='word_1_26' title='bbox 469 945 536 1026; x_wconf 87' lang='lat' dir='ltr'>ipse</span> <span class='ocrx_word' id='word_1_27' title='bbox 553 945 707 1006; x_wconf 87' lang='lat' dir='ltr'>Nicolaus</span> <span class='ocrx_word' id='word_1_28' title='bbox 731 963 795 1006; x_wconf 94' lang='lat' dir='ltr'>non</span> <span class='ocrx_word' id='word_1_29' title='bbox 821 957 990 1007; x_wconf 88' lang='lat' dir='ltr'>contentus</span> <span class='ocrx_word' id='word_1_30' title='bbox 1008 943 1145 1006; x_wconf 86' lang='lat' dir='ltr'>eandem</span> <span class='ocrx_word' id='word_1_31' title='bbox 1162 963 1289 1006; x_wconf 87' lang='lat' dir='ltr'>causam</span> <span class='ocrx_word' id='word_1_32' title='bbox 1307 944 1415 1026; x_wconf 89' lang='lat' dir='ltr'>appel-</span> 
     </span>
     <span class='ocr_line' id='line_1_5' title="bbox 152 1050 621 1132; baseline 0 -18"><span class='ocrx_word' id='word_1_33' title='bbox 152 1053 229 1116; x_wconf 86' lang='lat' dir='ltr'>lavit</span> <span class='ocrx_word' id='word_1_34' title='bbox 253 1053 294 1114; x_wconf 88' lang='lat' dir='ltr'>ad</span> <span class='ocrx_word' id='word_1_35' title='bbox 319 1053 462 1114; x_wconf 77' lang='lat' dir='ltr'>seniores</span> <span class='ocrx_word' id='word_1_36' title='bbox 489 1050 621 1132; x_wconf 90' lang='lat' dir='ltr'>judices.</span> 
     </span>
    </p>

    <p class='ocr_par' dir='ltr' id='par_1_3' title="bbox 152 1157 1415 1437">
     <span class='ocr_line' id='line_1_6' title="bbox 257 1157 1415 1239; baseline 0 -19"><span class='ocrx_word' id='word_1_37' title='bbox 257 1159 336 1220; x_wconf 90' lang='lat' dir='ltr'>ltem</span> <span class='ocrx_word' id='word_1_38' title='bbox 363 1157 543 1220; x_wconf 88' lang='lat' dir='ltr'>Demetrius</span> <span class='ocrx_word' id='word_1_39' title='bbox 574 1169 685 1220; x_wconf 83' lang='lat' dir='ltr'>tonsor</span> <span class='ocrx_word' id='word_1_40' title='bbox 717 1175 899 1239; x_wconf 88' lang='lat' dir='ltr'>pannorum</span> <span class='ocrx_word' id='word_1_41' title='bbox 930 1173 1040 1219; x_wconf 88' lang='lat' dir='ltr'>contra</span> <span class='ocrx_word' id='word_1_42' title='bbox 1072 1157 1238 1220; x_wconf 89' lang='lat' dir='ltr'>dominam</span> <span class='ocrx_word' id='word_1_43' title='bbox 1272 1157 1415 1220; x_wconf 87' lang='lat' dir='ltr'>relictam</span> 
     </span>
     <span class='ocr_line' id='line_1_7' title="bbox 153 1263 1414 1350; baseline -0.002 -21"><span class='ocrx_word' id='word_1_44' title='bbox 153 1266 314 1350; x_wconf 88' lang='lat' dir='ltr'>Soldynar</span> <span class='ocrx_word' id='word_1_45' title='bbox 347 1265 451 1348; x_wconf 89' lang='lat' dir='ltr'>primo</span> <span class='ocrx_word' id='word_1_46' title='bbox 483 1265 596 1326; x_wconf 86' lang='lat' dir='ltr'>citatus</span> <span class='ocrx_word' id='word_1_47' title='bbox 627 1263 659 1326; x_wconf 95' lang='lat' dir='ltr'>in</span> <span class='ocrx_word' id='word_1_48' title='bbox 692 1263 813 1346; x_wconf 89' lang='lat' dir='ltr'>judicio</span> <span class='ocrx_word' id='word_1_49' title='bbox 845 1283 911 1326; x_wconf 92' lang='lat' dir='ltr'>non</span> <span class='ocrx_word' id='word_1_50' title='bbox 943 1265 1123 1347; x_wconf 82' lang='lat' dir='ltr'>comparuit</span> <span class='ocrx_word' id='word_1_51' title='bbox 1155 1264 1282 1326; x_wconf 86' lang='lat' dir='ltr'>racione</span> <span class='ocrx_word' id='word_1_52' title='bbox 1316 1264 1414 1327; x_wconf 88' lang='lat' dir='ltr'>debiti</span> 
     </span>
     <span class='ocr_line' id='line_1_8' title="bbox 152 1372 319 1437; baseline 0.012 -3"><span class='ocrx_word' id='word_1_53' title='bbox 152 1373 222 1435; x_wconf 89' lang='lat' dir='ltr'>llVl</span> <span class='ocrx_word' id='word_1_54' title='bbox 247 1372 319 1437; x_wconf 88' lang='lat' dir='ltr'>flor.</span> 
     </span>
    </p>

    <p class='ocr_par' dir='ltr' id='par_1_4' title="bbox 149 1477 1416 2309">
     <span class='ocr_line' id='line_1_9' title="bbox 256 1477 1412 1560; baseline -0.002 -18"><span class='ocrx_word' id='word_1_55' title='bbox 256 1480 335 1542; x_wconf 90' lang='lat' dir='ltr'>ltem</span> <span class='ocrx_word' id='word_1_56' title='bbox 368 1499 495 1542; x_wconf 83' lang='lat' dir='ltr'>causam</span> <span class='ocrx_word' id='word_1_57' title='bbox 529 1479 610 1541; x_wconf 83' lang='lat' dir='ltr'>inter</span> <span class='ocrx_word' id='word_1_58' title='bbox 641 1477 805 1540; x_wconf 88' lang='lat' dir='ltr'>Thomam</span> <span class='ocrx_word' id='word_1_59' title='bbox 838 1477 997 1560; x_wconf 85' lang='lat' dir='ltr'>Magdych</span> <span class='ocrx_word' id='word_1_60' title='bbox 1029 1491 1184 1540; x_wconf 88' lang='lat' dir='ltr'>sartorem</span> <span class='ocrx_word' id='word_1_61' title='bbox 1217 1493 1247 1540; x_wconf 89' lang='lat' dir='ltr'>et</span> <span class='ocrx_word' id='word_1_62' title='bbox 1283 1477 1412 1540; x_wconf 87' lang='lat' dir='ltr'>Petrum</span> 
     </span>
     <span class='ocr_line' id='line_1_10' title="bbox 153 1583 1415 1666; baseline -0.002 -17"><span class='ocrx_word' id='word_1_63' title='bbox 153 1587 444 1650; x_wconf 87' lang='lat' dir='ltr'>molendinatorem</span> <span class='ocrx_word' id='word_1_64' title='bbox 469 1585 597 1648; x_wconf 87' lang='lat' dir='ltr'>racione</span> <span class='ocrx_word' id='word_1_65' title='bbox 622 1584 859 1647; x_wconf 84' lang='lat' dir='ltr'>verberacionis</span> <span class='ocrx_word' id='word_1_66' title='bbox 883 1585 965 1646; x_wconf 86' lang='lat' dir='ltr'>inter</span> <span class='ocrx_word' id='word_1_67' title='bbox 986 1585 1073 1666; x_wconf 81' lang='lat' dir='ltr'>ipsos</span> <span class='ocrx_word' id='word_1_68' title='bbox 1097 1598 1219 1663; x_wconf 86' lang='lat' dir='ltr'>mutue,</span> <span class='ocrx_word' id='word_1_69' title='bbox 1243 1583 1335 1665; x_wconf 83' lang='lat' dir='ltr'>jurati</span> <span class='ocrx_word' id='word_1_70' title='bbox 1360 1583 1415 1646; x_wconf 91' lang='lat' dir='ltr'>ad·</span> 
     </span>
     <span class='ocr_line' id='line_1_11' title="bbox 152 1689 1415 1776; baseline -0.002 -22"><span class='ocrx_word' id='word_1_71' title='bbox 152 1693 375 1774; x_wconf 86' lang='lat' dir='ltr'>judicaverunt</span> <span class='ocrx_word' id='word_1_72' title='bbox 391 1693 506 1772; x_wconf 86' lang='lat' dir='ltr'>taliter,</span> <span class='ocrx_word' id='word_1_73' title='bbox 524 1693 600 1774; x_wconf 86' lang='lat' dir='ltr'>quia</span> <span class='ocrx_word' id='word_1_74' title='bbox 618 1692 685 1774; x_wconf 87' lang='lat' dir='ltr'>ipae</span> <span class='ocrx_word' id='word_1_75' title='bbox 699 1691 810 1754; x_wconf 88' lang='lat' dir='ltr'>Petrus</span> <span class='ocrx_word' id='word_1_76' title='bbox 827 1691 1049 1776; x_wconf 86' lang='lat' dir='ltr'>comprobavit</span> <span class='ocrx_word' id='word_1_77' title='bbox 1077 1691 1166 1773; x_wconf 92' lang='lat' dir='ltr'>quod</span> <span class='ocrx_word' id='word_1_78' title='bbox 1184 1691 1251 1773; x_wconf 86' lang='lat' dir='ltr'>ipse</span> <span class='ocrx_word' id='word_1_79' title='bbox 1269 1689 1415 1753; x_wconf 81' lang='lat' dir='ltr'>Thomas</span> 
     </span>
     <span class='ocr_line' id='line_1_12' title="bbox 153 1797 1416 1881; baseline -0.002 -20"><span class='ocrx_word' id='word_1_80' title='bbox 153 1814 254 1862; x_wconf 88' lang='lat' dir='ltr'>sartor</span> <span class='ocrx_word' id='word_1_81' title='bbox 278 1799 419 1862; x_wconf 89' lang='lat' dir='ltr'>eundem</span> <span class='ocrx_word' id='word_1_82' title='bbox 450 1799 501 1861; x_wconf 81' lang='lat' dir='ltr'>via</span> <span class='ocrx_word' id='word_1_83' title='bbox 534 1799 568 1860; x_wconf 91' lang='lat' dir='ltr'>in</span> <span class='ocrx_word' id='word_1_84' title='bbox 591 1799 692 1860; x_wconf 87' lang='lat' dir='ltr'>libera</span> <span class='ocrx_word' id='word_1_85' title='bbox 723 1799 879 1881; x_wconf 73' lang='lat' dir='ltr'>percussit</span> <span class='ocrx_word' id='word_1_86' title='bbox 902 1811 933 1861; x_wconf 89' lang='lat' dir='ltr'>et</span> <span class='ocrx_word' id='word_1_87' title='bbox 961 1799 992 1858; x_wconf 93' lang='lat' dir='ltr'>in</span> <span class='ocrx_word' id='word_1_88' title='bbox 1025 1817 1100 1862; x_wconf 87' lang='lat' dir='ltr'>eum</span> <span class='ocrx_word' id='word_1_89' title='bbox 1125 1797 1226 1876; x_wconf 85' lang='lat' dir='ltr'>irruit,</span> <span class='ocrx_word' id='word_1_90' title='bbox 1250 1798 1416 1860; x_wconf 89' lang='lat' dir='ltr'>convictus</span> 
     </span>
     <span class='ocr_line' id='line_1_13' title="bbox 152 1902 1414 1988; baseline -0.002 -20"><span class='ocrx_word' id='word_1_91' title='bbox 152 1920 197 1970; x_wconf 86' lang='lat' dir='ltr'>est</span> <span class='ocrx_word' id='word_1_92' title='bbox 221 1921 335 1969; x_wconf 89' lang='lat' dir='ltr'>contra</span> <span class='ocrx_word' id='word_1_93' title='bbox 368 1907 473 1988; x_wconf 88' lang='lat' dir='ltr'>ipsum</span> <span class='ocrx_word' id='word_1_94' title='bbox 505 1905 634 1967; x_wconf 89' lang='lat' dir='ltr'>Petrum</span> <span class='ocrx_word' id='word_1_95' title='bbox 667 1904 699 1965; x_wconf 94' lang='lat' dir='ltr'>in</span> <span class='ocrx_word' id='word_1_96' title='bbox 724 1902 808 1966; x_wconf 89' lang='lat' dir='ltr'>sacto</span> <span class='ocrx_word' id='word_1_97' title='bbox 832 1905 999 1988; x_wconf 89' lang='lat' dir='ltr'>potencie;</span> <span class='ocrx_word' id='word_1_98' title='bbox 1023 1919 1054 1968; x_wconf 85' lang='lat' dir='ltr'>et</span> <span class='ocrx_word' id='word_1_99' title='bbox 1086 1903 1174 1986; x_wconf 93' lang='lat' dir='ltr'>quod</span> <span class='ocrx_word' id='word_1_100' title='bbox 1200 1925 1283 1967; x_wconf 90' lang='lat' dir='ltr'>unus</span> <span class='ocrx_word' id='word_1_101' title='bbox 1314 1904 1414 1966; x_wconf 84' lang='lat' dir='ltr'>alium</span> 
     </span>
     <span class='ocr_line' id='line_1_14' title="bbox 150 2011 1415 2096; baseline -0.002 -21"><span class='ocrx_word' id='word_1_102' title='bbox 150 2027 376 2096; x_wconf 84' lang='lat' dir='ltr'>percusserunt</span> <span class='ocrx_word' id='word_1_103' title='bbox 397 2027 511 2076; x_wconf 89' lang='lat' dir='ltr'>mutuo</span> <span class='ocrx_word' id='word_1_104' title='bbox 543 2013 641 2074; x_wconf 88' lang='lat' dir='ltr'>ambo</span> <span class='ocrx_word' id='word_1_105' title='bbox 672 2011 828 2074; x_wconf 87' lang='lat' dir='ltr'>sustinere</span> <span class='ocrx_word' id='word_1_106' title='bbox 861 2013 989 2091; x_wconf 83' lang='lat' dir='ltr'>debent,</span> <span class='ocrx_word' id='word_1_107' title='bbox 1018 2027 1049 2075; x_wconf 88' lang='lat' dir='ltr'>et</span> <span class='ocrx_word' id='word_1_108' title='bbox 1080 2013 1177 2074; x_wconf 84' lang='lat' dir='ltr'>ambo</span> <span class='ocrx_word' id='word_1_109' title='bbox 1210 2011 1251 2075; x_wconf 92' lang='lat' dir='ltr'>de</span> <span class='ocrx_word' id='word_1_110' title='bbox 1275 2011 1415 2092; x_wconf 86' lang='lat' dir='ltr'>birsagio</span> 
     </span>
     <span class='ocr_line' id='line_1_15' title="bbox 150 2116 1415 2202; baseline -0.003 -20"><span class='ocrx_word' id='word_1_111' title='bbox 150 2121 271 2182; x_wconf 86' lang='lat' dir='ltr'>eisdem</span> <span class='ocrx_word' id='word_1_112' title='bbox 297 2119 408 2200; x_wconf 87' lang='lat' dir='ltr'>juratis</span> <span class='ocrx_word' id='word_1_113' title='bbox 432 2134 463 2182; x_wconf 90' lang='lat' dir='ltr'>et</span> <span class='ocrx_word' id='word_1_114' title='bbox 493 2118 592 2202; x_wconf 90' lang='lat' dir='ltr'>judici</span> <span class='ocrx_word' id='word_1_115' title='bbox 624 2116 822 2196; x_wconf 85' lang='lat' dir='ltr'>satisfacere;</span> <span class='ocrx_word' id='word_1_116' title='bbox 855 2118 984 2200; x_wconf 91' lang='lat' dir='ltr'>dequo</span> <span class='ocrx_word' id='word_1_117' title='bbox 1017 2117 1139 2199; x_wconf 87' lang='lat' dir='ltr'>judicio</span> <span class='ocrx_word' id='word_1_118' title='bbox 1170 2120 1237 2201; x_wconf 86' lang='lat' dir='ltr'>ipse</span> <span class='ocrx_word' id='word_1_119' title='bbox 1272 2117 1415 2180; x_wconf 83' lang='lat' dir='ltr'>Thomas</span> 
     </span>
     <span class='ocr_line' id='line_1_16' title="bbox 149 2225 992 2309; baseline -0.001 -20"><span class='ocrx_word' id='word_1_120' title='bbox 149 2247 212 2289; x_wconf 90' lang='lat' dir='ltr'>non</span> <span class='ocrx_word' id='word_1_121' title='bbox 239 2240 412 2290; x_wconf 90' lang='lat' dir='ltr'>contentus</span> <span class='ocrx_word' id='word_1_122' title='bbox 434 2227 475 2288; x_wconf 90' lang='lat' dir='ltr'>ad</span> <span class='ocrx_word' id='word_1_123' title='bbox 499 2227 641 2288; x_wconf 81' lang='lat' dir='ltr'>seniores</span> <span class='ocrx_word' id='word_1_124' title='bbox 664 2225 839 2309; x_wconf 79' lang='lat' dir='ltr'>appellavit</span> <span class='ocrx_word' id='word_1_125' title='bbox 861 2225 992 2306; x_wconf 88' lang='lat' dir='ltr'>judices.</span> 
     </span>
    </p>

    <p class='ocr_par' dir='ltr' id='par_1_5' title="bbox 148 2329 1413 2716">
     <span class='ocr_line' id='line_1_17' title="bbox 255 2329 1413 2415; baseline 0 -21"><span class='ocrx_word' id='word_1_126' title='bbox 255 2333 335 2394; x_wconf 90' lang='lat' dir='ltr'>ltem</span> <span class='ocrx_word' id='word_1_127' title='bbox 361 2333 508 2396; x_wconf 79' lang='lat' dir='ltr'>terciario</span> <span class='ocrx_word' id='word_1_128' title='bbox 532 2332 767 2415; x_wconf 86' lang='lat' dir='ltr'>proclamatum</span> <span class='ocrx_word' id='word_1_129' title='bbox 795 2349 890 2415; x_wconf 90' lang='lat' dir='ltr'>super</span> <span class='ocrx_word' id='word_1_130' title='bbox 920 2332 1000 2394; x_wconf 90' lang='lat' dir='ltr'>silva</span> <span class='ocrx_word' id='word_1_131' title='bbox 1025 2331 1123 2394; x_wconf 88' lang='lat' dir='ltr'>Blasii</span> <span class='ocrx_word' id='word_1_132' title='bbox 1147 2329 1303 2392; x_wconf 86' lang='lat' dir='ltr'>carnificis</span> <span class='ocrx_word' id='word_1_133' title='bbox 1327 2331 1413 2395; x_wconf 91' lang='lat' dir='ltr'>Chu-</span> 
     </span>
     <span class='ocr_line' id='line_1_18' title="bbox 149 2437 1411 2523; baseline 0 -23"><span class='ocrx_word' id='word_1_134' title='bbox 149 2439 335 2523; x_wconf 88' lang='lat' dir='ltr'>dawchych,</span> <span class='ocrx_word' id='word_1_135' title='bbox 354 2439 443 2520; x_wconf 91' lang='lat' dir='ltr'>quod</span> <span class='ocrx_word' id='word_1_136' title='bbox 467 2437 643 2521; x_wconf 84' lang='lat' dir='ltr'>Gregorius</span> <span class='ocrx_word' id='word_1_137' title='bbox 660 2437 744 2500; x_wconf 88' lang='lat' dir='ltr'>filius</span> <span class='ocrx_word' id='word_1_138' title='bbox 769 2438 849 2522; x_wconf 87' lang='lat' dir='ltr'>Elye</span> <span class='ocrx_word' id='word_1_139' title='bbox 866 2438 1020 2501; x_wconf 87' lang='lat' dir='ltr'>institoris</span> <span class='ocrx_word' id='word_1_140' title='bbox 1036 2437 1176 2521; x_wconf 80' lang='lat' dir='ltr'>perdidit</span> <span class='ocrx_word' id='word_1_141' title='bbox 1193 2437 1300 2500; x_wconf 85' lang='lat' dir='ltr'>literas</span> <span class='ocrx_word' id='word_1_142' title='bbox 1317 2457 1411 2521; x_wconf 90' lang='lat' dir='ltr'>super</span> 
     </span>
     <span class='ocr_line' id='line_1_19' title="bbox 149 2544 1413 2628; baseline 0 -20"><span class='ocrx_word' id='word_1_143' title='bbox 149 2546 261 2608; x_wconf 88' lang='lat' dir='ltr'>eadern</span> <span class='ocrx_word' id='word_1_144' title='bbox 285 2546 377 2624; x_wconf 87' lang='lat' dir='ltr'>silva,</span> <span class='ocrx_word' id='word_1_145' title='bbox 403 2565 466 2628; x_wconf 85' lang='lat' dir='ltr'>que</span> <span class='ocrx_word' id='word_1_146' title='bbox 483 2545 619 2608; x_wconf 87' lang='lat' dir='ltr'>inveniri</span> <span class='ocrx_word' id='word_1_147' title='bbox 645 2563 710 2608; x_wconf 94' lang='lat' dir='ltr'>non</span> <span class='ocrx_word' id='word_1_148' title='bbox 734 2559 920 2628; x_wconf 85' lang='lat' dir='ltr'>potuerunt,</span> <span class='ocrx_word' id='word_1_149' title='bbox 945 2565 1042 2628; x_wconf 88' lang='lat' dir='ltr'>quam</span> <span class='ocrx_word' id='word_1_150' title='bbox 1066 2545 1179 2607; x_wconf 88' lang='lat' dir='ltr'>silvam</span> <span class='ocrx_word' id='word_1_151' title='bbox 1204 2545 1272 2628; x_wconf 86' lang='lat' dir='ltr'>ipse</span> <span class='ocrx_word' id='word_1_152' title='bbox 1291 2544 1413 2628; x_wconf 81' lang='lat' dir='ltr'>Grego-</span> 
     </span>
     <span class='ocr_line' id='line_1_20' title="bbox 148 2653 658 2716; baseline 0.004 -3"><span class='ocrx_word' id='word_1_153' title='bbox 148 2653 211 2716; x_wconf 87' lang='lat' dir='ltr'>rius</span> <span class='ocrx_word' id='word_1_154' title='bbox 236 2653 383 2716; x_wconf 84' lang='lat' dir='ltr'>vendidit</span> <span class='ocrx_word' id='word_1_155' title='bbox 408 2653 513 2716; x_wconf 87' lang='lat' dir='ltr'>eidem</span> <span class='ocrx_word' id='word_1_156' title='bbox 538 2653 658 2715; x_wconf 84' lang='lat' dir='ltr'>Blasio.</span> 
     </span>
    </p>
   </div>
   <div class='ocr_carea' id='block_1_3' title="bbox 0 0 1852 5782">
    <p class='ocr_par' dir='ltr' id='par_1_6' title="bbox 0 0 1852 5782">
     <span class='ocr_line' id='line_1_21' title="bbox 0 0 1852 5782; baseline 0 3"><span class='ocrx_word' id='word_1_157' title='bbox 0 0 1852 5782; x_wconf 95' lang='lat' dir='ltr'> </span> 
     </span>
    </p>
   </div>
  </div>
 </body>
</html>
