3694 5782
586 452 790 534 Ann01468.
816 491 856 500 -
882 469 930 531 19.
948 457 1100 532 januarii.

208 669 406 750 presenciam
433 669 464 728 in
489 669 565 728 sede
591 681 697 728 nostra
716 668 881 749 judiciaria
899 687 972 729 cum
997 667 1166 730 sufficienti
1192 669 1376 730 testimonio
1401 689 1473 752 pro·

209 777 324 836 borum
349 789 379 836 et
404 774 611 836 honestorum
644 775 787 836 virorum
820 795 929 836 coram
955 777 1048 836 nobis
1080 776 1313 857 comprobavit,
1338 790 1373 837 ut
1396 776 1471 837 dum

208 881 275 962 ipse
300 880 454 942 Clemens
485 879 627 943 carnifex
651 881 683 942 in
716 882 865 944 extremis
897 882 961 943 vite
993 901 1049 942 sue
1081 882 1266 963 temporalis
1298 882 1473 960 laborabat,

207 1000 283 1048 tunc
308 988 374 1069 ipse
400 987 547 1048 universa
574 989 659 1049 bona
684 1008 740 1049 sua
766 1008 823 1049 nec
850 1007 913 1050 notr
939 989 1157 1070 possessiones
1182 989 1213 1048 in
1238 989 1321 1050 dicta
1347 988 1472 1050 civitate

207 1113 265 1154 nec
291 1113 356 1154 non
381 1093 496 1154 domos
521 1094 553 1154 in
578 1095 646 1154 eius
670 1095 831 1156 territorio
856 1093 990 1173 habitas,
1016 1115 1111 1177 super
1136 1096 1235 1177 ipsam
1264 1094 1472 1156 Katherinam

207 1215 388 1262 consortem
414 1213 445 1262 et
469 1199 649 1262 lohannem
674 1199 776 1262 filiurn
802 1201 947 1262 eiusdem
976 1202 1187 1262 commisisset
1209 1201 1418 1282 gubernanda
1443 1216 1474 1262 et

208 1307 402 1390 possidenda
426 1307 513 1390 juxta
545 1309 770 1370 condicionem
804 1309 886 1370 dicte
919 1309 1053 1371 civitatis
1085 1309 1393 1389 quomodocumque
1417 1327 1472 1368 vo·

208 1417 304 1477 luerit
330 1414 551 1498 disponenda3
582 1435 676 1498 super
701 1435 766 1497 quo
792 1415 912 1476 eisdem
937 1415 1111 1476 Katherine
1143 1415 1250 1476 relicte
1281 1427 1312 1476 et
1336 1414 1472 1475 lohanni

207 1522 275 1584 filio
301 1522 445 1584 eiusdem
472 1522 651 1585 Clementis
676 1521 807 1604 (literas)
832 1522 899 1583 dari
925 1522 1154 1584 commisimus.

314 1630 393 1690 ltem
418 1649 546 1691 causam
578 1631 659 1692 inter
685 1628 884 1710 Stephanum
909 1643 1050 1690 sutorem
1075 1628 1202 1690 fratrem
1233 1629 1318 1690 Luce
1346 1628 1472 1706 sutoris,

210 1737 392 1797 concivium
419 1750 574 1814 nostrum,
606 1751 636 1797 et
660 1735 867 1797 Valentinum
893 1734 932 1797 de
961 1737 1124 1797 Kralewcz
1149 1737 1354 1818 jobagionem
1380 1736 1471 1796 castri

209 1842 347 1920 Medwe,
362 1843 556 1904 Benedictus
579 1841 674 1922 judex
692 1843 731 1902 de
757 1841 869 1904 eadem
897 1841 1061 1902 Kralevvcz
1087 1856 1117 1902 et
1135 1842 1329 1904 Laurencius
1354 1843 1472 1924 Sporar

210 1949 331 2028 juratus
355 1965 386 2010 et
410 1949 551 2010 concivis
583 1963 690 2010 noster
720 1961 910 2030 receperunt
944 1949 1044 2028 ipsam
1077 1967 1203 2010 causam
1237 1949 1324 2030 quod
1349 1950 1471 2032 possint

210 2055 337 2116 easdem
364 2071 468 2137 partes
493 2055 689 2117 concordare
715 2074 816 2136 usque
841 2053 980 2116 futuram
1002 2052 1113 2115 feriam
1142 2056 1283 2133 terciam,
1308 2056 1379 2118 etsi
1406 2075 1471 2118 non

209 2176 359 2244 poterunt
372 2162 501 2224 eosdem
521 2161 726 2240 concordare,
742 2175 856 2222 extunc
870 2180 1054 2242 comparere
1071 2174 1239 2222 teneantur
1261 2161 1299 2222 ad
1315 2161 1470 2240 judicium

210 2289 316 2331 coram
337 2269 430 2330 nobis
447 2283 477 2330 et
501 2269 606 2350 ipsum
624 2268 830 2329 Valentinum
857 2282 1038 2348 presentare
1056 2267 1170 2328 debeat
1195 2267 1261 2348 ipse
1280 2268 1470 2329 benedictus

208 2375 302 2454 judex
330 2375 385 2455 qui
410 2389 456 2436 est
480 2373 648 2436 fideiussor
671 2393 730 2454 pro
755 2373 869 2434 eodem
898 2373 1080 2436 valentino.

315 2481 392 2542 ltem
418 2501 546 2542 causam
572 2481 652 2541 inter
677 2480 850 2541 Martinam
877 2479 1015 2554 judicem
1051 2496 1081 2542 et
1105 2481 1186 2542 inter
1219 2481 1353 2541 Paulum
1379 2481 1470 2561 laga·

207 2587 315 2670 thych‚
341 2586 477 2648 Michael
503 2585 645 2668 pellifex,
680 2587 806 2648 Marcus
837 2585 988 2666 carnifex,
1013 2588 1136 2650 Pethko
1170 2585 1319 2666 carnifex,
1344 2587 1470 2648 Achacz

208 2693 328 2772 juratus
352 2693 390 2754 ad
412 2693 616 2754 concordiam
635 2707 825 2774 receperunt
843 2713 944 2773 usque
961 2695 1099 2776 primum
1125 2695 1291 2776 judicium,
1309 2707 1338 2754 et
1361 2695 1386 2754 si
1405 2714 1469 2754 non

208 2813 358 2880 poterunt
382 2819 437 2859 eos
461 2799 668 2878 concordare,
693 2813 807 2860 extunc
825 2819 1011 2882 comparere
1029 2802 1222 2862 tenebuntur
1246 2801 1286 2862 ad
1311 2800 1396 2862 idem
1422 2799 1468 2880 ju-

207 2905 327 2966 dicium
353 2919 383 2966 et
407 2919 500 2968 testes
525 2926 635 2968 eorum
661 2905 849 2987 producere.

315 3012 391 3072 ltem
418 3031 545 3073 causam
571 3011 652 3074 inter
676 3012 811 3095 Physter
836 3014 1014 3074 institorem
1039 3028 1070 3075 et
1095 3014 1175 3074 inter
1201 3014 1321 3074 Lucam
1346 3028 1377 3075 et
1401 3013 1470 3074 Ste-

208 3119 349 3200 phanum
374 3133 497 3180 sutores
529 3119 656 3180 racione
689 3119 903 3201 dampnorum
937 3122 967 3181 in
1001 3119 1119 3202 (hlorto
1151 3135 1182 3181 et
1205 3121 1296 3181 vinea
1323 3140 1378 3201 per
1402 3123 1468 3181 ani·

209 3227 306 3286 malia
331 3227 520 3288 eorumdem
545 3225 650 3287 eidem
676 3225 810 3309 Physter
828 3227 1002 3305 illatorum,
1027 3227 1119 3308 jurati
1138 3227 1400 3306 adjudicaverunt
1425 3242 1469 3288 ta·

209 3333 291 3408 liter,
309 3334 397 3412 quod
416 3334 472 3414 ipsi
500 3334 566 3414 ipsa
584 3333 723 3414 dampna
753 3353 815 3414 que
833 3333 1077 3410 estimabuntur,
1095 3333 1199 3394 eidem
1219 3333 1351 3416 Physter
1369 3354 1469 3414 usque

209 3439 351 3499 triduum
375 3439 498 3499 solvere
523 3453 672 3500 tenentur
696 3455 726 3502 et
751 3441 853 3522 sepire
885 3460 958 3501 curn
983 3441 1111 3521 sepibus
1137 3461 1192 3522 per
1217 3441 1305 3521 quod
1330 3441 1469 3521 dampna

211 3544 402 3622 inferuntur,
427 3565 528 3626 usque
553 3546 673 3607 dictum
699 3547 794 3610 diem.
819 3547 895 3607 ltem
915 3561 1128 3626 prorogarunt
1151 3547 1367 3628 suspicionem
1392 3567 1468 3628 pan·

208 3673 321 3713 norum
348 3667 378 3712 et
402 3653 483 3733 tepis
507 3653 597 3714 rubei
621 3652 660 3712 ad
687 3654 825 3734 primum
850 3652 1005 3733 judicium
1038 3653 1062 3712 si
1088 3653 1283 3715 concordare
1307 3667 1468 3736 poterunt.

313 3758 389 3818 ltem
415 3777 543 3818 causam
577 3759 656 3819 inter
690 3760 843 3819 lacobum
871 3760 1027 3838 Kontigar
1052 3773 1082 3820 et
1115 3761 1195 3821 inter
1220 3761 1389 3821 Nicolaum
1414 3781 1468 3840 gc·

208 3883 318 3924 nerum
353 3863 578 3946 Ferencheych
610 3862 701 3942 fabri,
735 3866 862 3925 racione
894 3866 984 3945 quod
1016 3866 1083 3947 ipse
1116 3867 1271 3947 Kontigar
1296 3867 1468 3948 appellavit

209 3971 347 4031 eundem
373 3971 545 4032 Nicolaum
570 3985 600 4032 et
624 3991 713 4031 suam
748 3990 878 4032 uxorem
911 3970 1043 4050 furtum,
1068 3973 1156 4054 quod
1185 3992 1248 4032 non
1274 3973 1378 4054 potuit
1403 3973 1468 4052 ipse

207 4077 345 4139 lacobus
363 4078 466 4158 ipsum
486 4076 603 4137 furtum
629 4097 724 4158 super
743 4078 845 4159 ipsum
864 4078 1034 4139 Nicolaum
1060 4078 1177 4140 furtum
1197 4081 1300 4160 ipsum
1319 4099 1467 4161 compro-

207 4187 291 4263 bare,
305 4199 351 4246 est
361 4185 526 4246 convictus
542 4198 651 4244 contra
667 4185 770 4264 ipsum
787 4184 958 4246 Nicolaum
977 4185 1008 4246 in
1026 4185 1100 4246 vivo
1119 4185 1269 4266 homagio
1280 4208 1287 4262 ;
1298 4206 1392 4268 super
1409 4187 1466 4248 illo

208 4307 313 4352 autern
347 4292 434 4372 quod
468 4292 534 4372 ipse
567 4291 704 4352 lacobus
737 4291 893 4352 violenter
917 4293 1037 4374 recepit
1069 4293 1159 4353 uxori
1183 4312 1239 4353 sue
1267 4293 1403 4354 securim
1436 4307 1467 4354 et

207 4396 346 4457 hostium
379 4398 550 4458 domorum
583 4395 727 4477 frangere
760 4397 879 4476 voluit,
911 4411 956 4459 est
988 4399 1153 4459 convictus
1185 4413 1295 4460 contra
1327 4399 1465 4459 eundem

207 4503 376 4564 Nicolaum
402 4504 432 4564 in
466 4503 577 4564 decern
609 4505 723 4564 marcis
755 4505 979 4582 denariorum
1009 4506 1048 4566 de
1080 4525 1145 4585 qno
1178 4505 1298 4584 judicio
1324 4507 1466 4587 ipsorum

206 4609 381 4688 juratorum
396 4609 462 4690 ipse
480 4610 617 4670 lacobus
631 4630 696 4670 non
714 4624 881 4671 contentus
898 4611 938 4671 ad
956 4611 1119 4672 seniorum
1137 4611 1280 4690 judicum
1295 4613 1468 4693 appellavit

208 4714 373 4792 judicium.

311 4820 388 4881 ltem
413 4840 543 4881 consors
576 4822 658 4882 Petri
684 4823 848 4904 Sydarych
882 4824 985 4905 primo
1017 4825 1110 4884 citata
1144 4839 1252 4888 contra
1279 4825 1466 4891 Thomaslto

205 4941 357 4988 sartorem
381 4947 446 4988 non
471 4929 649 5009 comparuit
673 4930 705 4990 in
728 4929 848 5012 judicio
870 4950 976 4994 coram
1003 4931 1104 4994 nobis.
