3644 5788
579 573 665 627 Anno
687 565 780 646 1458.
809 603 850 612 —
875 565 924 629 16.
942 571 1034 645 sicarii.
1381 589 1437 650 ¹⁵3

177 797 282 863 postea
310 781 448 842 eandem
473 781 640 864 pecuniam
666 781 725 842 sibi
759 781 844 842 idem
871 781 1057 843 Lodouicus
1079 781 1222 864 plenarie
1248 802 1312 844 non
1337 797 1438 844 extra·

177 887 305 948 dederat
330 901 426 970 prout
451 907 505 969 per
530 889 633 970 ipsum
659 887 786 949 Petrum
821 886 950 950 fuerunt
974 889 1033 950 sibi
1059 889 1151 964 date;
1185 887 1258 950 ideo
1284 889 1350 970 ipse
1377 889 1437 951 Lo·

177 994 310 1056 douicus
334 994 519 1056 terciusmet
543 993 759 1076 juramentum
784 993 947 1076 deponere
972 993 1102 1056 debebit
1127 993 1156 1055 in
1183 1014 1233 1072 eo,
1258 995 1346 1076 quod
1372 995 1438 1076 ipse

177 1100 329 1182 prefatam
356 1101 525 1182 pecuniam
544 1101 677 1162 minime
703 1101 872 1183 recepisset
896 1113 927 1163 et
951 1085 1040 1182 q'uod
1058 1099 1097 1162 ad
1122 1100 1236 1162 scitum
1261 1119 1355 1162 suum
1374 1121 1438 1162 non

177 1205 285 1270 fuisset
309 1221 456 1290 recepta;
481 1207 520 1267 de
545 1227 611 1288 quo
635 1205 756 1286 judicio
789 1205 966 1288 juratorum
999 1205 1139 1288 prefatus
1165 1207 1350 1270 Lodouicus
1374 1227 1438 1270 uon

176 1327 344 1375 contentus
368 1313 542 1396 appellavit
565 1313 605 1374 ad
631 1314 774 1374 seniores
797 1311 928 1394 judices.

279 1420 359 1483 ltem
385 1421 510 1482 Blasius
534 1419 654 1501 juratus
679 1433 788 1482 contra
822 1421 979 1482 Jacobum
1012 1420 1115 1484 lilium
1142 1421 1225 1484 Petri
1250 1421 1365 1482 literati
1391 1441 1439 1484 ra-

176 1529 264 1588 cione
296 1527 510 1608 quarumdam
544 1527 752 1608 pecuniarum
785 1547 857 1588 cum
894 1528 1012 1610 quibus
1043 1528 1128 1590 idem
1161 1529 1298 1590 lacobus
1334 1529 1438 1610 ipsum

177 1633 318 1695 Blasium
343 1634 425 1715 patri
450 1653 508 1694 suo
533 1633 712 1715 obligatum
738 1635 908 1712 asserebat,
926 1633 1141 1714 iuramentum
1167 1635 1315 1716 deposuit
1339 1635 1371 1696 in
1389 1655 1439 1712 eo,

176 1740 261 1821 quod
288 1740 391 1822 ipsam
416 1740 586 1822 pecuniam
612 1759 709 1821 quam
735 1740 802 1821 ipse
827 1752 936 1802 contra
969 1739 1107 1802 eundem
1134 1743 1344 1822 proponebat,
1370 1762 1438 1824 pre·

177 1845 275 1908 dones
301 1860 333 1909 et
356 1846 497 1908 latrones
521 1847 561 1908 ab
586 1846 702 1908 eodem
728 1846 931 1928 recepissent.

279 1953 361 2015 ltem
385 1953 527 2016 seniores
551 1952 674 2034 judices
697 1952 963 2034 adjudicaverunt
979 1973 1106 2016 causam
1132 1953 1214 2014 inter
1239 1953 1367 2016 Petrum
1391 1953 1438 2034 ju·

175 2074 277 2122 ratum
305 2074 336 2120 et
361 2059 561 2122 Lodovicum
587 2059 754 2121 concivem
779 2073 922 2122 nostrum
940 2059 1067 2120 racione
1100 2057 1267 2120 cuiusdam
1292 2058 1438 2140 pecunie,

178 2185 271 2247 quam
311 2165 398 2227 idem
423 2166 533 2228 Petrus
568 2166 627 2248 ipsi
662 2163 830 2227 Lodouico
863 2183 937 2226 cum
968 2164 1108 2246 quadarn
1141 2165 1216 2226 cista
1247 2165 1287 2226 ad
1312 2185 1437 2226 conser-

175 2273 316 2334 vandum
342 2271 484 2350 dederat,
509 2271 595 2334 idem
621 2271 806 2334 Lodouicus
832 2271 933 2354 ipsam
954 2271 1123 2354 pecuniam
1148 2272 1207 2353 ipsi
1233 2272 1326 2333 Petro
1344 2286 1440 2354 prout

177 2379 242 2461 ipse
266 2379 404 2440 eandem
428 2379 489 2440 sibi
514 2378 646 2440 dederat
670 2379 813 2461 plenarie
838 2398 903 2440 nou
932 2378 1120 2456 extradedit‚
1145 2379 1274 2460 etquis
1300 2377 1439 2460 prefatus

179 2485 287 2547 Petrus
311 2485 351 2547 ad
377 2486 481 2568 ipsum
499 2486 604 2547 solum
626 2485 782 2568 prefatam
799 2487 969 2568 pecuniam
988 2485 1127 2548 confisus
1144 2485 1257 2565 fuerat,
1281 2487 1355 2549 ideo
1373 2487 1438 2567 ipse

178 2592 365 2653 Lodouicus
387 2591 452 2672 jam
469 2589 547 2654 feria
565 2593 661 2653 tercia
677 2593 823 2674 proxime
841 2606 974 2655 ventura
991 2593 1121 2675 propria
1139 2593 1170 2653 in
1195 2611 1331 2674 persona
1356 2591 1438 2674 jura·

178 2713 321 2760 mentum
347 2699 508 2781 deponere
526 2699 657 2760 debebit
681 2699 713 2760 in
731 2719 783 2779 e0,
807 2699 896 2781 quod
915 2701 981 2781 ipse
1003 2697 1159 2781 prefatam
1184 2699 1354 2780 pecuniam
1373 2719 1437 2760 non

177 2805 295 2887 recepit
319 2825 425 2887 neque
449 2805 489 2866 ad
521 2806 635 2868 scitum
667 2825 760 2867 suum
786 2819 832 2867 est
856 2819 1002 2888 recepta;
1026 2807 1066 2868 de
1100 2825 1162 2886 qua
1195 2805 1438 2888 adjudicscione

175 2927 280 2974 nostra
305 2913 400 2974 ambe
424 2926 530 2994 partes
554 2911 683 2974 fuerunt
706 2925 866 2976 contente.

280 3019 357 3080 ltem
391 3019 576 3081 Ludouicus
601 3033 709 3080 contra
744 3020 872 3082 Petrum
905 3019 1043 3100 juratum
1077 3033 1220 3082 nostrum
1244 3020 1437 3082 modernum

176 3139 272 3206 prout
294 3127 441 3208 superius
466 3145 521 3208 per
537 3126 680 3188 seniores
704 3126 825 3206 judices
849 3139 895 3188 est
911 3125 1130 3206 adjudicatum
1156 3126 1269 3187 eadem
1294 3126 1346 3188 die
1370 3145 1436 3207 quo

176 3231 234 3312 ipsi
266 3231 324 3293 sibi
353 3233 593 3310 commiserant,
609 3232 825 3312 juramentum
850 3233 998 3315 deposuit
1024 3233 1152 3294 racione
1177 3233 1311 3316 pecunie
1340 3251 1437 3314 quam

176 3337 263 3399 idem
287 3351 395 3399 contra
422 3339 562 3402 eundern
586 3339 712 3401 dicebat
736 3353 768 3401 et
790 3341 1002 3422 proponebat.

283 3445 359 3506 ltem
385 3443 515 3506 Granda
533 3447 637 3527 primo
662 3446 757 3508 citata
777 3459 887 3508 contra
905 3447 1039 3507 Elenam
1058 3445 1303 3508 Trwmbetham
1333 3445 1437 3528 primo

174 3550 270 3612 citata
293 3541 356 3612 ndo
383 3551 572 3632 comparuit.

282 3655 358 3718 Item
384 3676 513 3728 causam
538 3657 619 3718 iuter
645 3657 799 3720 Mathiam
816 3657 974 3720 famulum
997 3660 1082 3720 Luce
1108 3659 1223 3720 sutoris
1248 3671 1278 3719 et
1301 3657 1437 3718 alterum

175 3761 328 3823 Mathiam
343 3763 508 3845 waarich
532 3763 665 3842 dictum,
690 3763 850 3846 Georgius
867 3764 995 3846 pellifex
1021 3765 1142 3847 recepit
1165 3765 1204 3826 ad
1230 3763 1436 3825 concordiam

173 3883 204 3929 et
228 3869 315 3950 pacis
331 3870 487 3930 unionem
504 3869 632 3931 racione
651 3870 817 3932 cuiusdam
834 3871 1049 3953 percussionis
1073 3885 1104 3934 et
1128 3869 1364 3931 verberacionis
1381 3887 1437 3958 per

174 3974 314 4036 eundem
333 3975 487 4036 Mathiam
507 3975 664 4058 Pyvarich
689 3974 889 4058 lacteusque
914 3977 954 4038 ad
973 3978 1107 4060 primam
1123 3978 1208 4038 diem
1227 3977 1436 4057 judiciariam.

282 4081 357 4142 ltem
384 4081 502 4143 Paulus
528 4081 654 4143 ltalicus
679 4095 789 4143 contra
808 4083 1006 4164 Stephanum
1033 4083 1171 4165 juratum
1195 4085 1300 4166 primo
1325 4083 1438 4146 citatus

173 4205 240 4247 non
267 4187 454 4270 comparuit.

289 4425 384 4499 Faria
414 4435 513 4498 sexta
543 4439 619 4516 pust
647 4429 768 4500 festum
799 4433 973 4501 beatorum
1004 4429 1071 4500 Viti
1102 4439 1134 4501 et
1164 4429 1315 4502 Modesti.

709 4579 772 4658 (16.
789 4583 897 4659 junia).

279 4719 354 4782 ltem
380 4722 454 4802 quia
481 4721 658 4805 Elyzabeth
684 4722 792 4784 relicta
821 4722 958 4785 condam
984 4723 1123 4786 Emerici
1157 4723 1323 4808 freniparis
1347 4727 1436 4810 olym

174 4827 315 4888 concivis
339 4830 437 4889 nostri
464 4843 494 4890 ct
519 4829 672 4890 Clemens
697 4827 785 4890 faber
810 4831 950 4890 concivis
969 4845 1085 4908 noster,
1112 4831 1143 4891 id
1168 4851 1240 4892 cum
1265 4831 1434 4894 sufficienti

175 4949 206 4994 et
233 4931 399 5016 fidedigno
424 4949 606 4996 nostrorum
636 4936 817 4996 concivium
852 4937 1036 4996 testimonio
1062 4937 1092 4996 in
1125 4939 1199 4998 sede
1225 4953 1328 4998 nostra
1355 4939 1435 5016 judi·

176 5037 276 5102 ciaria
298 5041 378 5102 clare
404 5057 434 5104 et
457 5042 575 5104 seriose
592 5042 689 5105 hodie
714 5061 820 5106 coram
843 5043 936 5104 nobis
953 5045 1184 5127 comprobavit,
1209 5061 1243 5106 ut
1267 5044 1343 5106 dum
1362 5065 1431 5128 pre-
