3838 5786
633 539 720 596 Anno
743 549 832 616 1471.
858 573 898 582 —
923 553 974 617 24.
998 541 1078 600 maii.
1433 541 1492 621 385

336 750 414 812 Item
438 770 567 812 causam
594 751 675 813 inter
700 749 832 812 Gallum
849 765 1015 829 sartorem,
1032 752 1192 814 seniorem
1217 751 1369 832 juratum,
1394 767 1425 814 et
1442 753 1495 815 Jo-

230 855 369 918 hannem
397 855 619 939 Soldynarych
648 856 777 918 racione
810 856 1026 938 quorumdam
1058 858 1205 940 palorum
1231 878 1313 940 quos
1337 859 1403 941 ipse
1428 879 1495 920 are·

228 963 332 1040 stavit,
358 981 440 1044 quos
464 963 583 1044 recepit
615 963 682 1045 ipse
708 962 943 1046 Soldynarych,
968 963 1035 1045 ipse
1062 962 1176 1025 Gallus
1208 964 1311 1046 jurare
1335 965 1496 1028 tenebitur

228 1067 305 1130 feria
331 1083 418 1130 sexta
443 1069 587 1151 proxime
611 1082 745 1132 ventura
762 1070 918 1130 solusmet
942 1070 973 1130 in
1007 1090 1059 1130 ara
1085 1083 1192 1132 sancte
1210 1070 1323 1132 Crucis
1348 1072 1390 1132 ita
1407 1071 1494 1132 vide-

228 1177 313 1255 licet,
338 1175 427 1257 quod
452 1177 518 1258 ipse
544 1196 608 1237 non
627 1176 805 1239 succideret
829 1177 919 1258 palos
937 1176 968 1237 in
994 1176 1070 1238 silva
1090 1177 1324 1261 Soldynarych,
1348 1177 1404 1239 sed
1422 1178 1495 1239 illos

227 1282 320 1363 palos
344 1302 426 1363 quos
451 1283 540 1343 dedit
563 1283 622 1344 sibi
646 1282 787 1364 recipere
812 1281 908 1362 judex
934 1283 1088 1360 civitatis;
1113 1283 1152 1344 de
1177 1303 1243 1365 quo
1268 1284 1388 1365 judicio
1413 1283 1495 1366 jura-

227 1401 334 1449 torum
361 1408 426 1450 non
451 1401 621 1451 contentus
646 1388 821 1470 appellavit
844 1389 884 1450 ad
909 1389 1061 1452 seniores.

337 1496 413 1556 ltem
440 1515 568 1558 causam
602 1495 683 1558 inter
707 1495 916 1557 Valentinum
946 1495 1114 1578 Marysych
1147 1510 1178 1558 et
1201 1497 1285 1559 inter
1310 1497 1494 1558 Emericum

228 1601 452 1684 Sydowchych
478 1603 607 1664 racione
632 1601 799 1663 cuiusdam
817 1601 922 1681 vinee,
947 1621 1011 1683 que
1036 1616 1082 1663 est
1106 1602 1289 1684 abjudicata
1314 1605 1353 1664 ab
1379 1603 1495 1664 eodem

227 1707 402 1769 Valentino
428 1707 598 1791 Marysych
631 1707 828 1790 periuratos
860 1721 891 1769 et
922 1708 1065 1769 seniores
1096 1707 1218 1790 judices
1242 1721 1337 1790 prout
1361 1709 1496 1770 habetur

229 1813 260 1874 in
286 1813 347 1874 isto
365 1815 504 1895 presenti
523 1817 668 1893 katetno,
687 1815 792 1896 ipsum
809 1812 966 1894 judicium
983 1813 1077 1894 jurati
1095 1813 1325 1877 confirmarunt
1342 1829 1372 1876 et
1389 1816 1494 1898 ipsum

228 1919 438 1982 Valentinum
463 1919 664 2002 puniendum
689 1920 721 1980 in
747 1939 882 1982 carcere.

335 2025 412 2086 ltem
445 2045 573 2087 causam
605 2025 687 2088 inter
717 2026 833 2088 Jansek
865 2025 1047 2088 carnificem
1081 2039 1112 2089 et
1141 2027 1291 2088 Miculam
1318 2027 1491 2109 agricolam

230 2131 358 2192 racione
382 2131 619 2193 vulneracionis
643 2131 788 2194 eiusdem
810 2132 935 2211 Jansek‚
960 2131 1053 2214 jurati
1078 2131 1313 2213 adjudicarunt,
1339 2135 1406 2216 ipse
1431 2135 1490 2196 Mi-

229 2237 298 2298 cula
325 2250 372 2300 est
395 2239 562 2300 convictus
586 2251 695 2300 contra
720 2239 860 2301 eundem
886 2239 1001 2300 Jansek
1026 2239 1058 2300 in
1084 2239 1197 2320 viginti
1224 2241 1368 2322 quinque
1385 2241 1493 2323 pensis

229 2357 260 2405 et
284 2345 507 2407 communitati
532 2345 675 2426 quinque
700 2345 807 2426 pensis
831 2358 862 2407 et
886 2345 1012 2406 medico
1037 2343 1228 2408 satisfacere.

336 2450 414 2512 Item
440 2469 568 2512 causam
595 2451 676 2512 inter
700 2451 894 2534 Dyonisium
920 2451 1088 2535 Sypchych
1123 2466 1153 2513 et
1178 2453 1259 2514 inter
1286 2453 1404 2514 Lucam
1430 2471 1495 2514 sar-

230 2571 332 2619 torem
358 2557 509 2619 claudum
543 2557 671 2620 racione
703 2559 860 2620 seccionis
888 2573 918 2619 et
942 2559 1140 2640 recepcionis
1170 2559 1332 2640 lignorum
1358 2559 1390 2620 in
1415 2559 1494 2620 silva

231 2664 373 2726 eiusdem
409 2663 577 2747 Sypchycb
604 2683 660 2747 per
691 2665 865 2746 quemdam
899 2665 1064 2726 hominem
1097 2679 1127 2726 et
1158 2665 1308 2726 ancillam
1338 2665 1494 2744 eiusdem,

231 2770 325 2851 jurati
361 2771 596 2852 adjudicarunt,
628 2771 716 2852 quod
742 2770 809 2852 ipse
842 2771 945 2832 Lucas
972 2769 1076 2851 jurare
1107 2771 1269 2833 tenebitur
1293 2772 1408 2833 eodem
1441 2771 1493 2832 die

230 2877 318 2958 quod
352 2877 417 2960 ipse
450 2897 515 2939 non
548 2877 709 2940 commisit
741 2877 882 2959 recipere
915 2890 946 2938 et
975 2892 1082 2938 secare
1114 2877 1200 2958 ligna
1233 2877 1265 2938 in
1290 2878 1369 2940 silva
1395 2878 1494 2960 ipsius

231 2983 412 3066 Sypclrych.

338 3091 415 3152 Item
440 3110 569 3152 causam
588 3090 669 3152 inter
695 3091 868 3152 Martinum
888 3088 1086 3172 Mraukoych
1111 3103 1141 3151 et
1158 3089 1311 3151 Miculam
1330 3089 1494 3172 lagodych

230 3197 358 3258 racione
383 3196 575 3279 suspicionis
608 3195 681 3256 lurti
707 3195 772 3256 vini
805 3209 836 3256 et
860 3195 947 3256 bladi
978 3195 1078 3276 ipsius
1103 3195 1232 3273 Micule‚
1257 3195 1349 3275 jurati
1374 3194 1494 3276 judica·

231 3316 314 3380 runt,
340 3303 428 3384 quod
454 3302 520 3384 ipse
540 3302 658 3363 Micula
682 3314 808 3364 tenetur
825 3301 928 3382 jurare
945 3301 1131 3390 terciusmet
1155 3301 1299 3382 personis
1323 3301 1383 3362 sibi
1407 3301 1493 3362 simi-

231 3409 317 3470 libus
341 3423 427 3472 etse
453 3429 640 3491 expurgare.

338 3645 433 3720 Faria
462 3657 559 3720 sexta
585 3645 738 3737 proxima
766 3655 842 3737 post
870 3647 994 3719 festum
1017 3649 1114 3719 beate
1142 3643 1238 3718 Elene
1267 3647 1389 3734 regine.

775 3801 839 3878 (24.
863 3797 961 3878 maii).

340 3942 416 4006 ltem
442 3942 517 4024 quia
543 3941 744 4023 Margaretha
771 3939 925 4018 Bohema‚
946 3939 1130 4018 monocula,
1155 3939 1302 4016 institrix,
1328 3937 1496 3998 habitatrix

232 4051 317 4112 dicte
343 4049 478 4111 civitatis
502 4049 598 4110 tercia
634 4049 702 4108 vice
727 4061 837 4108 contra
867 4046 1018 4127 Egidium
1053 4045 1092 4106 de
1119 4044 1224 4106 Mlaka
1249 4046 1343 4106 citata
1368 4043 1496 4104 racione

232 4155 399 4220 cuiusdam
418 4155 550 4237 dampni
568 4175 604 4216 ex
629 4169 717 4238 parte
735 4153 878 4216 eiusdem
896 4153 956 4215 sibi
973 4153 1084 4231 secuti,
1108 4171 1173 4212 non
1192 4151 1372 4233 comparuit
1388 4169 1495 4211 coram

232 4264 327 4326 nobis
344 4263 376 4324 in
390 4261 522 4344 judicio,
540 4281 644 4343 neque
661 4262 760 4339 venit,
777 4260 833 4322 sed
851 4279 909 4321 nec
927 4260 1070 4340 aliquem
1088 4278 1146 4340 pro
1165 4276 1197 4318 se
1222 4257 1348 4319 mittere
1365 4257 1498 4320 curavit.

340 4369 416 4432 Item
449 4369 528 4432 feria
559 4382 644 4429 sexta
677 4367 822 4450 proxima
855 4380 927 4448 post
958 4364 1075 4426 festum
1108 4365 1192 4426 beati
1226 4362 1376 4444 Gregorii
1405 4382 1498 4444 pape,

233 4497 362 4538 causam
388 4477 469 4538 inter
501 4475 668 4537 dominam
701 4471 935 4555 Margaretham
969 4473 1112 4534 relictam
1145 4491 1181 4532 ac
1206 4469 1369 4531 Thomam
1395 4467 1497 4530 filium

233 4584 371 4645 condam
396 4583 522 4645 Nicolai
555 4579 720 4660 aurifabri,
751 4581 830 4643 olim
860 4579 974 4660 judicis
999 4592 1029 4640 et
1061 4579 1138 4640 civis
1163 4577 1246 4638 dicte
1271 4575 1419 4653 civitatis,
1444 4575 1499 4656 qui

234 4690 266 4752 in
292 4690 435 4772 ipsorum
458 4709 493 4750 ac
519 4688 660 4750 Ladislai
685 4703 716 4750 et
739 4687 894 4749 lobannis
917 4685 1059 4747 filiorum
1088 4683 1188 4766 ipsius
1212 4683 1349 4746 condam
1374 4681 1499 4743 Nicolai

235 4795 388 4860 aurifabri
413 4809 445 4858 et
468 4796 599 4857 domine
633 4794 834 4876 Margarethe
866 4792 996 4856 luerunt
1024 4792 1191 4873 conquesti
1224 4791 1358 4852 domino
1392 4788 1499 4850 Blasio

235 4905 368 4988 Magyar
400 4905 484 4965 bano
517 4915 626 4965 contra
659 4901 803 4963 Marcum
832 4900 992 4962 Venetum
1024 4918 1180 4981 generum
1211 4895 1348 4959 condam
1373 4894 1498 4977 providi

235 5011 294 5073 viri
319 5011 491 5093 Augustini
511 5011 628 5070 Kwsue
656 5008 735 5070 olim
760 5007 854 5090 jurati
880 5022 911 5068 et
932 5008 1009 5068 civis
1027 5006 1109 5067 dicte
1127 5005 1274 5081 civitatis,
1300 5003 1330 5063 in
1357 5021 1395 5063 eo
1412 4999 1499 5061 vide·

1395 5109 1431 5170 ²5
