3838 5786
602 550 689 608 Anno
715 560 808 626 1470.
831 581 875 593 -
898 563 926 610 r.
949 549 1120 624 septembris.
1424 571 1484 633 373

218 759 396 842 appellavit
428 760 470 821 ad
503 760 646 822 seniores
677 759 799 840 judices
828 760 903 840 quia
935 779 1000 820 non
1036 759 1095 822 luit
1126 773 1276 823 contenta
1301 761 1340 822 de
1365 761 1485 844 judicio

218 866 410 947 juratorum.

326 973 404 1035 Item
437 973 546 1035 relicta
583 971 737 1056 Stephani
769 972 886 1034 sutoris
917 992 983 1034 non
1011 974 1099 1036 venit
1130 987 1241 1037 contra
1273 976 1410 1039 Suskarn
1445 979 1486 1040 ad
1531 1056 1536 1062 Ι

218 1081 385 1163 judicium.

324 1187 402 1249 ltem
428 1187 553 1248 Blasius
576 1187 702 1248 institor
726 1203 835 1250 contra
861 1187 1065 1250 Clementem
1088 1187 1286 1250 aurifabrum
1312 1191 1417 1272 primo
1443 1192 1485 1253 ci·

216 1306 301 1354 tatus
327 1312 392 1354 non
417 1292 598 1374 comparuit
622 1293 654 1354 in
678 1291 811 1374 judicio,

325 1399 403 1461 ltern
427 1397 568 1460 famulus
592 1399 677 1462 Petri
701 1399 885 1480 gladiorum
901 1401 1086 1482 purgatoria
1116 1401 1148 1461 in
1172 1399 1256 1462 lacto
1281 1401 1484 1484 interipsum

216 1504 381 1566 Thomam
414 1505 560 1585 Cheden,
586 1525 684 1587 quem
715 1507 782 1589 ipse
815 1505 961 1568 Thomas
991 1505 1124 1568 adduxit
1155 1509 1204 1569 sui
1230 1527 1287 1590 pro
1311 1523 1411 1590 parte,
1437 1531 1483 1573 ra-

218 1612 310 1674 cione
336 1613 436 1694 ipsius
460 1613 697 1675 verberationis
725 1613 875 1694 eundern,
908 1634 1005 1696 quam
1038 1613 1164 1676 dicebat
1188 1615 1247 1676 sibi
1273 1614 1341 1676 lore
1366 1614 1480 1678 factam

215 1739 273 1800 per
298 1720 402 1802 ipsum
428 1720 583 1798 Marcum,
607 1720 693 1782 idem
712 1719 852 1782 famulus
874 1722 972 1804 ipsius
996 1722 1079 1783 Petri
1104 1720 1206 1784 fassus
1229 1737 1275 1783 est
1299 1743 1337 1784 eo
1361 1725 1483 1787 modo:

217 1827 306 1907 quod
330 1826 408 1888 dum
433 1827 501 1908 ipse
534 1827 680 1889 Thomas
705 1827 840 1890 Cheden
874 1828 1060 1907 clamorem,
1084 1848 1245 1912 pomagay
1276 1830 1408 1910 dictum,
1432 1828 1479 1894 fa·

218 1933 332 2013 ciebat,
356 1947 432 1995 tunc
457 1935 524 2015 ipse
557 1933 697 1996 famulus
730 1935 830 2017 ipsius
862 1935 945 1996 Petri
971 1935 1009 1996 de
1034 1936 1176 1998 stacione
1208 1937 1305 1999 exivit
1335 1938 1479 2020 magistri

217 2039 265 2099 sui
290 2053 320 2101 et
345 2039 425 2102 vidit
449 2039 538 2122 quod
564 2041 631 2122 ipse
657 2039 791 2103 Cheden
816 2042 1043 2122 evaginaverat
1071 2042 1241 2104 biccellum
1265 2062 1359 2104 suum
1376 2064 1478 2127 usque

216 2147 255 2207 ad
280 2147 437 2227 medium,
463 2161 494 2211 et
517 2149 562 2210 sic
586 2149 699 2211 videns
723 2149 791 2231 ipse
816 2151 945 2210 Marcus
969 2150 1110 2210 Venetus
1135 2150 1240 2230 ipsum
1265 2149 1400 2212 Cheden
1417 2152 1481 2214 exi·

216 2273 302 2314 mere
327 2254 498 2316 biccellum
525 2255 653 2318 intravit
677 2256 759 2317 circa
793 2256 899 2338 ipsum
923 2254 1057 2317 Cheden
1083 2269 1114 2316 et
1145 2255 1263 2316 exemit
1286 2256 1391 2337 ipsum
1416 2258 1481 2319 bic·

214 2359 331 2421 cellum
358 2361 396 2420 de
414 2361 530 2441 vagina
555 2361 655 2443 ipsius
673 2361 807 2424 Cheden
832 2378 862 2424 et
887 2362 1021 2444 proiecit
1039 2381 1113 2422 eurn
1130 2362 1171 2423 ad
1188 2362 1364 2424 stacionem
1382 2363 1481 2445 ipsius

213 2465 321 2544 Blasii,
347 2481 378 2528 et
402 2468 508 2548 ipsum
532 2467 695 2529 Thomam
721 2467 858 2530 Cheden
884 2469 951 2550 ipse
977 2469 1103 2530 Marcus
1126 2468 1219 2530 trusit
1242 2467 1282 2528 de
1306 2487 1350 2532 se.

319 2573 397 2635 ltem
415 2573 556 2636 famulus
570 2575 689 2637 Mathie
706 2576 837 2637 sartoris
851 2589 881 2637 et
895 2576 1047 2637 institoris
1063 2576 1173 2656 generi
1192 2576 1330 2638 condam
1348 2577 1477 2640 Andree

212 2678 327 2758 judicis
345 2680 541 2763 Symwnych
560 2681 646 2760 dicti,
672 2701 769 2763 quem
798 2681 945 2744 similiter
967 2683 1033 2763 ipse
1051 2681 1197 2743 Thomas
1220 2680 1362 2761 adduxit,
1380 2681 1480 2744 lassus

214 2801 259 2848 est
282 2787 380 2848 simili
408 2788 507 2848 modo
524 2787 617 2848 sicuti
643 2801 673 2850 et
698 2787 838 2849 famulus
855 2787 968 2870 prelati
987 2789 1070 2849 Petri
1089 2789 1269 2869 purgatoris
1284 2789 1479 2869 gladiorum.

318 2893 396 2954 ltem
422 2892 547 2976 Gywan
582 2895 746 2955 barbarius
780 2895 868 2956 testis
900 2914 957 2976 pro
982 2907 1071 2975 parte
1104 2895 1204 2976 ipsius
1230 2895 1328 2956 Marci
1352 2895 1478 2975 Veneti,

211 3000 299 3079 quod
325 2999 392 3081 ipse
417 3001 461 3060 ibi
487 2998 547 3062 suit
570 3013 644 3062 ante
669 3001 844 3063 stacionem
870 3002 969 3083 ipsius
993 3001 1091 3062 Blasii
1122 3001 1275 3062 institoris
1300 3015 1330 3062 et
1355 3002 1479 3064 audivit

210 3105 300 3186 loqui
326 3107 366 3167 ab
398 3106 469 3188 ipso
494 3108 603 3168 Marco
637 3120 667 3168 et
692 3107 796 3169 dicere
829 3108 888 3189 ipsi
922 3106 1052 3169 Thome
1082 3107 1229 3186 Cheden,
1254 3109 1422 3189 quomodo
1448 3123 1478 3171 et

212 3231 267 3272 cur
291 3227 326 3272 tu
352 3210 454 3273 fraska
480 3213 618 3274 debuisti
644 3215 785 3295 recipere
810 3213 892 3275 duos
925 3214 1074 3276 denarios
1098 3235 1115 3274 a
1144 3214 1276 3276 domina
1301 3214 1477 3277 Katherina

212 3331 358 3379 consorte
376 3319 475 3400 ipsius
493 3319 587 3381 Blasii
608 3320 770 3399 institoris,
794 3321 849 3382 ubi
871 3321 957 3382 idem
976 3319 1110 3383 Cheden
1127 3321 1231 3382 eidem
1252 3321 1360 3382 Marco
1378 3321 1476 3383 nichil

211 3425 395 3506 respondit;
421 3439 452 3486 et
476 3427 545 3508 ipso
571 3426 657 3487 dicto
691 3427 756 3509 ipse
783 3426 906 3510 Gywan
939 3427 1067 3489 recessit
1093 3429 1133 3488 ab
1165 3427 1210 3488 eis
1234 3426 1273 3487 ad
1298 3440 1421 3508 partem
1445 3441 1476 3489 et

209 3531 339 3592 tandem
366 3531 433 3613 ipse
459 3531 583 3615 Gywan
602 3532 724 3594 audivit
748 3535 788 3594 ab
814 3535 883 3616 ipso
901 3534 1030 3596 Thoma
1048 3534 1187 3595 clamare
1212 3553 1383 3617 pomagay‚
1399 3547 1475 3596 tunc

209 3637 289 3698 vidit
314 3637 420 3719 ipsum
447 3638 581 3700 Cheden
608 3640 777 3721 evaginare
803 3641 908 3722 ipsum
933 3640 1103 3702 biccellum
1129 3659 1231 3722 usque
1255 3640 1294 3701 ad
1320 3641 1475 3720 medium,

209 3744 318 3825 sicque
344 3744 413 3804 viso
439 3745 505 3827 ipse
530 3745 657 3806 Marcus
674 3746 762 3827 quod
788 3747 854 3828 ipse
880 3745 1025 3807 Thomas
1042 3746 1175 3808 Cheden
1202 3746 1392 3826 evaginabat
1410 3747 1474 3808 bic·

210 3849 328 3911 cellum
361 3869 474 3929 suurn,
506 3863 581 3912 tunc
606 3852 638 3912 in
671 3853 846 3914 continenti
880 3853 947 3934 ipse
980 3854 1106 3914 Marcus
1138 3853 1270 3935 arripuit
1301 3853 1472 3914 biccellum

211 3955 311 4037 ipsius
330 3955 464 4018 Cheden
482 3970 513 4018 et
537 3959 670 4019 extraxit
686 3959 725 4019 de
743 3959 857 4040 vagina
884 3973 915 4021 et
927 3960 1032 4021 statim
1050 3960 1220 4041 proiecerit
1241 3960 1280 4020 ad
1297 3960 1473 4021 stacionem

211 4061 312 4144 ipsius
338 4063 434 4124 Blasii
460 4065 614 4126 institoris
638 4077 669 4126 et
693 4065 799 4147 ipsum
824 4065 987 4127 Thomam
1012 4065 1145 4128 Cheden
1171 4087 1188 4126 a
1212 4087 1244 4127 se
1269 4067 1408 4130 trusisse.

370 4303 516 4374 Sabbata
547 4305 701 4392 proximo
731 4307 764 4374 in
793 4304 879 4376 festo
907 4304 998 4375 beati
1026 4303 1132 4392 Egidii
1163 4305 1306 4376 abbatis.

709 4461 752 4538 (r.
776 4457 965 4535 septembris).

315 4596 456 4658 Causam
481 4597 562 4658 inter
587 4597 749 4660 Thomam
776 4599 920 4678 Cheden,
944 4611 979 4660 ut
1003 4611 1143 4660 actorem
1168 4600 1207 4660 ab
1232 4619 1306 4677 una,
1331 4611 1363 4660 et
1390 4599 1472 4660 inter

210 4704 355 4764 Marcum
381 4704 539 4766 Venetam
575 4725 729 4785 generum
755 4706 892 4767 condam
922 4706 1094 4787 Augustini
1120 4707 1250 4782 Kwsne,
1274 4706 1352 4766 olim
1377 4705 1470 4785 jurati

211 4823 241 4872 et
266 4810 407 4871 concivis
443 4812 553 4890 nostri,
585 4813 713 4874 racione
746 4813 826 4874 ictus
857 4812 958 4895 alapis
989 4811 1070 4873 facte
1102 4831 1158 4895 per
1189 4812 1294 4893 ipsum
1327 4812 1470 4872 Marcum

208 4935 303 4998 super
343 4917 446 4999 ipsum
480 4918 643 4980 Thomam
677 4917 757 4980 facte
798 4933 828 4980 et
859 4919 1023 5000 sanguinis
1055 4918 1230 4997 effusionis,
1262 4938 1317 4999 per
1352 4917 1471 4998 juratos

208 5023 292 5085 dicte
310 5023 446 5086 civitatis
463 5025 678 5106 adjudicatam
697 5037 727 5088 et
741 5046 797 5111 per
822 5026 960 5089 eundern
981 5027 1124 5086 Marcum
1143 5025 1332 5086 Venetuma
1350 5023 1470 5104 judicio
