3838 5786
706 575 905 652 Ana01472.
931 608 972 618 -
997 572 1047 636 18.
1072 575 1186 650 aprilis.
1516 573 1578 656 4⁰3

313 787 404 864 ravit,
430 787 595 848 convictus
619 799 665 847 est
690 801 799 849 contra
817 787 956 848 eundem
979 786 1100 848 Hathes
1123 787 1154 847 in
1173 788 1286 868 viginti
1312 788 1456 868 quinque
1475 787 1581 869 pensis

315 908 346 956 et
370 894 595 956 communitati
621 893 653 954 in
678 894 824 976 quinque
848 894 966 976 pensis.

313 1117 459 1188 Sabbata
501 1117 653 1204 proximo
689 1122 766 1205 post
800 1115 923 1187 festum
962 1115 1137 1186 beatorum
1166 1113 1314 1186 Tiburcii
1344 1121 1377 1185 et
1406 1113 1578 1186 Valeriani

858 1241 1050 1311 martirum.

835 1389 898 1468 (18.
923 1392 1055 1468 aprilis).

418 1533 495 1595 Item
520 1534 662 1594 seniores
686 1532 808 1613 judices
836 1552 963 1595 causam
996 1534 1077 1594 inter
1103 1533 1278 1594 Martinum
1311 1531 1413 1596 filium
1440 1532 1577 1595 condam

312 1638 395 1699 Petri
423 1637 463 1700 de
488 1639 643 1722 Scytaryo
668 1654 699 1701 et
723 1640 804 1700 inter
821 1639 1029 1701 Valentinum
1055 1652 1196 1701 sutorem
1227 1639 1421 1700 modernum
1439 1639 1578 1720 juratum

316 1744 444 1806 racione
461 1745 711 1827 vituperationis
728 1760 758 1806 et
772 1745 1052 1806 dehonestationis
1069 1765 1124 1827 per
1141 1745 1244 1827 ipsum
1260 1745 1467 1808 Valentinum
1485 1765 1580 1827 super

312 1851 417 1933 ipsum
445 1851 617 1913 Matrinum
644 1851 674 1913 in
701 1850 785 1913 dicta
806 1851 934 1914 civitate
953 1850 1043 1929 lacte,
1069 1871 1176 1913 coram
1194 1851 1304 1932 juratis
1329 1867 1448 1914 motam
1474 1866 1505 1914 et
1522 1872 1578 1934 per

312 1957 443 2020 eosdem
475 1957 595 2038 juratos
624 1958 839 2038 adjudicatam
873 1973 903 2020 et
935 1958 1064 2020 tandem
1109 1979 1165 2040 per
1195 1960 1299 2041 ipsum
1334 1960 1506 2022 Martinum
1539 1959 1579 2020 de

313 2063 490 2146 Schytaryo
527 2063 566 2124 de
592 2064 835 2146 adjudicatione
862 2065 1002 2146 ipsorum
1029 2064 1206 2146 juratorum
1244 2084 1308 2126 non
1334 2079 1520 2126 contentum
1546 2065 1578 2126 in

312 2171 510 2250 presentiam
535 2171 724 2232 eorumdem
749 2171 913 2232 seniorum
930 2170 1073 2252 judicum
1096 2171 1302 2253 appellatam,
1325 2171 1379 2232 tali
1405 2170 1504 2232 modo
1522 2170 1577 2232 ad-

312 2275 545 2356 judicaverunt,
563 2277 651 2359 quod
670 2278 735 2360 ipse
751 2277 908 2339 Martinus
925 2278 964 2339 de
983 2278 1149 2361 Schytario
1162 2276 1266 2358 jurare
1283 2278 1442 2340 tenebitur
1458 2291 1578 2340 sextus·

313 2397 379 2445 met
402 2381 479 2445 leria
504 2385 601 2445 tercia
626 2385 771 2466 proxima
797 2398 869 2466 post
893 2382 1008 2446 festum
1034 2385 1117 2445 beati
1144 2385 1241 2445 Marci
1267 2383 1483 2464 ewangeliste,
1501 2404 1572 2466 pro·

312 2489 397 2551 xime
422 2503 604 2570 venturum,
629 2491 660 2552 in
686 2511 739 2552 ara
764 2505 870 2554 sancte
891 2490 1005 2552 Crucis
1023 2491 1053 2552 in
1079 2489 1211 2552 ecclesia
1236 2490 1334 2551 sancti
1356 2491 1451 2551 Marti
1470 2509 1576 2551 ewan-

312 2597 423 2677 geliste
448 2600 479 2658 in
505 2598 588 2659 dicta
613 2598 741 2660 civitate
763 2597 906 2676 lundata,
931 2598 1036 2658 taliter
1058 2611 1088 2658 et
1105 2597 1160 2658 tali
1186 2596 1296 2675 modo,
1321 2596 1408 2678 quod
1436 2597 1502 2678 ipse
1520 2595 1578 2658 do·

313 2704 438 2764 minum
464 2717 609 2766 nostrum
634 2717 813 2766 terrestrem
839 2723 904 2766 non
930 2703 1095 2764 maledixit
1120 2722 1178 2764 nec
1203 2703 1468 2764 communitatem
1495 2703 1578 2764 dicte

314 2811 451 2872 civitatis
475 2825 505 2872 et
529 2812 614 2873 cives
639 2831 702 2872 non
729 2811 932 2893 vituperavit,
965 2824 996 2872 et
1024 2811 1100 2871 dum
1134 2810 1251 2891 jurabit
1276 2825 1306 2870 et
1330 2829 1363 2871 se
1388 2811 1579 2891 expurgabit

313 2930 388 2978 tunc
419 2917 486 3000 ipse
519 2917 709 2980 Valentinus
740 2931 840 2996 sutor,
872 2917 1011 2998 juratus,
1042 2917 1204 2978 tenebitur
1235 2916 1339 2977 eidem
1375 2917 1513 2976 Martino
1539 2915 1577 2976 de

315 3023 480 3107 Schytario
498 3024 623 3085 solvere
647 3023 807 3086 tenebitur
832 3037 862 3084 et
886 3024 946 3085 erit
969 3023 1130 3104 obligatus
1155 3023 1264 3084 decem
1290 3042 1404 3104 pensas
1429 3022 1576 3084 denario·

314 3150 383 3192 rum
410 3143 440 3192 et
465 3143 594 3192 centum
620 3130 769 3192 denarios
792 3129 1026 3192 communitati.

419 3236 497 3298 ltem
522 3237 664 3298 seniores
688 3236 809 3318 judices
833 3255 960 3298 causam
987 3237 1068 3298 inter
1090 3236 1218 3296 Petrum
1244 3233 1401 3296 famulum
1428 3233 1576 3314 Gregorii

314 3342 461 3405 moderni
494 3341 586 3426 jurati
612 3357 642 3404 et
675 3344 756 3404 inter
780 3342 960 3405 ,iohannem
993 3341 1196 3426 Fraylynytb
1221 3355 1252 3402 et
1277 3342 1455 3402 Jankonem
1489 3339 1577 3420 joba·

314 3449 426 3530 giones
450 3449 573 3510 domini
604 3449 736 3530 Georgii
760 3449 888 3531 plebani
915 3449 1014 3511 sancti
1038 3449 1165 3510 Martini
1191 3462 1222 3510 et
1247 3447 1405 3509 Brictium
1431 3446 1576 3528 jobagio·

313 3576 385 3617 nem
405 3556 560 3618 Anthonii
580 3555 780 3639 Thermsych
800 3556 926 3617 ratione
941 3555 1180 3638 captivationis,
1198 3554 1397 3616 detentionis
1414 3574 1449 3615 at
1465 3555 1577 3616 verbe-

313 3663 450 3724 rationis
474 3677 505 3725 et
529 3682 636 3725 rerum
661 3662 806 3724 eiusdem
840 3662 922 3723 Petri
954 3662 984 3722 in
1010 3661 1150 3742 quadam
1183 3661 1282 3722 domo
1308 3660 1347 3722 de
1373 3673 1465 3721 nocte
1490 3660 1577 3721 abla-

313 3770 414 3831 tionis
438 3789 533 3852 super
557 3771 662 3852 ipsum
695 3770 824 3830 Petrum
856 3787 912 3850 per
943 3766 1083 3849 prelatos
1108 3767 1301 3845 iohannem,
1335 3767 1514 3827 Jankonem
1548 3779 1578 3828 et

313 3877 473 3938 Brictium
499 3875 599 3955 lactis,
631 3895 738 3938 coram
763 3875 873 3958 juratis
906 3889 1026 3937 motam
1057 3887 1087 3935 et
1112 3873 1191 3956 (per)
1225 3873 1355 3935 eosdem
1381 3873 1500 3954 juratos
1523 3873 1577 3933 ad-

313 3982 484 4061 iudicatam
511 3995 542 4044 et
566 3981 695 4044 tandem
714 4001 770 4064 per
794 3981 966 4043 discretum
993 3981 1096 4041 virum
1116 3981 1283 4041 dominum
1315 3979 1492 4060 Georgium
1511 3978 1577 4060 ple·

314 4091 433 4150 banum
457 4087 576 4171 prefate
602 4089 734 4150 ecclesie
759 4089 858 4150 sancti
884 4088 1012 4150 Martini
1034 4087 1073 4148 de
1099 4085 1342 4168 adjudicatione
1368 4087 1510 4168 ipsorum
1529 4085 1578 4166 ju-

313 4207 453 4255 ratorum
479 4213 543 4256 non
569 4209 756 4256 contentum
786 4196 817 4256 in
852 4195 1049 4277 presenciam
1082 4193 1271 4256 eorumdem
1304 4192 1467 4254 seniorum
1493 4191 1576 4273 judi-

313 4321 385 4362 cum
411 4301 615 4383 appellatam,
641 4301 696 4363 tali
721 4301 820 4362 modo
846 4300 1122 4382 adjudicaverunt,
1139 4300 1225 4382 quod
1254 4301 1320 4382 ipse
1346 4299 1457 4361 Petrus
1474 4297 1578 4380 jurare

312 4407 472 4469 tenebitur
496 4407 651 4470 solusmet
683 4409 713 4469 in
739 4428 791 4469 ara
823 4422 931 4469 sancte
957 4407 1070 4470 Crucis
1103 4406 1180 4469 feria
1216 4408 1312 4468 tercia
1337 4406 1482 4489 proxima
1507 4417 1578 4488 post

313 4514 428 4578 lestum
454 4515 538 4576 beati
565 4515 661 4576 Marti
695 4515 911 4595 ewangeliste,
943 4515 1087 4596 proxime
1112 4527 1296 4592 venturum,
1328 4525 1485 4594 quantum
1511 4532 1576 4573 me-

313 4621 385 4684 dico
409 4641 467 4703 pro
492 4622 706 4684 medicamine
731 4622 873 4683 vulneris
896 4622 992 4683 solvit
1009 4622 1059 4684 vel
1080 4622 1204 4684 solvere
1229 4621 1398 4698 tenebitur,
1424 4633 1455 4681 et
1472 4639 1573 4700 quan-

311 4741 378 4789 tum
406 4729 435 4789 in
453 4728 666 4791 meditamine
692 4728 863 4790 retardavit
887 4743 917 4788 et
935 4729 1099 4809 exposuit;
1124 4743 1153 4790 et
1175 4728 1251 4789 dum
1270 4727 1396 4809 jurabit,
1422 4741 1497 4787 tunc
1516 4725 1574 4806 ipsi

313 4854 425 4897 omnes
448 4849 510 4896 tres
535 4835 640 4897 eidem
674 4835 768 4897 Petro
799 4834 923 4896 solvere
955 4837 1149 4895 tenebuntur
1181 4835 1352 4896 duodecim
1377 4847 1408 4894 et
1433 4833 1573 4893 mediam

312 4961 426 5024 pensas
454 4941 659 5003 denariorum
693 4955 723 5003 et
748 4941 969 5002 communitati
997 4953 1123 5000 tentum
1149 4940 1298 5000 denarios
1323 4959 1357 5000 ac
1382 4939 1482 5000 eciam
1517 4957 1574 5020 pro

314 5049 439 5110 medico
464 5049 520 5111 lesi
547 5049 728 5131 disponant,
753 5062 783 5109 et
808 5047 912 5110 eidem
940 5047 1033 5109 Petro
1051 5066 1108 5128 pro
1133 5047 1351 5108 retardatione
1376 5060 1406 5108 et
1431 5046 1578 5128 expensis

312 5153 492 5218 satisfacere
516 5157 721 5218 tenebuntur.
1470 5147 1482 5174 *
