3738 5786
616 502 813 578 Ann01457.
839 536 880 545 -
905 503 935 562 6.
959 503 1041 564 maii.
1143 574 1146 582 Ι
1403 525 1459 586 125

191 722 298 768 tarneu
325 729 386 771 nos
410 712 530 773 intuitu
554 712 605 772 dei
629 713 751 774 eteius
780 714 999 774 misericordia
1024 717 1102 774 moti
1128 715 1248 776 eisdem
1274 717 1462 778 mulieribus

194 812 274 874 hanc
299 816 440 896 graciam
468 815 611 896 fecimus,
637 833 672 879 ut
696 819 764 900 ipse
789 819 940 880 mulieres
958 821 1092 902 turpiter
1116 822 1232 904 expelli
1257 823 1405 900 debeant,
1431 837 1462 884 et

194 920 279 1000 quod
307 921 347 982 de
373 936 479 984 cetero
504 943 671 1006 nunquam
696 925 735 985 ad
765 925 926 987 civitatem
952 927 1061 988 venire
1087 947 1145 988 nec
1171 928 1287 990 intrare
1312 927 1461 1006 debcant,

193 1045 254 1108 que
278 1028 305 1089 si
331 1029 371 1090 de
397 1043 503 1091 cetero
527 1030 559 1091 in
585 1031 712 1093 civitate
730 1045 761 1093 et
785 1031 853 1093 eius
869 1033 1030 1095 territorio
1055 1047 1200 1116 repperte
1218 1033 1347 1112 fuerint,
1372 1035 1458 1116 juxta

193 1153 303 1194 earum
329 1136 485 1198 demerita
509 1137 605 1218 digne
631 1138 815 1218 punientur.

298 1259 379 1321 ltem
404 1265 512 1342 Agnes
536 1281 616 1323 uxor
634 1263 801 1324 Michaelis
825 1265 955 1326 sartoris
972 1265 1077 1326 claudi
1104 1265 1219 1344 juravit
1235 1265 1330 1328 hodie
1348 1279 1458 1327 contra

193 1362 358 1427 Thomam
392 1365 604 1450 Chulrowych
636 1388 871 1448 successorem,
902 1383 938 1430 ut
969 1371 1036 1452 ipsa
1070 1371 1101 1432 in
1135 1372 1333 1434 vestimentis
1359 1371 1459 1454 ipsius

192 1469 322 1533 Thome
347 1475 539 1535 successoris
564 1475 662 1556 ipsius
694 1474 906 1558 Chulrowych
931 1477 990 1538 sibi
1025 1477 1149 1538 nullum
1182 1478 1360 1560 dampnum
1386 1475 1460 1540 fecit

192 1577 292 1639 modo
317 1578 462 1661 aliquali.

296 1703 375 1765 ltem
401 1705 476 1786 quia
501 1703 642 1786 prefatus
667 1705 814 1789 Mathyas
846 1705 1032 1768 malefactor
1069 1708 1117 1768 vir
1142 1707 1241 1790 ipsius
1265 1706 1360 1769 Clare
1386 1727 1454 1770 mu·

189 1807 277 1870 lieris
303 1810 334 1871 in
362 1811 532 1874 manifesto
561 1813 729 1894 sacrilegio
754 1813 894 1895 predicte
912 1813 1045 1875 ecclesie
1069 1814 1167 1876 sancti
1188 1813 1355 1875 Laurencii
1374 1833 1454 1876 mar-

189 1915 257 1976 tiris
281 1929 314 1978 et
337 1917 473 1979 aliarum
497 1919 671 1981 multarum
705 1919 912 1982 ecclesiarum
945 1934 991 1982 est
1015 1934 1180 2003 reppertus
1211 1919 1391 1994 manifeste,
1424 1921 1456 1982 in

189 2022 443 2104 quibusquidem
467 2025 608 2087 ecclesiis
625 2025 740 2088 calices
766 2040 797 2087 et
813 2047 922 2088 cruces
939 2047 975 2088 ac
1000 2027 1152 2108 pecunias
1177 2041 1206 2088 et
1223 2027 1339 2088 anulos
1356 2028 1458 2088 noctis

189 2129 248 2190 sub
273 2130 421 2210 silencio,
453 2132 603 2194 ecclesias
627 2147 658 2195 et
692 2135 854 2196 clausuras
886 2153 995 2196 earum
1029 2132 1274 2215 confringendo,
1302 2135 1458 2196 subtraxit

188 2255 261 2296 cum
284 2237 382 2298 sociis
399 2239 476 2318 suis,
493 2239 567 2302 ideo
592 2240 665 2302 licet
682 2242 750 2322 ipse
775 2259 889 2323 penam
908 2239 1044 2322 patibuli
1062 2241 1143 2302 sicut
1160 2239 1301 2322 prefatus
1319 2239 1456 2302 Michael

188 2357 323 2405 venator
347 2345 412 2426 pati
437 2345 610 2425 debuisset,
633 2347 657 2407 si
692 2366 765 2408 eum
796 2346 1037 2429 apprehendere
1069 2347 1248 2427 potuissent
1271 2345 1376 2426 jurati,
1400 2345 1454 2407 sed

188 2450 261 2530 quia
286 2450 375 2511 idem
402 2451 548 2534 Mathyas
573 2452 613 2514 de
645 2472 739 2514 muro
766 2453 902 2514 civitatis
934 2468 1020 2514 extra
1045 2453 1205 2514 civitatem
1230 2453 1335 2515 salivit
1360 2467 1390 2514 et
1414 2453 1453 2514 de

189 2556 351 2618 territorio
377 2558 521 2619 eiusdem
555 2559 692 2620 civitatis
723 2560 832 2636 evasit,
865 2559 938 2620 ideo
963 2559 1140 2640 judicantes
1172 2559 1371 2620 decrevimus
1394 2559 1450 2620 tali

189 2663 297 2741 modo,
316 2677 351 2724 ut
368 2663 393 2724 si
413 2666 479 2746 ipse
498 2663 644 2747 Mathyas
661 2663 848 2727 malefactor
861 2677 891 2727 et
907 2665 1080 2746 sacrilegus
1104 2665 1143 2725 ad
1161 2666 1262 2746 ipsam
1288 2665 1449 2726 civitatem

188 2782 217 2828 et
247 2769 317 2830 eius
348 2771 544 2832 territorium
578 2773 617 2833 de
649 2785 754 2834 cetero
791 2791 934 2833 reversus
967 2771 1061 2833 fuerit
1085 2787 1115 2833 et
1148 2773 1268 2833 ibidem
1301 2773 1450 2834 inventus

189 2890 218 2936 et
241 2891 410 2958 reppertus
434 2876 539 2956 fuerit,
564 2897 639 2940 mox
664 2899 781 2960 penam
809 2879 945 2960 patibuli
977 2893 1192 2960 consequetur
1216 2881 1336 2960 absque
1361 2879 1450 2939 omni

187 2982 420 3046 misericordia.

291 3107 371 3168 ltem
396 3109 472 3190 quia
497 3109 598 3170 Elena
624 3128 703 3169 uxor
728 3108 895 3170 Michaelis
915 3109 1044 3170 sartoris
1068 3109 1174 3170 claudi
1200 3107 1367 3170 manifeste
1394 3109 1452 3168 mi-

187 3225 257 3273 nata
283 3227 331 3274 est
356 3213 422 3276 filie
446 3213 575 3277 Thome
600 3216 717 3276 sutoris
740 3216 849 3296 generi
875 3215 1012 3276 condam
1031 3215 1155 3276 Nicolai
1180 3215 1339 3297 Herwoya
1364 3215 1453 3292 dicti,

187 3319 274 3398 quod
299 3320 399 3382 vellet
423 3321 483 3382 sibi
508 3321 540 3382 in
565 3321 686 3383 calcem
719 3341 809 3382 suam
841 3321 966 3403 spinam
993 3319 1135 3403 infigere,
1160 3336 1191 3382 et
1225 3322 1301 3402 quia
1326 3321 1357 3381 in
1382 3321 1453 3382 aliis

186 3425 334 3506 pluribus
358 3425 525 3488 maleficiis
549 3440 595 3489 est
619 3441 778 3510 repperta,
804 3427 945 3509 ideoque
973 3427 1152 3508 judicantes
1176 3427 1398 3489 commisimus
1423 3441 1453 3490 et

187 3531 389 3595 decrevimus
412 3535 467 3596 tali
492 3535 602 3614 modo,
636 3549 670 3596 ut
702 3536 769 3616 ipsa
795 3535 896 3596 Elena
925 3535 965 3597 de
989 3549 1096 3597 cetero
1128 3536 1167 3596 ad
1194 3535 1356 3596 civitatem
1381 3553 1450 3616 pre-

186 3638 304 3700 dictam
329 3653 360 3701 et
385 3641 454 3702 eius
476 3641 673 3702 territorium
698 3641 816 3702 intrare
841 3661 906 3702 non
936 3641 1061 3720 debeat,
1087 3661 1148 3723 que
1173 3642 1198 3702 si
1224 3641 1263 3702 de
1288 3655 1393 3702 cetero
1419 3640 1450 3701 in

185 3745 269 3807 dicta
295 3747 423 3809 civitate
440 3761 471 3810 et
494 3748 563 3810 eius
586 3749 749 3810 territorio
765 3760 913 3830 repperta
927 3746 1033 3827 fuerit,
1058 3767 1132 3810 mox
1150 3748 1237 3828 juxta
1260 3768 1318 3809 sua
1342 3747 1450 3809 deme·

184 3853 243 3914 rita
267 3873 383 3935 penam
409 3873 506 3936 quam
534 3855 729 3918 demeruerit
753 3867 980 3936 consequetur.

292 3979 368 4041 ltem
395 3979 505 4040 Petrus
530 3979 651 4063 lwsych
678 3980 708 4040 in
734 3977 817 4040 facto
841 3978 989 4061 palorum
1019 3979 1116 4041 hodie
1140 3994 1249 4041 contra
1275 3979 1446 4041 Nicolaum

184 4098 325 4148 sutorem
358 4107 514 4168 generum
540 4085 759 4168 Wrecharych
784 4105 850 4147 non
883 4087 970 4146 venit
998 4105 1056 4148 nec
1089 4087 1280 4168 comparuit,
1305 4087 1378 4147 ideo
1403 4107 1450 4146 re-

183 4193 300 4254 mansit
333 4194 365 4254 in
400 4193 539 4274 birsagio
571 4193 656 4255 sedis
688 4203 793 4254 nostre
823 4191 989 4272 judiciarie
1017 4207 1171 4254 consveto
1196 4192 1319 4272 justicia
1344 4193 1449 4274 requi·

183 4313 283 4362 rente.

210 4535 304 4611 Pena
332 4547 431 4612 sexta
459 4539 612 4629 proxima
640 4547 718 4630 post
747 4540 870 4612 festum
899 4539 1104 4612 Invencionis
1133 4547 1250 4611 sancte
1279 4537 1404 4610 Crucis.

727 4709 772 4788 (ό.
796 4713 890 4790 marn.

288 4871 364 4938 ltem
390 4871 567 4954 Dyonisius
590 4883 691 4934 sartor
722 4885 832 4937 contra
858 4873 1010 4954 Ztoysam
1035 4871 1208 4955 pellificem
1233 4869 1377 4934 secundo
1402 4869 1445 4930 ci·

179 4991 268 5040 tatus
291 4999 354 5040 non
380 4977 569 5059 comparuit.
