3838 5786
612 519 699 576 Anno
721 527 808 595 1471.
835 552 875 560 -
901 529 946 594 17.
970 519 1145 593 septembris.
1452 543 1509 604 39¹

246 727 329 791 illud
356 730 423 810 ipse
457 731 584 793 Marcus
616 730 721 793 eidem
756 730 836 791 Pero
869 730 994 792 solvere
1025 731 1205 808 tenebitur;
1237 732 1368 814 dequo
1392 733 1512 812 judicio

247 836 390 918 ipsorum
427 837 605 918 juratorum
640 837 707 920 ipse
741 837 867 898 Marcus
907 856 972 898 non
1008 850 1176 900 contentus
1216 838 1351 900 eandem
1384 859 1511 900 causam

245 943 422 1026 appellavit
447 945 479 1005 in
503 943 703 1027 presenciam
728 943 892 1006 seniorum
916 941 1072 1023 judicum.

352 1069 430 1132 Item
455 1089 582 1132 causam
601 1070 683 1131 inter
709 1070 833 1130 Lucam·
845 1082 998 1147 sutorem,
1022 1067 1172 1149 juratum,
1199 1084 1229 1131 et
1254 1071 1335 1133 inter
1356 1070 1511 1133 Mathiam

246 1175 407 1238 literatum
442 1195 539 1258 quem
565 1179 631 1259 ipse
666 1177 767 1238 Lucas
797 1189 886 1237 sutor
917 1174 1059 1237 detinere
1096 1174 1170 1237 lecit
1201 1190 1231 1237 et
1263 1177 1427 1258 captivare
1453 1197 1511 1258 pro

245 1296 332 1343 certo
357 1281 441 1344 lacto
465 1283 658 1365 suspicionis
682 1281 756 1344 furti
781 1281 997 1364 quorumdam
1029 1302 1160 1343 suorum
1194 1283 1326 1362 bovum,
1351 1299 1381 1346 et
1406 1284 1510 1365 ipsum

245 1389 432 1450 tormentari
463 1387 536 1451 iecit
567 1389 654 1471 juxta
686 1389 951 1451 consvetudinem
983 1388 1066 1450 dicte
1099 1389 1245 1468 civitatis,
1281 1391 1373 1469 jurati
1406 1391 1511 1452 taliter

245 1494 481 1574 adjudicarunt,
506 1495 594 1577 quod
627 1495 695 1578 ipse
719 1495 856 1556 Mathias
888 1493 1031 1556 literatus
1062 1496 1247 1557 terciusmet
1277 1497 1422 1579 personis
1450 1497 1509 1558 sibi

245 1601 405 1663 similibus
429 1599 507 1664 feria
539 1615 625 1663 sexta
658 1603 803 1684 proxima
835 1615 908 1684 post
938 1600 1117 1684 predictum
1151 1601 1267 1664 festum
1292 1603 1510 1666 Exaltacionis

245 1722 353 1770 sancte
378 1707 492 1770 Crucis
515 1707 619 1790 jurare
643 1709 813 1786 tenebitur,
839 1707 927 1790 quod
959 1709 1026 1789 ipse
1051 1708 1083 1769 in
1109 1707 1193 1770 furto
1218 1710 1361 1790 ipsorum
1387 1711 1508 1770 bovum

244 1827 276 1876 et
298 1814 491 1896 suspicionis
515 1813 659 1877 eiusdem
684 1813 759 1877 furti
785 1815 817 1876 in
842 1814 933 1876 nullo
955 1815 1061 1877 eidem
1087 1815 1172 1877 Luce
1197 1816 1367 1898 culpabilis
1384 1816 1508 1892 existit;

245 1934 276 1983 et
300 1921 375 2003 quia
399 1919 541 2004 prelatus
566 1920 703 1983 Mathias
735 1921 878 1984 literatus
910 1922 1014 2003 ipsum
1046 1920 1263 2004 juramentum
1288 1923 1347 1983 sibi
1373 1943 1429 2004 per
1461 1922 1507 2004 ju·

243 2041 329 2089 ratos
361 2027 578 2110 adjudicatum
612 2028 644 2089 in
676 2029 815 2090 termino
846 2029 906 2089 sibi
939 2028 1014 2090 dato
1047 2047 1112 2089 non
1145 2029 1305 2111 deposuit,
1334 2041 1429 2111 prout
1453 2029 1507 2091 dc-

243 2134 349 2213 bebat,
374 2133 493 2216 (deest).

348 2239 426 2302 Item
457 2241 533 2322 quia
567 2240 742 2323 Dyonisius
773 2239 953 2324 Sypchych,
987 2241 1089 2302 Lucas
1120 2253 1208 2302 sutor
1238 2241 1370 2322 juratus,
1407 2240 1506 2322 Jurgh

242 2345 392 2426 carnifex,
418 2347 580 2408 Fabianus
606 2346 730 2410 Czaren
763 2347 871 2409 etalii
904 2346 1108 2410 fideiussores
1139 2368 1197 2429 pro
1223 2347 1362 2410 Martino
1388 2345 1505 2408 Corin-

240 2454 329 2514 tiano
354 2453 500 2516 carnifice
517 2473 575 2536 pro
593 2453 784 2516 detentione
802 2454 901 2536 ipsius
919 2454 1060 2533 Martini,
1090 2474 1186 2536 quem
1205 2454 1394 2516 Valentinus
1411 2453 1506 2536 judex

241 2558 407 2642 Saronych
432 2559 471 2621 ad
497 2573 592 2643 caput
615 2579 709 2622 suum
734 2559 869 2622 detineri
887 2558 1016 2640 fecerat,
1037 2579 1134 2642 quem
1159 2561 1217 2643 ipsi
1244 2559 1447 2622 fideiussores
1465 2559 1505 2621 ad

239 2667 382 2748 primum
414 2665 570 2747 judicium
603 2667 781 2749 producere
814 2681 844 2728 et
874 2682 1057 2750 presentare
1090 2667 1187 2748 judici
1220 2669 1443 2750 promiserant,
1475 2681 1506 2730 et

240 2791 314 2833 eum
338 2791 404 2834 non
429 2773 650 2855 produxerunt
674 2773 706 2834 in
732 2773 851 2856 judicio
876 2787 972 2856 prout
996 2774 1210 2856 promiserant
1234 2774 1344 2855 judici.

346 2899 423 2960 ltem
457 2900 532 2981 quia
564 2900 728 2982 Pongracz
764 2914 865 2961 sartor
898 2912 1007 2962 contra
1048 2919 1179 2961 uxorem
1214 2898 1301 2962 Galli
1335 2899 1503 2982 Koledych

238 3006 346 3088 primo
372 3007 485 3068 citatus
508 3025 573 3068 non
597 3006 786 3088 comparuit.

344 3110 423 3174 ltem
459 3112 533 3194 quia
571 3112 698 3198 Mycula
731 3111 895 3196 Jagodych
926 3125 1036 3174 contra
1060 3111 1236 3174 Martinum
1269 3110 1501 3194 Mraukowych

238 3219 343 3301 primo
368 3219 481 3282 citatus
505 3239 571 3281 non
596 3220 777 3302 comparuit
801 3221 832 3282 in
857 3219 978 3300 judicio
1003 3237 1110 3280 coram
1136 3219 1239 3282 nobis.

344 3342 423 3405 ltem
448 3345 524 3425 quia
549 3344 742 3407 Benedictus
766 3343 920 3428 Krupych
949 3358 1058 3406 contra
1084 3343 1296 3404 Benedictum
1322 3343 1500 3404 institorem

236 3447 342 3530 primo
368 3449 481 3512 citatus
505 3470 571 3513 non
597 3452 776 3534 comparuit
800 3452 832 3512 in
859 3450 979 3532 judicio
1004 3469 1112 3511 coram
1139 3449 1242 3511 nobis.

245 3569 248 3572 ’
343 3573 421 3636 ltem
446 3576 521 3656 quia
553 3577 673 3638 nobilis
705 3575 881 3658 Gregorius
914 3574 1057 3637 Bradach
1090 3593 1179 3636 socer
1204 3574 1324 3654 egregii
1352 3573 1500 3654 Gregorii

235 3679 385 3742 similiter
409 3680 552 3744 Bradach
586 3683 626 3744 de
650 3683 861 3762 Radomercz,
886 3696 996 3744 contra
1029 3679 1141 3744 fratres
1165 3681 1296 3742 ecclesie
1320 3681 1420 3742 sancti
1445 3681 1499 3741 Ni·

235 3783 319 3848 colai
353 3786 545 3850 confessoris
576 3787 615 3850 de
649 3789 814 3871 Zagrabia,
847 3789 952 3870 primo
984 3787 1024 3849 ad
1057 3788 1197 3870 primum
1222 3785 1376 3869 judicium
1402 3787 1499 3848 hodie

235 3912 299 3954 non
324 3895 505 3976 comparuit
529 3915 637 3956 coram
662 3896 766 3959 nobis.

340 4017 419 4082 ltem
444 4020 519 4101 quia
536 4020 646 4082 relicta
672 4021 865 4103 Mychgolen
885 4020 1041 4083 Anthonii
1059 4021 1164 4101 primo
1182 4020 1275 4082 citata
1292 4034 1400 4081 contra
1418 4018 1498 4080 Gre-

233 4125 361 4204 gotium
385 4145 602 4188 successorem
628 4127 765 4189 condam
784 4128 939 4190 Demetrii
957 4128 997 4189 de
1022 4128 1154 4190 Raboch
1179 4147 1243 4189 non
1269 4127 1448 4209 comparuit
1464 4127 1496 4188 in

233 4231 356 4313 judicio
381 4251 488 4294 coram
513 4234 616 4296 nobis.

339 4337 417 4400 Item
443 4339 517 4419 quia
543 4339 709 4401 Dionisius
725 4340 912 4424 Wodopya‚
933 4355 968 4403 ut
991 4354 1091 4420 actor,
1109 4353 1219 4403 contra
1244 4342 1388 4404 Marcum
1409 4341 1497 4424 Gyu·

233 4444 373 4528 rakoych
397 4459 428 4508 et
453 4445 590 4508 Paulum
615 4447 791 4528 lagathych
816 4449 1007 4510 secundario
1032 4450 1146 4510 citatus
1171 4469 1235 4510 non
1261 4450 1451 4531 comparuit.

340 4568 417 4630 ltem
442 4589 570 4631 causam
596 4569 677 4632 inter
696 4570 895 4652 Stephanum
921 4587 1062 4634 sutorem
1081 4585 1111 4635 et
1134 4573 1216 4634 inter
1235 4571 1427 4654 Gregorium
1445 4594 1496 4634 au·

232 4687 334 4736 torem
360 4694 575 4737 successorem
610 4675 744 4758 Georgii
777 4678 892 4739 bekaui
926 4679 1053 4740 racione
1086 4679 1301 4760 deposicionis
1334 4693 1364 4741 et
1395 4681 1496 4761 suspi-

233 4781 335 4842 cionis
359 4782 423 4864 pile
448 4783 525 4862 vini,
557 4783 625 4865 ipse
662 4783 839 4864 Gregorius
870 4784 974 4866 jurare
1005 4785 1184 4864 tenebitur,
1217 4786 1306 4866 quod
1332 4787 1397 4867 ipse
1430 4806 1495 4848 non

233 4887 382 4971 deposuit
406 4909 464 4951 nec
488 4891 625 4952 removit
650 4891 752 4972 ipsam
778 4892 877 4974 pilam
903 4891 1002 4974 ipsius
1030 4891 1195 4974 Stephani,
1220 4907 1250 4953 et
1274 4892 1390 4974 jurabit
1418 4891 1495 4954 feria

232 4996 489 5078 sextaproxima
514 5011 586 5078 post
611 4995 726 5058 festum
752 4998 836 5058 beati
863 4999 1000 5062 Martini.
