3644 5788
400 541 458 600 182
763 539 850 598 Anno
872 547 964 613 1459.
990 569 1029 582 -
1054 549 1105 612 14.
1129 535 1288 598 decembns.

396 770 454 811 suo
479 750 596 832 reperti
621 749 714 810 etad
748 748 882 808 domum
907 765 997 808 suam
1029 745 1159 828 recepti,
1184 765 1220 807 ac
1251 744 1384 806 demum
1409 745 1538 827 perditi,
1562 745 1658 827 jurati

394 857 440 918 sic
474 855 749 937 adjudicaverunt,
782 853 869 935 quod
901 851 1044 935 prelatus
1075 852 1227 913 dominus
1258 851 1421 912 Barnabas
1453 850 1531 913 feria
1563 852 1662 914 tercia

394 964 611 1046 juramentum
636 961 798 1043 deponere
823 958 953 1020 debebit
977 958 1009 1020 in
1034 977 1085 1038 eo,
1110 970 1145 1019 ut
1169 971 1325 1040 quantum
1351 957 1418 1040 ipse
1442 976 1559 1042 porcus
1583 978 1662 1020 suus

394 1070 504 1147 valuit,
530 1086 595 1150 quo
620 1066 778 1148 deposito,
811 1064 953 1148 prelatus
976 1064 1132 1126 Nicolaus
1156 1063 1262 1146 ipsum
1294 1083 1429 1146 porcum
1454 1066 1580 1128 solvere
1606 1066 1661 1128 de·

347 1176 352 1182 '
394 1177 500 1253 bebit;
524 1175 654 1237 demum
685 1173 786 1234 eciam
811 1172 878 1254 ipse
902 1171 1055 1233 Nicolaus
1082 1170 1227 1232 medicus
1249 1170 1464 1253 jurameutum
1497 1173 1661 1256 deponere

393 1281 535 1359 debebit,
560 1291 716 1361 quantum
741 1279 808 1359 ipse
832 1296 949 1359 porcus
980 1276 1159 1358 dampnum
1182 1273 1258 1340 fecit
1281 1277 1314 1338 in
1351 1276 1421 1358 ipso
1446 1277 1565 1359 (h)orto
1589 1298 1661 1358 suo,

393 1406 459 1469 quo
483 1385 641 1468 deposito,
665 1382 805 1467 prelatus
828 1383 980 1444 dominus
1005 1383 1166 1444 Barnabas
1183 1383 1288 1465 ipsum
1313 1383 1490 1466 dampnum
1515 1385 1577 1446 sibi
1595 1385 1661 1446 sol-

393 1513 467 1556 vere
492 1492 633 1554 debebit.

499 1615 577 1678 ltem
603 1633 662 1696 pro
680 1626 808 1675 moneta
832 1611 910 1674 falsa
928 1611 1013 1695 apud
1032 1611 1212 1674 lohannem
1230 1625 1372 1676 autorem
1396 1627 1533 1697 reperta,
1550 1613 1659 1676 eidem

392 1742 449 1804 per
474 1721 574 1783 alium
600 1721 683 1798 data,
708 1720 776 1802 ipse
800 1718 1017 1800 juramentum
1051 1719 1236 1780 mettercius
1260 1720 1339 1782 feria
1370 1721 1470 1784 tercia
1494 1721 1660 1803 deponere

394 1829 535 1907 habebit,
567 1828 655 1909 quod
681 1827 748 1908 ipse
781 1845 845 1887 non
878 1824 939 1887 fuit
970 1825 1118 1887 conscius
1151 1825 1250 1907 ipsius
1281 1839 1412 1890 monete
1443 1825 1523 1888 false
1545 1841 1576 1888 et
1600 1847 1660 1889 nec

393 1936 499 1998 socius
522 1935 562 1996 ad
587 1934 734 1996 eandem.

499 2039 577 2102 ltem
602 2039 738 2102 Cosmas
762 2037 967 2100 barbitonsor
991 2037 1069 2100 feria
1086 2039 1183 2101 tercia
1208 2053 1317 2101 contra
1331 2039 1534 2102 Anthonium
1552 2041 1660 2104 Kolral

393 2149 608 2230 juramentum
634 2148 665 2208 in
691 2165 730 2208 eo
754 2145 918 2228 deponere
950 2145 1092 2225 habebit,
1117 2146 1205 2227 quod
1237 2165 1296 2208 nec
1321 2146 1387 2228 ipse
1413 2167 1471 2208 nec
1496 2167 1577 2209 uxor
1601 2167 1659 2209 sua

392 2257 432 2316 ab
457 2254 572 2316 eodem
598 2252 760 2335 quandam
785 2252 956 2334 pecuniam
981 2271 1047 2314 non
1075 2253 1240 2315 subtraxit.

498 2379 575 2440 ltem
601 2378 817 2460 juramentum
842 2377 931 2459 quod
957 2376 1086 2439 Granda
1119 2397 1192 2438 cum
1225 2377 1294 2439 viro
1318 2397 1377 2439 suo
1401 2391 1511 2438 contra
1537 2377 1659 2461 Zthoy-

393 2488 510 2548 konem
534 2485 663 2546 racione
688 2483 854 2545 cuiusdam
879 2484 975 2544 vestis
996 2483 1141 2544 mulieris
1157 2483 1319 2565 deponere
1344 2483 1482 2546 habebat
1506 2483 1659 2566 deposuit

392 2591 478 2673 juxta
502 2590 780 2672 adjudicationem
804 2590 863 2651 sibi
893 2589 1118 2670 adjudicatam.

495 2697 572 2758 ltem
606 2695 784 2779 Termsych
817 2709 927 2758 contra
960 2695 1115 2757 Mathiam
1146 2692 1273 2757 labrum
1307 2695 1522 2776 juramentum
1550 2697 1583 2758 in
1617 2717 1657 2758 eo

389 2805 553 2886 deponere
577 2803 717 2882 habebit,
742 2803 831 2884 quod
856 2803 922 2885 ipse
948 2802 987 2863 de
1012 2802 1103 2864 milio
1134 2821 1199 2864 non
1224 2803 1418 2884 plusquam
1443 2823 1542 2864 unam
1560 2823 1657 2885 quar-

388 2923 453 2972 tam
478 2910 607 2992 recepit,
632 2929 698 2991 quo
723 2909 882 2992 deposito,
906 2907 1048 2991 prefatus
1066 2907 1202 2971 Mathias
1226 2909 1332 2991 ipsum
1357 2909 1483 2971 milium
1509 2911 1657 2972 tritulare

388 3018 494 3095 debet,
519 3017 610 3078 cuius
634 3017 841 3079 medietatem
866 3017 933 3099 ipse
957 3017 1126 3078 Termsich
1143 3016 1286 3098 recipiet,
1310 3016 1469 3098 reliquam
1488 3036 1565 3078 vero
1591 3037 1658 3078 me·

389 3124 540 3185 dietatem
567 3121 707 3204 prefatus
731 3121 885 3198 Mathias3
910 3122 970 3184 hoc
995 3135 1101 3184 autem
1127 3121 1343 3204 juramentum
1369 3123 1549 3206 deponetur
1575 3121 1655 3185 feria

389 3243 477 3291 sexta
504 3229 647 3311 proxima
672 3241 744 3310 post
772 3227 887 3289 festum
914 3228 1167 3310 Epiphaniarum
1192 3227 1335 3292 Domini.

494 3353 571 3414 Item
598 3351 773 3433 Gregorius
803 3352 1013 3415 Wrecharich
1047 3366 1158 3415 contra
1189 3353 1362 3416 Nicolaum
1394 3367 1536 3415 sutorem
1574 3353 1653 3415 feria

388 3475 474 3521 sexta
499 3472 571 3541 post
595 3457 709 3519 festum
736 3457 990 3541 Epiphaniarum
1018 3459 1150 3520 Domini
1183 3459 1400 3540 juramentum
1431 3459 1464 3520 in
1489 3479 1529 3521 eo
1555 3459 1656 3542 depo·

387 3585 461 3626 nere
486 3565 627 3644 habebit,
652 3564 740 3646 quod
766 3565 832 3647 ipse
857 3566 984 3647 penitus
1005 3565 1105 3626 nichil
1122 3565 1283 3647 obligatur
1308 3563 1432 3647 prefato
1457 3566 1609 3629 Nicolao.

493 3687 571 3750 ltem
596 3708 724 3750 causam
749 3689 832 3750 inter
858 3689 1033 3772 Symonem
1067 3704 1209 3752 sutorem
1242 3704 1272 3751 et
1297 3691 1484 3752 Ladislaum
1512 3691 1655 3753 Czaran·

385 3795 525 3857 tbowich
549 3816 605 3878 per
630 3797 749 3878 juratos
773 3797 901 3858 racione
930 3797 1147 3878 quorumdam
1181 3797 1414 3879 vituperiorum
1439 3817 1475 3859 ac
1500 3800 1654 3879 potencie

386 3922 483 3983 super
519 3903 622 3983 ipsum
648 3902 831 3963 Ladislaum
864 3903 1070 3984 proclamare,
1101 3901 1241 3985 prelatus
1270 3903 1437 3966 Ladislaus
1470 3905 1652 3987 appellavit

385 4007 425 4068 ad
450 4008 591 4068 seniores
616 4006 748 4088 judices.

492 4131 568 4194 ltem
595 4152 722 4194 causam
748 4133 830 4194 inter
855 4133 1033 4215 Georgium
1051 4147 1081 4195 et
1105 4135 1221 4196 lansek
1245 4135 1375 4196 racione
1394 4135 1562 4196 cuiusdam
1582 4156 1653 4218 per-

385 4238 541 4300 cussionis
573 4238 717 4299 mulieris
742 4239 840 4320 ipsius
873 4239 1017 4320 Georgii,
1049 4239 1142 4321 jurati
1175 4241 1220 4302 sic
1252 4239 1528 4322 adjudicaverunt,
1561 4244 1653 4324 quod

385 4343 459 4424 quia
485 4342 625 4425 prelatus
657 4345 772 4405 lansek
804 4345 974 4408 mulierem
1008 4347 1106 4428 ipsius
1139 4345 1272 4427 Georgii
1304 4347 1471 4428 percussit,
1504 4347 1578 4409 ideo
1604 4363 1654 4410 est

383 4450 550 4510 convictus
575 4450 605 4510 in
632 4451 722 4512 XXV
750 4452 857 4532 pensis
889 4452 1095 4514 denariorum
1129 4465 1238 4514 contra
1270 4453 1375 4535 ipsum
1402 4452 1595 4534 Georgium,
1621 4467 1654 4516 et

384 4554 494 4636 juratis
518 4556 556 4620 V.
581 4556 698 4637 pensis.

489 4680 566 4742 ltem
601 4681 786 4742 Franciscus
818 4683 986 4765 Jyruchich
1020 4699 1129 4745 contra
1162 4703 1294 4745 uxorem
1331 4684 1483 4767 Symonis
1529 4685 1653 4747 Kwhar

386 4783 506 4866 prelata
532 4785 608 4847 feria
631 4801 716 4847 sexta
741 4788 955 4868 juramentum
984 4791 1113 4851 racione
1146 4790 1313 4851 cuiusdam
1339 4791 1471 4852 lesionis
1495 4811 1552 4852 seu
1577 4794 1650 4853 vul·

382 4893 466 4952 neris
492 4905 556 4952 met
580 4894 695 4954 tercius
719 4895 777 4954 sibi
803 4895 962 4955 similibus
987 4896 1018 4956 in
1046 4916 1084 4956 eo
1111 4896 1272 4978 deponere
1297 4897 1439 4976 debebit,
1465 4898 1552 4978 quod
1578 4899 1649 4978 ipse

382 4997 483 5080 ipsam
509 4998 665 5060 lesionem
683 5018 739 5062 seu
762 5000 878 5064 vulnus
903 5001 962 5085 ipsi
980 5002 1106 5064 mulieri
1132 5021 1196 5064 non
1227 5000 1302 5065 fecit
1326 5022 1384 5066 nec
1407 5003 1543 5066 eandem
1562 5003 1648 5067 lesit.
