3852 5814
382 553 445 632 462
800 556 886 612 Anno
910 565 998 633 1477.
1023 588 1066 598 —
1089 569 1118 614 2.
1146 556 1228 614 maia.

383 768 483 828 securi
510 768 639 828 bursam
665 767 768 827 eidem
796 766 960 848 Stephano
987 767 1017 827 in
1043 787 1105 848 qua
1131 779 1220 826 erant
1244 779 1372 828 centum
1399 780 1429 826 et
1453 779 1526 827 octo
1552 764 1651 825 solidi

384 874 449 950 lati,
475 888 505 934 et
530 873 657 934 racione
682 873 847 934 cuiusdam
874 873 948 953 equi
983 891 1079 953 quem
1106 872 1264 936 furaverat
1289 874 1319 934 in
1352 872 1513 934 territorio
1543 885 1650 932 nostre

385 980 522 1040 civitatis
551 993 580 1040 et
613 980 808 1040 conduxerat
836 979 875 1039 ad
909 979 1003 1040 istum
1037 979 1121 1040 idem
1155 980 1345 1043 castellanus
1378 979 1502 1040 domini
1536 977 1648 1060 prelati

385 1085 500 1148 furtive
525 1099 555 1147 et
579 1085 664 1146 idem
691 1085 858 1168 Philippus
882 1085 1074 1147 castellanus
1108 1087 1247 1148 eundem
1272 1106 1367 1168 super
1390 1086 1553 1148 victimam
1579 1082 1653 1147 fecit

385 1192 548 1254 extradare
574 1193 620 1254 illi
654 1193 745 1254 cuius
769 1207 846 1272 erat,
879 1207 910 1254 et
937 1205 1067 1274 propter
1101 1193 1182 1254 alios
1206 1211 1351 1255 excessus
1383 1213 1465 1275 quos
1489 1193 1574 1254 idem
1599 1192 1652 1253 Jo-

385 1300 506 1362 hannes
524 1300 746 1361 nominaverat
763 1319 857 1382 super
876 1313 1084 1378 tormentum,
1106 1303 1205 1361 boves
1228 1313 1259 1361 et
1275 1319 1397 1378 vaccas,
1415 1298 1489 1360 ideo
1507 1311 1652 1360 nostrum

385 1405 541 1486 judicium
567 1405 861 1488 condempnaverat
893 1425 967 1467 eum
992 1420 1158 1487 amputare
1190 1407 1250 1468 sibi
1276 1425 1407 1467 manum
1432 1419 1561 1488 propter
1584 1404 1652 1464 vio·

385 1512 522 1574 leticiam
549 1531 644 1593 quam
671 1511 808 1588 fecerat;
832 1527 863 1573 et
887 1532 944 1594 pro
970 1513 1037 1573 istis
1060 1513 1131 1574 aliis
1156 1511 1325 1574 furticiniis
1348 1531 1405 1594 per
1430 1513 1534 1594 ipsum
1552 1509 1653 1588 factis,

385 1619 466 1680 sicut
491 1621 673 1680 metebatur
690 1619 729 1680 de
755 1619 822 1698 jure
840 1617 1084 1700 condempnari,
1109 1631 1140 1680 et
1164 1619 1240 1700 quia
1258 1618 1391 1679 veniens
1404 1616 1524 1678 nobilis
1542 1616 1653 1677 Petrus

386 1725 417 1786 in
443 1745 578 1807 persona
596 1726 716 1806 egregii
735 1724 889 1806 Stephani
908 1724 947 1786 de
966 1724 1059 1786 Pesth
1085 1725 1209 1786 domini
1227 1723 1348 1786 seilicet
1365 1724 1413 1784 sui
1432 1742 1539 1784 coram
1558 1722 1654 1783 nobis

386 1852 422 1892 ac
447 1832 556 1912 probis
580 1845 611 1893 et
634 1831 776 1893 honestis
801 1832 966 1892 nobilibus
995 1845 1026 1892 et
1053 1829 1204 1892 fratribus
1236 1831 1359 1892 ordinis
1383 1829 1467 1891 beati
1494 1828 1653 1889 Francisci

388 1939 463 1999 viris
494 1939 618 2020 rogavit
649 1951 680 2000 et
712 1937 875 2000 humiliter
907 1937 1099 2020 supplicavit
1131 1952 1164 1999 ut
1196 1951 1326 2020 propter
1358 1937 1455 1997 talem
1489 1954 1653 1996 excessum

386 2045 475 2126 quod
500 2043 627 2122 fecerat,
653 2045 741 2126 quod
773 2060 916 2126 parceret
948 2045 975 2104 ei
1010 2059 1074 2106 tota
1108 2045 1323 2105 communitas
1356 2055 1486 2125 propter
1509 2061 1652 2104 amorem

388 2151 487 2232 ipsius
511 2165 541 2211 et
565 2150 753 2212 eorumdem
779 2151 937 2212 nobilium
964 2171 999 2212 ac
1025 2150 1155 2213 fratrum
1173 2152 1232 2212 sub
1257 2151 1311 2212 tali
1337 2151 1539 2227 condicione,
1564 2149 1653 2230 quod

388 2259 446 2320 iste
472 2259 555 2319 idem
582 2257 744 2320 Johannes
769 2258 942 2338 Hungarus
966 2258 1005 2318 ad
1035 2258 1229 2319 territorium
1256 2257 1345 2318 istius
1370 2257 1506 2318 civitatis
1531 2256 1656 2317 nonsit

388 2384 484 2425 ausus
516 2365 623 2424 venire
649 2365 711 2446 jam
745 2384 801 2446 per
832 2365 981 2446 amplius,
1014 2378 1044 2426 et
1075 2365 1100 2424 si
1126 2385 1181 2445 per
1213 2365 1353 2445 amplius
1378 2363 1462 2425 idem
1489 2361 1582 2425 fuerit
1606 2382 1654 2423 re-

387 2483 495 2552 pertus
519 2470 550 2530 in
575 2471 736 2532 territorio
761 2471 908 2548 civitatis,
942 2470 1054 2532 eadem
1080 2491 1160 2553 pena
1194 2470 1309 2532 debeat
1333 2471 1439 2552 puniri
1465 2471 1570 2552 primo
1596 2489 1653 2531 no·

388 2579 525 2652 minata;
551 2577 624 2638 ideo
650 2597 709 2639 nos
732 2591 798 2640 tota
831 2579 1046 2639 communitas
1077 2579 1272 2661 peticionem
1306 2579 1405 2660 ipsius
1429 2579 1550 2661 egregii
1583 2578 1653 2640 Ste-

388 2684 484 2766 phani
509 2683 549 2744 de
575 2683 667 2745 Pesth
693 2685 724 2744 in
749 2704 806 2746 sua
830 2704 965 2766 persona
991 2705 1046 2766 per
1063 2685 1201 2746 eundem
1229 2685 1358 2746 Petrum
1384 2683 1575 2746 familiarem
1592 2684 1653 2744 sci·

389 2791 463 2852 licet
486 2809 579 2851 suum
605 2791 643 2850 ad
670 2810 728 2850 nos
752 2805 930 2871 porrectam
957 2805 987 2852 et
1011 2791 1149 2852 aliorum
1179 2792 1339 2852 nobilium
1365 2804 1396 2852 et
1420 2789 1552 2852 fratrum
1579 2789 1655 2851 faci·

389 2916 460 2958 mus
485 2909 515 2957 et
540 2895 674 2957 fecimus
698 2897 756 2957 sub
781 2897 836 2958 tali
860 2897 1051 2959 condicione
1076 2899 1300 2980 suprascripta.

392 3113 486 3186 Ferla
516 3123 613 3186 sexta
642 3118 795 3204 proxima
824 3125 902 3187 ante
938 3116 1061 3188 festum
1089 3115 1324 3206 hppariciouis
1363 3119 1451 3190 beati
1482 3117 1654 3191 llichaelis

918 3241 1123 3329 archangeli.

934 3394 976 3468 (2.
1000 3392 1098 3472 mari).

409 3519 412 3528 ’
498 3533 574 3594 ltem
592 3553 720 3595 causam
739 3534 821 3595 inter
838 3533 980 3596 Blasium
1001 3535 1248 3618 Nelrerschenyk
1265 3549 1407 3598 sutorem
1424 3550 1456 3598 et
1474 3537 1654 3599 Fabianum

390 3639 565 3702 Veuericza
589 3641 717 3702 racione
741 3640 907 3702 cuiusdam
942 3641 1028 3702 bladi
1053 3641 1146 3723 jurati
1180 3643 1372 3705 invenerunt
1395 3657 1426 3704 et
1450 3643 1655 3725 adjudicave-

388 3759 463 3808 runt
497 3747 543 3808 uti
580 3747 684 3828 primo
719 3745 813 3828 jurati
849 3747 1110 3828 adjudicaverant
1141 3763 1172 3812 et
1205 3749 1341 3811 eandem
1373 3750 1652 3832 adjudicationem

390 3852 559 3916 affirmant.

496 3959 572 4020 ltem
599 3980 727 4022 eausam
760 3961 841 4022 inter
873 3963 1139 4044 circumspectum
1173 3963 1354 4025 lohannem
1383 3963 1583 4026 Soldinarica
1607 3963 1655 4044 ju·

391 4065 493 4126 dicem
520 4066 655 4128 civitatis
680 4081 711 4128 et
735 4067 816 4128 inter
841 4068 976 4129 Elenam
999 4069 1167 4130 mulierem
1185 4071 1314 4132 racione
1339 4071 1505 4132 cuiusdam
1531 4068 1604 4133 furti
1622 4071 1654 4131 in

392 4173 533 4254 quodam
561 4173 679 4254 (hlorto
704 4175 824 4256 egregii
852 4175 993 4236 Bradacz
1017 4176 1138 4238 scilicet
1155 4197 1316 4259 ceparum,
1340 4176 1434 4258 jurati
1451 4177 1655 4258 adjudicave-

392 4293 475 4357 runt,
500 4293 535 4340 ut
567 4279 652 4341 idern
686 4281 786 4342 Elena
819 4294 903 4343 extra
933 4283 1093 4344 civitatem
1127 4284 1248 4365 percuti
1280 4282 1405 4360 debeat,
1430 4284 1505 4365 quia
1530 4284 1598 4345 sola
1622 4283 1654 4344 in

391 4386 466 4448 sede
492 4384 551 4447 hoc
577 4385 775 4448 furticinium
802 4408 865 4449 non
892 4389 1029 4470 negavit.

497 4493 574 4554 ltem
600 4513 728 4555 causam
764 4495 845 4557 inter
877 4495 1069 4557 Michaelem
1103 4496 1142 4556 de
1175 4497 1396 4558 Jaztrebarzka
1429 4511 1460 4559 et
1484 4499 1566 4559 inter
1588 4517 1654 4559 tna·

390 4597 524 4677 gistrum
550 4599 713 4660 Andream
740 4601 900 4663 Polonum
922 4603 1112 4663 canonicum
1131 4603 1263 4665 ecclesie
1288 4603 1503 4685 aagrabiensis
1527 4605 1655 4665 racione

392 4705 557 4766 cuiusdam
584 4707 657 4786 equi
677 4706 750 4768 furti
770 4708 912 4770 eiusdem
932 4709 1109 4788 Michaelis,
1135 4729 1230 4790 quem
1248 4709 1368 4772 scilicet
1385 4729 1504 4792 equum
1529 4709 1561 4772 in
1579 4711 1654 4771 sede

392 4825 498 4873 nostra
525 4813 609 4873 idem
637 4815 786 4894 magister
805 4815 949 4877 Andreas
974 4819 1133 4877 asserebat
1149 4835 1241 4877 suum
1267 4831 1298 4878 et
1315 4817 1374 4878 hoc
1392 4836 1465 4878 eum
1490 4816 1655 4898 fidedigno

391 4919 576 4980 testimonio
594 4922 816 5001 comprobavit
845 4923 932 5002 quod
958 4923 1096 4983 eundem
1115 4943 1234 5004 equum
1260 4943 1352 4984 suurn
1379 4923 1419 4984 ad
1437 4923 1576 4986 bonores
1593 4924 1653 4984 sibi

393 5025 481 5086 dedit
498 5027 687 5088 venerabilis
709 5028 756 5088 vir
773 5029 870 5089 abbas
888 5030 926 5090 de
946 5029 1138 5111 Thopolzlta
1153 5029 1192 5090 ad
1210 5029 1348 5091 honores
1364 5043 1508 5113 tempore
1533 5031 1655 5093 scilicet
