3644 5788
569 521 765 598 Anno1459.
789 555 833 566 -
856 535 907 598 23.
922 519 1087 600 fibruan'i.
1405 543 1459 606 ¹7¹

301 731 383 792 ltem
418 731 493 812 quia
519 731 617 793 Elena
651 732 761 794 relicta
792 731 930 794 condam
961 731 1123 814 Zaykonis
1154 731 1305 814 lutifiguli
1333 733 1364 794 id
1391 754 1463 796 cum

197 835 367 900 sufficienti
402 851 433 898 et
464 836 628 919 fidedigno
661 850 845 899 nostrorum
878 838 1060 899 concivium
1096 838 1282 900 testimonio
1315 840 1399 902 clare
1434 854 1464 902 et

197 943 315 1004 seriose
348 943 585 1026 comprobavit,
617 956 651 1005 ut
679 944 755 1004 dum
789 941 930 1026 prefatus
955 943 1092 1006 condam
1125 943 1234 1027 Zaylro
1260 945 1292 1005 in
1316 945 1465 1006 extremis

196 1049 259 1110 vite
284 1069 341 1112 sue
366 1050 557 1132 temporalis
580 1051 766 1130 laborasset,
791 1064 867 1113 tunc
884 1049 990 1113 eidem
1016 1050 1136 1132 legavit
1159 1051 1322 1133 quandam
1345 1065 1463 1115 terram

197 1157 352 1219 arabilem
378 1159 411 1219 in
429 1157 590 1220 territorio
615 1159 751 1221 civitatis
774 1157 896 1240 prefate
914 1158 1080 1220 intervias
1105 1177 1294 1222 communes
1311 1158 1463 1238 habitam,

199 1265 277 1326 duas
301 1264 404 1326 dietas
427 1279 511 1326 terre
535 1265 567 1326 in
591 1285 624 1326 se
649 1266 881 1344 continentem,
914 1283 986 1327 cunr
1011 1265 1163 1326 omnibus
1185 1265 1251 1326 suis
1273 1265 1464 1328 utilitatibus

197 1383 226 1432 et
249 1371 459 1452 pertinenciis
477 1371 653 1448 universis;
682 1371 806 1452 etquis
823 1371 925 1432 eciam
942 1369 1082 1453 prelatus
1099 1371 1209 1455 Zayko
1225 1371 1351 1434 literam
1368 1391 1464 1454 super

196 1477 263 1559 ipsa
289 1492 372 1539 terra
397 1476 510 1539 arabili
535 1497 593 1559 pro
617 1497 649 1537 se
675 1477 745 1560 ipso
771 1478 912 1539 emanari
945 1477 1122 1558 nequierat,
1147 1477 1221 1539 ideo
1247 1497 1306 1539 nos
1330 1491 1378 1540 ter
1402 1497 1461 1560 pu-

197 1583 279 1645 blice
305 1583 442 1645 lecimus
466 1583 657 1664 proclamari
683 1584 725 1644 ita
750 1583 911 1662 videlicet,
942 1583 1030 1664 quod
1054 1583 1080 1644 si
1105 1583 1222 1665 aliquis
1246 1584 1463 1646 contradictor

197 1689 292 1750 huius
308 1703 393 1752 terre
418 1687 523 1767 luerit,
547 1709 655 1751 coram
672 1689 765 1750 nobis
788 1710 821 1750 se
839 1690 1032 1768 ostenderet,
1057 1691 1179 1772 etquis
1204 1690 1312 1752 nullus
1336 1704 1462 1752 contra·

196 1795 301 1856 dictor
326 1795 448 1856 ibidem
482 1795 640 1876 apparuit,
672 1795 746 1857 ideo
770 1815 830 1857 nos
861 1795 963 1878 ipsam
992 1808 1108 1857 terram
1141 1795 1309 1857 statuimus
1340 1795 1461 1878 prefate

197 1901 299 1962 Elene
324 1901 454 1962 mulieri
479 1919 551 1961 cum
576 1901 642 1962 suis
665 1901 873 1983 pertinenciis
897 1903 1065 1964 universis.

303 2006 382 2068 ltem
409 2006 569 2088 Georgius
593 2006 677 2069 filius
699 2007 828 2071 Thome
853 2008 892 2070 de
909 2021 1019 2070 sancto
1044 2008 1219 2070 Benedicto
1243 2007 1340 2070 hodie
1365 2007 1459 2069 nobis

194 2113 377 2194 significare
395 2115 516 2175 curavit
544 2113 711 2195 quomodo
736 2113 803 2196 ipse
820 2115 984 2196 quandam
1002 2115 1136 2176 domum
1162 2115 1193 2175 in
1212 2113 1367 2175 suburbio
1384 2113 1460 2174 civi·

195 2221 270 2282 tatis
295 2217 419 2302 prefate
437 2221 519 2281 inter
535 2220 668 2282 domum
686 2221 820 2287 Arlandi
838 2241 855 2282 a
872 2221 1052 2283 meridione
1069 2233 1100 2282 et
1117 2220 1245 2281 Andree
1263 2219 1459 2282 Thomasicz

194 2347 211 2387 a
243 2327 475 2409 septemtrione
508 2347 524 2388 a
557 2327 721 2409 Stephano
754 2328 864 2410 Rosyn
896 2327 985 2410 olym
1017 2328 1149 2390 concive
1182 2339 1334 2389 nostros
1367 2327 1462 2388 certis
1517 2411 1519 2414 Ι

193 2433 288 2494 annis
311 2433 497 2515 retrolapsis
530 2447 745 2515 comparasset
777 2454 834 2517 pro
866 2434 923 2495 llll
948 2434 1017 2496 flor.
1043 2434 1123 2512 auri,
1156 2447 1252 2516 prout
1277 2433 1392 2495 exinde
1424 2452 1461 2495 ex

195 2524 359 2600 relacione
385 2538 619 2600 nonnullorum
643 2541 820 2621 proborum
838 2554 869 2602 et
892 2539 1101 2602 honestorum
1118 2541 1260 2602 virorum
1286 2540 1460 2601 certissime

193 2646 300 2707 edocti
318 2665 431 2706 sumus
448 2657 478 2706 et
498 2644 673 2723 informati,
690 2659 721 2708 et
737 2646 824 2727 quod
839 2647 914 2728 quia
929 2647 1013 2707 idem
1032 2645 1261 2728 Georgiussibi
1278 2665 1373 2728 super
1389 2665 1460 2729 pre-

193 2752 291 2813 missa
315 2751 417 2812 domo
441 2764 471 2813 et
495 2751 566 2812 aliis
590 2753 712 2813 cunctis
736 2752 801 2813 suis
825 2753 1016 2814 utilitatibus
1032 2752 1101 2834 jura
1126 2765 1157 2814 et
1181 2752 1319 2814 literaria
1346 2753 1459 2813 instru-

193 2872 302 2920 menta
329 2871 437 2919 nostra
461 2877 519 2939 pro
543 2878 576 2919 se
600 2859 670 2940 ipso
694 2877 796 2939 usque
825 2878 910 2920 nunc
943 2859 1075 2920 minime
1108 2859 1250 2920 emanari
1275 2856 1360 2937 fecit,
1385 2857 1459 2919 ideo

194 2983 255 3026 nos
279 2963 417 3025 candem
436 2963 571 3025 domum
596 2965 628 3025 in
644 2963 809 3026 vicinitate
825 2964 1006 3046 supradicta
1024 2963 1176 3042 habitam,
1194 2983 1267 3026 cum
1291 2963 1357 3024 suis
1374 2963 1458 3025 utili·

192 3071 315 3132 tatibus
336 3084 368 3130 et
384 3069 590 3150 pertinenciis
614 3069 770 3132 universis
789 3068 913 3152 prefato
939 3069 1081 3151 Georgio
1098 3070 1267 3132 statuimus
1291 3083 1322 3131 et
1345 3068 1459 3131 confit-

194 3175 358 3237 mavimus
374 3189 530 3256 perpetuo
544 3175 770 3258 possidendam
783 3175 868 3256 juxta
885 3176 1109 3238 condicionem
1129 3176 1265 3238 civitatis
1281 3188 1458 3258 prenotate.

300 3281 380 3342 ltem
405 3280 498 3362 jurati
524 3280 788 3362 adjudicaverunt
821 3301 949 3344 causam
982 3283 1063 3344 inter
1087 3282 1295 3344 Valentinum
1319 3281 1457 3362 judicem

192 3404 225 3449 et
248 3387 415 3449 Thomam
440 3407 476 3449 ac
502 3387 681 3449 Barnabam
707 3387 842 3450 Cheden
871 3389 1000 3450 racione
1032 3389 1201 3450 cuiusdam
1225 3387 1314 3470 porci
1339 3388 1457 3470 recepti

192 3507 324 3579 propter
348 3493 596 3576 promissionem
622 3495 777 3577 ipsorum,
808 3508 843 3556 ut
875 3495 934 3577 ipsi
958 3493 1118 3577 prefatum
1150 3513 1283 3577 porcum
1309 3494 1369 3575 ipsi
1394 3493 1455 3554 Va-

191 3602 318 3663 lentino
343 3599 441 3682 judici
466 3599 591 3662 solvere
617 3601 822 3664 tenebuntur.
1347 3619 1351 3624 ·

301 3707 380 3768 ltem
404 3705 499 3787 jurati
524 3706 789 3787 adjudicaverunt
813 3727 941 3768 causam
975 3708 1056 3770 inter
1081 3708 1289 3772 Valentinum
1314 3710 1455 3792 judicem

191 3826 223 3874 et
247 3812 450 3895 Stephanum
475 3811 636 3893 lagichicz
660 3813 788 3874 racione
813 3813 979 3874 cuiusdam
999 3815 1090 3875 bovis
1114 3835 1170 3895 per
1195 3817 1334 3878 eundem
1359 3817 1455 3878 inter·

190 3919 267 3980 lecti
292 3939 352 4001 pro
377 3937 444 4000 quo
467 3918 688 3979 testimonium
714 3919 892 4000 producere
914 3921 1063 4000 debebat,
1088 3942 1125 3984 ex
1150 3942 1216 4004 quo
1242 3923 1345 4006 ipsum
1369 3925 1453 3985 testi-

188 4025 338 4087 monium
354 4025 385 4085 in
399 4025 469 4106 ipso
483 4025 621 4086 termino
634 4025 811 4107 producere
825 4045 890 4086 non
909 4027 1022 4106 potuit,
1042 4028 1146 4110 ipsum
1166 4031 1281 4090 bovem
1300 4030 1455 4092 exsolvat.

300 4131 378 4192 Item
403 4130 496 4214 jurati
522 4129 787 4212 adjudicaverunt
819 4151 946 4193 causam
976 4133 1058 4194 inter
1092 4135 1296 4196 Loduuicum
1323 4149 1355 4197 et
1387 4135 1456 4196 Ste-

188 4237 338 4321 phanum
363 4234 524 4316 lagichicz
548 4236 676 4298 racione
701 4237 868 4298 cuiusdam
894 4237 1025 4299 infamis
1044 4260 1080 4300 ac
1105 4240 1329 4302 defloracionis
1353 4242 1457 4302 cuius·

189 4345 269 4406 dam
302 4343 430 4425 puelle,
462 4361 498 4403 ex
523 4362 589 4424 quo
622 4343 688 4424 ipse
721 4343 901 4426 Stephanus
928 4364 1024 4428 super
1055 4346 1240 4408 huiusmodi
1270 4347 1400 4408 infamia
1427 4361 1457 4409 et

189 4451 411 4513 defloracione
444 4449 666 4511 testimonium
697 4450 823 4512 nullum
860 4452 1036 4532 producere
1068 4454 1172 4534 potuit
1207 4455 1372 4516 convictus
1409 4467 1454 4514 est

189 4569 305 4620 contra
323 4557 464 4617 eundern
488 4555 692 4618 Lodouicum
718 4557 749 4617 in
774 4557 847 4619 vivo
872 4557 1035 4639 homagio,

300 4663 378 4724 ltem
404 4681 531 4724 causarn
556 4663 639 4725 inter
658 4663 842 4725 Ladislaum
860 4683 999 4725 rasorem
1025 4677 1055 4725 et
1073 4664 1270 4747 Stephanum
1295 4665 1455 4746 lagicbicz

187 4771 286 4853 jurati
311 4769 586 4852 prolongaverunt
610 4769 648 4830 ad
673 4771 809 4852 primam
835 4770 919 4831 diem
945 4770 1154 4850 judiciariam.

300 4877 379 4938 ltem
404 4877 496 4959 jurari
521 4891 776 4958 prorogaverunt
798 4897 925 4938 causam
952 4879 1033 4939 inter
1050 4879 1257 4940 Valentinum
1283 4879 1408 4940 fabrum
1427 4896 1455 4941 ct

188 4981 381 5045 Emericum
405 4981 566 5045 Croacum
591 4983 630 5046 ad
655 4983 792 5065 primam
818 4983 904 5046 diem
928 4984 1139 5064 judiciariam.
