3738 5786
645 515 845 591 Ann01455.
871 549 911 558 —
936 528 985 591 23.
1010 516 1090 574 mari.
1457 532 1492 588 91

223 741 491 808 prorogaverant,
517 727 615 788 iidem
639 728 782 790 seniores
805 727 927 810 judices
956 729 1056 810 ipsam
1083 746 1211 789 causam
1237 727 1292 788 tali
1318 728 1418 790 modo
1442 729 1497 790 ad·

223 833 451 914 judicaverunt
477 849 508 895 et
533 835 768 913 concluserunt,
794 849 828 896 ut
845 835 913 918 ipse
931 836 1057 898 Marcus
1075 834 1270 896 duodecimo
1295 855 1327 896 se
1353 836 1498 917 personis

225 940 378 1002 civilibus
404 941 436 1002 in
455 939 537 1004 facie
555 941 637 1002 dicte
655 941 806 1003 sessionis
825 942 965 1023 litigiose
984 942 1039 1004 ubi
1065 955 1111 1003 est
1127 953 1253 1024 puteus,
1277 961 1375 1024 penes
1392 941 1497 1024 ipsum

224 1061 372 1130 puteum,
399 1047 431 1108 in
456 1061 538 1108 terra
563 1067 596 1109 se
619 1047 809 1127 infodendo,
834 1048 1046 1128 discalciatus,
1072 1047 1246 1110 discinctus
1270 1061 1300 1109 et
1324 1047 1419 1110 nudis
1442 1069 1497 1131 pe·

224 1154 322 1216 dibus
346 1153 452 1234 jurare
477 1155 639 1217 tenebitur
664 1175 827 1238 supereo,
853 1170 887 1218 ut
905 1156 972 1238 ipse
995 1171 1111 1237 puteus
1135 1169 1180 1218 est
1204 1175 1278 1217 vera
1296 1169 1380 1218 meta
1398 1157 1497 1238 ipsius
1552 1145 1556 1154 ’

124 1321 126 1328 ,
224 1261 378 1323 sessionis
404 1261 544 1342 litigiose
569 1275 599 1324 et
623 1276 858 1343 consequenter
876 1263 1017 1345 ipsarum
1039 1262 1136 1324 trium
1153 1262 1331 1324 sessionum
1356 1282 1497 1342 suarum,

226 1383 257 1430 et
281 1367 435 1450 deposito
459 1369 529 1451 ipso
553 1369 821 1451 juramentoipse
846 1370 973 1432 Marcus
989 1370 1092 1454 ipsam
1117 1383 1236 1431 metam
1260 1369 1417 1431 dictarum
1434 1389 1496 1430 ses-

225 1475 356 1536 sionum
382 1489 413 1537 et
437 1475 565 1537 easdem
598 1476 755 1536 sessiones
786 1495 884 1558 penes
915 1491 1065 1539 contenta
1098 1476 1259 1559 privilegii
1285 1477 1399 1558 regalis
1423 1495 1497 1538 cum

227 1582 350 1644 eisdem
376 1582 471 1643 metis
494 1601 603 1642 earum
628 1582 711 1643 veris
734 1581 820 1644 licite
852 1583 1049 1665 possidebit;
1087 1582 1127 1644 de
1152 1601 1217 1664 quo
1244 1581 1362 1660 judicio
1387 1595 1418 1644 et
1442 1583 1496 1645 sd·

225 1689 432 1771 judicacione
456 1689 600 1770 ipsorum
624 1688 787 1750 seniorum
813 1689 957 1770 judicum
975 1709 1039 1751 non
1066 1703 1235 1752 contentus
1259 1688 1345 1753 idem
1372 1690 1497 1752 Marcus

226 1793 403 1878 appellavit
428 1794 564 1856 eandem
589 1814 716 1856 causam
743 1814 816 1857 cum
850 1796 940 1858 totali
966 1797 1047 1857 serie
1072 1811 1103 1858 et
1133 1815 1285 1878 processu
1310 1795 1410 1878 ipsius
1441 1796 1496 1858 ad·

225 1901 439 1983 judicacionis
465 1901 623 1962 dictorum
648 1902 812 1963 seniorum
838 1901 980 1982 judicum
1008 1902 1039 1963 in
1064 1903 1264 1984 presenciam
1289 1901 1414 1964 domini
1441 1903 1496 1964 Se·

226 2008 315 2070 boldi
342 2008 502 2090 capitanei
528 2007 627 2068 nostri
652 2007 799 2069 moderni
825 2028 883 2090 pro
907 2009 1036 2070 meliori
1061 2009 1161 2092 ipsius
1185 2027 1277 2070 cause
1302 2009 1496 2070 determina-

225 2115 330 2193 cione,
356 2133 456 2195 quam
480 2113 610 2175 tandem
628 2111 758 2176 finalem
783 2113 1055 2177 deliberacionem
1074 2115 1172 2196 ipsius
1190 2113 1313 2176 domini
1338 2115 1495 2198 capitanei

225 2221 325 2283 nostri
351 2221 448 2281 nobis
472 2219 512 2281 ad
537 2220 717 2301 quindenas
740 2219 896 2302 presentis
920 2221 983 2282 diei
1008 2221 1170 2283 tenebitur
1194 2235 1368 2304 reportare.

389 2436 486 2512 Feria
515 2447 613 2512 sexta
641 2443 796 2530 proxima
825 2450 903 2514 ante
935 2442 1059 2514 festum
1089 2441 1335 2514 Penthecostes.

771 2595 834 2673 (23.
857 2597 951 2674 mair).
1039 2635 1045 2650 .

332 2737 413 2799 ltem
438 2736 515 2818 quia
538 2737 656 2798 nobilis
688 2736 813 2818 juvenis
837 2738 1005 2800 Ladislaus
1037 2739 1136 2802 cliens
1171 2739 1255 2802 filius
1279 2740 1417 2802 condam
1443 2742 1494 2802 lo·

224 2843 342 2909 hannis
367 2843 408 2904 de
433 2843 574 2922 Babcha,
606 2843 800 2906 inhabitator
834 2845 917 2908 dicte
950 2846 1096 2926 civitatis,
1133 2861 1274 2909 nostram
1299 2847 1430 2909 veniens
1463 2849 1493 2909 in

225 2951 439 3033 presenciam,
464 2950 558 3012 nobis
581 2969 619 3012 eo
645 2951 744 3013 modo
769 2951 947 3034 significare
972 2954 1104 3033 curavit,
1130 2970 1164 3016 ut
1187 2955 1235 3016 vir
1258 2955 1396 3016 condam
1421 2975 1493 3038 pro·

226 3057 320 3119 vidus
346 3056 495 3139 Mathyas
520 3057 598 3119 alias
615 3059 755 3138 agricola
781 3072 812 3121 et
827 3060 957 3122 tandem
976 3061 1224 3139 molendinum,
1241 3061 1330 3145 olym
1355 3063 1496 3124 concivis

225 3178 345 3243 noster,
368 3183 469 3245 gener
493 3183 570 3226 vero
592 3163 731 3226 condam
756 3165 841 3227 lwan
866 3165 941 3228 dicti
976 3167 1166 3250 Trunthych
1192 3167 1248 3230 lilii
1273 3169 1362 3250 olym
1388 3169 1493 3252 Matye

224 3271 374 3332 similiter
398 3270 589 3354 Trunthych
614 3271 701 3343 dicti,
726 3271 785 3354 ipsi
804 3272 955 3334 Ladislao
973 3273 1080 3336 clienti
1105 3274 1195 3335 adiu
1213 3275 1389 3356 retrolapso
1412 3287 1493 3337 tem-

225 3397 303 3460 pore
327 3397 384 3439 sex
408 3376 479 3439 flor.
503 3378 572 3440 auri
597 3377 755 3441 debitorie
773 3379 934 3462 obligatus
959 3379 1069 3442 luisset
1092 3395 1123 3442 et
1147 3381 1310 3460 extitisset,
1334 3401 1417 3464 quos
1439 3402 1494 3444 sex

224 3483 294 3545 flor.
319 3483 381 3545 sibi
406 3483 493 3545 idem
519 3483 665 3568 Mathyas
689 3485 929 3548 molendinator
957 3501 1102 3570 tempore
1136 3489 1199 3550 vite
1225 3508 1280 3550 sue
1305 3489 1494 3571 temporalis

224 3590 259 3652 in
282 3590 431 3672 pluribus
455 3605 486 3652 et
510 3589 743 3653 sufficientibus
758 3593 904 3655 terminis
925 3593 1077 3674 juridicis,
1094 3609 1241 3676 tempore
1259 3594 1417 3676 judicatus
1434 3597 1493 3658 viri

224 3697 355 3780 providi
382 3711 413 3758 et
437 3696 562 3763 honesti
581 3697 724 3760 Conradi
751 3700 882 3762 Rawsar
898 3701 1034 3764 senioris
1051 3701 1165 3782 judicis
1190 3716 1220 3764 et
1237 3703 1377 3765 concivis
1394 3705 1493 3766 nostri

222 3803 282 3866 lilii
308 3803 420 3882 Vlrici,
445 3803 485 3865 de
510 3824 596 3867 anno
620 3804 744 3867 domini
770 3807 860 3886 cujus
884 3806 946 3886 jam
971 3809 1067 3870 tercia
1093 3809 1225 3872 instaret
1249 3810 1414 3871 revolucio
1438 3831 1493 3872 an·

222 3909 342 3989 nualis,
368 3910 552 3992 persolvere
577 3931 642 3973 non
667 3913 790 3974 curavit
813 3933 918 3995 neque
936 3915 1050 3994 voluit,
1075 3929 1106 3976 et
1130 3916 1171 3976 ob
1196 3915 1256 3977 hoc
1282 3931 1399 3978 eorunc
1416 3936 1492 3998 que·

222 4015 299 4077 darn
324 4016 444 4078 domus
469 4037 542 4078 curn
567 4017 669 4080 fundo
694 4032 725 4080 et
742 4019 861 4081 celario
883 4021 1092 4083 subterraneo
1116 4041 1152 4084 ac
1172 4021 1328 4084 hedificiis
1352 4023 1384 4083 in
1409 4023 1492 4084 dicta

223 4123 354 4184 civitate
380 4123 462 4184 inter
486 4125 601 4185 domos
632 4137 663 4186 et
687 4123 805 4186 fundos
838 4127 966 4187 Martini
1000 4128 1128 4189 sartoris
1159 4129 1295 4190 senioris
1317 4129 1431 4210 judicis
1463 4143 1493 4191 et

223 4229 369 4291 concivis
393 4229 494 4291 nostri
511 4228 568 4291 filii
593 4229 722 4293 Thome
748 4253 764 4292 a
789 4246 876 4314 parte
908 4233 1161 4314 septemtrionali
1183 4247 1214 4296 et
1237 4235 1393 4298 Anthonii
1413 4235 1492 4298 fabri

223 4357 241 4398 a
269 4335 475 4397 meridionali
499 4351 588 4418 parte
613 4336 731 4416 habita,
765 4358 860 4400 unam
886 4353 1032 4421 quartam
1058 4354 1088 4402 et
1120 4355 1265 4404 octavam
1290 4343 1376 4404 curie
1402 4344 1433 4404 in
1459 4365 1491 4406 se

224 4443 409 4521 continens,
435 4461 507 4504 cum
531 4443 596 4505 suis
621 4445 811 4506 utilitatibus
835 4460 865 4506 et
882 4447 1087 4528 'pertinenciis
1104 4449 1260 4510 universis
1284 4448 1407 4532 prelato
1433 4451 1492 4513 La·

223 4547 330 4610 dislao
355 4549 464 4610 clienti
489 4568 548 4631 pro
573 4549 697 4632 prefato
721 4551 831 4612 debito
851 4571 909 4614 suo
935 4553 1077 4635 ipsorum
1096 4575 1148 4615 sex
1173 4555 1242 4617 flor.
1267 4558 1335 4618 auri
1360 4557 1491 4638 judicia·

221 4657 298 4718 liter
322 4654 384 4718 tuit
407 4669 523 4718 statuta
549 4657 733 4719 venditioni
764 4661 953 4740 exponenda
978 4681 1036 4742 pro
1063 4663 1111 4723 sui
1136 4662 1355 4729 satisfaccione
1381 4667 1433 4744 ita,
1458 4681 1492 4727 ut

221 4763 294 4845 ipse
319 4761 489 4824 Ladislaus
514 4763 612 4825 cliens
635 4763 771 4826 eandem
796 4765 930 4828 domum
949 4786 1021 4828 cum
1047 4767 1148 4830 fundo
1173 4785 1204 4831 et
1228 4770 1345 4832 celario
1369 4774 1490 4834 subter-

221 4887 324 4930 raneo
348 4888 385 4930 ac
409 4867 567 4931 hedificiis
599 4869 737 4932 vendere
772 4885 859 4934 etse
892 4893 950 4954 pro
982 4874 1132 4956 predictis
1164 4877 1229 4938 suis
1252 4897 1305 4938 sex
1330 4877 1398 4940 flor.
1423 4881 1490 4940 auri

220 4988 414 5038 contentum
441 4989 472 5038 et
496 4975 637 5038 solutum
664 4975 766 5039 facere
791 4976 963 5060 debuisset,
988 4993 1022 5042 ut
1038 5001 1133 5064 super
1156 4982 1217 5044 hoc
1242 4985 1396 5046 exrelatu
1421 5005 1490 5066 pre·
