3838 5786
416 553 477 631 380

821 553 908 610 Anno
933 563 1019 629 [471.
1044 587 1087 596 -
1111 567 1161 630 24.
1185 553 1265 612 maii.

414 765 498 842 licet,
523 763 610 844 quod
637 763 703 845 ipse
728 762 854 824 Marcus
877 763 1019 824 Venetus
1043 762 1178 824 domum
1203 763 1346 844 ipsorum
1371 763 1511 825 nescitur
1535 783 1602 845 quo
1627 783 1678 825 co-

414 871 481 931 lore
506 884 559 930 aut
584 869 683 931 modo
707 882 830 932 teneret
854 883 884 932 et
906 870 1041 931 eandem
1061 867 1252 930 inhabitaret
1276 861 1387 930 contra
1403 869 1547 951 ipsorum
1564 869 1679 931 volun-

412 989 511 1037 tatem
536 989 567 1037 et
591 977 711 1057 absque
729 977 819 1038 omni
844 975 931 1056 jure;
957 975 1188 1056 quamquidem
1214 993 1342 1036 causam
1360 973 1502 1057 prefatus
1525 975 1678 1037 dominus

414 1083 547 1163 Magyar
565 1083 667 1143 banus
684 1083 766 1144 inter
791 1082 874 1163 ipsas
891 1095 996 1163 partes
1012 1082 1141 1142 racione
1166 1081 1249 1142 dicte
1267 1080 1383 1142 domus
1407 1094 1437 1142 et
1454 1079 1678 1143 hedificiorum

412 1207 469 1270 per
493 1207 552 1250 nos
575 1188 696 1250 scilicet
719 1187 859 1270 judicem
885 1201 914 1249 et
938 1187 1058 1270 juratos
1086 1187 1168 1249 dicte
1192 1188 1329 1249 civitatis
1353 1201 1383 1248 et
1408 1187 1509 1249 eciam
1534 1188 1679 1249 seniores

413 1293 535 1374 judices
559 1307 589 1354 et
614 1293 734 1373 juratos
759 1307 789 1354 et
814 1293 914 1356 eciam
940 1313 996 1375 per
1020 1293 1147 1355 nobiles
1174 1293 1260 1354 viros
1284 1293 1317 1354 in
1341 1312 1477 1375 persona
1503 1293 1603 1376 ipsius
1619 1293 1679 1355 do·

414 1399 493 1460 mini
527 1399 625 1460 Blasii
659 1401 802 1483 Magyar,
826 1415 901 1482 puta
935 1400 1055 1461 Lucam
1090 1399 1156 1482 Kys
1188 1399 1321 1476 dictum,
1349 1401 1558 1461 castellanum
1584 1399 1676 1462 castri

413 1505 749 1588 Zenthgywrghwara,
782 1506 962 1568 iohannem
994 1505 1034 1567 de
1067 1504 1206 1588 Gepew,
1241 1505 1393 1568 comitem
1424 1508 1678 1588 zagrabiensem,

416 1613 545 1674 Petrum
572 1612 703 1673 Herend
728 1625 759 1675 et
782 1613 918 1676 alterum
943 1613 1072 1674 Petrum
1090 1613 1209 1695 Zeltely
1233 1626 1265 1674 et
1288 1633 1351 1695 pan
1375 1613 1539 1675 Andream
1564 1613 1676 1676 castel-

415 1719 523 1781 lanum
551 1720 581 1780 in
615 1720 764 1802 Kanysa,
796 1719 1034 1782 discuciendam
1067 1731 1097 1781 et
1127 1720 1363 1782 terminandam
1397 1721 1618 1796 commiseram
1643 1733 1675 1781 et

412 1827 488 1907 quia
513 1827 579 1908 ipse
606 1828 732 1888 Marcus
755 1827 897 1890 Venetus
920 1827 1028 1889 literas
1059 1827 1332 1908 impignoraticias
1363 1827 1422 1888 sub
1455 1826 1562 1906 sigillo
1587 1826 1676 1888 Con-

412 1933 480 1994 radi
499 1933 630 1994 Rawsar
655 1933 778 2015 pridem
804 1934 918 2015 judicis
950 1953 1057 1995 coram
1090 1933 1184 1994 nobis
1208 1947 1239 1993 et
1264 1933 1341 2014 ipsis
1364 1933 1554 2014 supradictis
1586 1933 1676 1994 nobi·

412 2040 496 2100 libus
520 2059 615 2122 super
639 2039 751 2101 eadem
777 2040 876 2101 domo
906 2054 937 2102 et
961 2039 1118 2102 hedificiis
1146 2039 1298 2122 produxit
1322 2053 1353 2102 et
1377 2039 1531 2118 exhibuit,
1560 2041 1678 2120 quibus

412 2145 512 2206 literis
546 2146 663 2207 auditis
695 2147 762 2228 ipsa
795 2147 928 2208 domina
965 2145 1165 2226 Margaretha
1197 2160 1228 2208 et
1260 2144 1400 2228 prelatus
1433 2145 1580 2207 Thomas
1613 2166 1676 2207 non

414 2252 616 2329 contradixit,
641 2252 696 2314 sed
721 2267 828 2314 tamen
854 2252 959 2313 dicere
977 2253 1125 2331 habebat,
1150 2253 1238 2333 quod
1257 2251 1377 2334 prelata
1402 2252 1535 2314 domina
1552 2253 1678 2334 Marga-

413 2358 500 2419 retha
526 2372 556 2420 et
582 2359 763 2440 Stephanus
787 2357 882 2420 frater
907 2358 1050 2420 eiusdem
1077 2378 1142 2420 non
1164 2372 1338 2440 potuerunt
1362 2359 1580 2441 impignorare
1605 2379 1677 2442 por-

412 2465 538 2526 cionem
564 2465 680 2526 domus
711 2465 871 2547 predicte;
904 2479 935 2527 et
959 2466 1034 2546 quia
1065 2485 1124 2527 nos
1156 2485 1294 2527 unacum
1327 2463 1457 2547 prefatis
1488 2465 1677 2528 hominibus

413 2571 512 2653 ipsius
526 2571 649 2632 domini
669 2573 742 2632 bani
760 2572 836 2632 visis
853 2587 883 2633 et
897 2572 1066 2634 intellectis
1088 2573 1165 2654 ipsis
1178 2572 1277 2633 literis
1296 2572 1562 2654 impignoraticiis
1579 2573 1679 2655 ipsius

413 2677 511 2739 Marci
538 2678 662 2756 Veneti,
687 2676 874 2758 judicantes,
900 2679 1004 2740 taliter
1021 2679 1213 2752 invenimus,
1238 2679 1325 2760 quod
1351 2679 1418 2761 ipsa
1443 2679 1575 2740 domina
1595 2679 1678 2740 Mar-

411 2785 541 2865 garetha
565 2799 595 2844 et
617 2784 797 2866 Stephanus
829 2787 910 2846 bene
941 2798 1116 2867 potuerunt
1147 2785 1364 2867 impignorare
1397 2785 1526 2846 easdem
1560 2785 1677 2847 domos

412 2904 542 2973 propter
565 2891 767 2952 necessitates
795 2895 866 2972 que'
882 2907 956 2952 sunt
987 2892 1179 2953 nominatim
1214 2891 1392 2973 specificate
1418 2891 1449 2952 in
1476 2893 1552 2974 ipsis
1577 2892 1678 2953 literis

415 2997 692 3078 impignoraticiis,
717 2997 930 3080 quasquidem
949 2998 1055 3059 literas
1079 2998 1351 3080 impignoraticias
1382 3018 1440 3081 pro
1464 3012 1553 3081 parte
1579 2997 1678 3080 ipsius

414 3104 512 3164 Marci
539 3103 699 3166 confectas
717 3125 775 3166 nos
800 3125 938 3166 unacum
964 3104 1094 3188 prelatis
1111 3105 1275 3167 nobilibus
1295 3105 1458 3186 vigorosas
1483 3105 1677 3184 invenimus,

413 3212 626 3291 quasquidem
652 3213 766 3273 domos
783 3213 850 3294 ipse
876 3213 1021 3274 Thomas
1040 3231 1176 3274 unacum
1200 3211 1330 3294 prefatis
1353 3213 1418 3273 suis
1442 3227 1542 3274 matre
1568 3226 1599 3274 et
1616 3211 1677 3274 lra-

412 3317 513 3377 tribus
537 3317 627 3377 aliter
652 3318 769 3379 habere
794 3339 859 3392 non
885 3319 1026 3400 poterint
1048 3319 1107 3380 nisi
1132 3320 1219 3401 prius
1236 3319 1389 3401 depositis
1413 3319 1489 3401 ipsis
1514 3320 1678 3398 peccuniis

412 3441 471 3504 pro
489 3423 605 3503 quibus
627 3437 700 3484 sunt
725 3425 937 3506 impignorate
962 3425 1021 3506 ipsi
1047 3427 1155 3487 Marco
1178 3426 1302 3487 Veneto
1327 3425 1505 3487 secundum
1529 3439 1677 3488 tenorem

414 3528 552 3609 ipsarum
568 3529 732 3590 literarum
751 3531 1080 3611 impignoraticiarum
1098 3531 1223 3592 solvere
1241 3545 1271 3590 et
1288 3529 1450 3612 deponere
1467 3533 1677 3594 tenebuntur.

519 3634 596 3696 ltem
622 3654 748 3696 causam
775 3637 855 3698 inter
880 3637 1074 3720 Dyonisium
1101 3635 1286 3720 Sypchych,
1319 3637 1511 3726 modernum
1536 3637 1676 3717 juratum

413 3753 444 3802 et
468 3742 634 3802 concivem
660 3755 814 3821 nostrum,
852 3755 886 3804 ut
917 3756 1057 3805 actorem
1090 3745 1129 3804 ab
1162 3763 1235 3822 una,
1261 3756 1291 3805 et
1322 3743 1403 3804 inter
1428 3742 1597 3805 dominum
1623 3744 1677 3804 Jo-

413 3847 551 3907 hannem
576 3849 788 3928 presbiterum
814 3849 916 3910 filium
942 3849 1104 3911 Valentini
1130 3850 1170 3911 de
1188 3852 1348 3927 Vrboucz,
1374 3851 1522 3912 concives
1539 3867 1676 3928 nostros,

413 3955 540 4015 racione
566 3955 770 4016 arestacionis
795 3957 1008 4036 quarumdam
1033 3975 1138 4018 rerum
1165 3969 1195 4018 et
1220 3957 1374 4019 mercium
1399 3958 1499 4039 ipsius
1525 3957 1675 4040 Dyonisii

414 4059 586 4142 Sypchych
613 4081 668 4142 per
686 4063 860 4142 quemdam
886 4063 1091 4124 Leonardum
1117 4063 1148 4125 in
1172 4063 1245 4124 loco
1271 4063 1465 4141 Razdertho,
1491 4083 1554 4144 que
1580 4084 1629 4126 res
1646 4079 1677 4125 et

413 4185 534 4226 merces
558 4167 658 4248 ipsius
683 4168 832 4251 Dyonisii
856 4185 952 4252 prout
975 4191 1012 4230 ex
1037 4170 1137 4232 literis
1161 4171 1193 4231 in
1218 4170 1406 4232 theutunico
1432 4171 1525 4232 nobis
1550 4171 1675 4253 scriptis

412 4273 628 4334 intelleximus
658 4271 787 4336 fuerunt
818 4289 952 4338 arestate
983 4296 1041 4359 pro
1073 4277 1184 4338 debito
1208 4277 1305 4358 patris
1336 4277 1435 4359 ipsius
1460 4275 1586 4338 domini
1620 4278 1674 4338 Jo-

412 4379 537 4456 hannis,
563 4399 642 4460 quas
666 4401 715 4442 res
733 4395 763 4442 et
788 4402 909 4444 merces
926 4383 992 4464 ipse
1010 4383 1162 4444 dominus
1179 4381 1341 4444 lohannes
1365 4385 1404 4444 ab
1423 4383 1478 4443 illo
1504 4402 1560 4464 per
1577 4402 1674 4464 quem

411 4483 542 4546 fuerunt
566 4501 699 4549 arestate
724 4489 879 4550 eliberare
911 4490 1022 4551 debuit
1055 4502 1085 4552 et
1110 4489 1286 4567 eliberavit,
1319 4488 1394 4550 ideo
1419 4488 1512 4569 jurati
1548 4489 1675 4570 adjudi-

412 4607 523 4653 carunt
539 4594 654 4673 taliter,
672 4595 759 4675 quod
785 4597 851 4676 ipse
870 4596 1047 4679 Dyonisius
1066 4595 1238 4679 Sypchych
1256 4595 1426 4677 premissas
1441 4615 1491 4656 res
1504 4609 1536 4657 et
1553 4615 1675 4657 merces

411 4720 509 4781 penes
534 4721 622 4762 suam
642 4703 874 4764 conscienciam
889 4704 1025 4765 vendere
1044 4702 1169 4780 debeat,
1186 4715 1218 4763 et
1238 4715 1393 4783 quantum
1413 4701 1544 4784 dampni
1563 4721 1675 4785 passus

411 4803 506 4867 luerit
530 4821 561 4867 et
584 4821 630 4868 est
648 4809 678 4868 in
706 4809 825 4870 eisdem
844 4811 938 4871 rebus
962 4823 993 4872 et
1009 4810 1170 4871 mercibus
1187 4809 1254 4891 ipse
1272 4808 1449 4890 Dyonisius
1465 4807 1569 4888 jurare
1586 4822 1674 4870 tene·

411 4912 507 4991 bitur,
532 4927 562 4974 et
587 4915 662 4975 dum
681 4914 798 4994 jurabit
821 4929 895 4977 tunc
914 4917 980 4997 ipse
998 4915 1149 4977 dominus
1167 4914 1329 4976 lohannes
1346 4935 1418 4977 cum
1444 4913 1568 4996 prelato
1586 4927 1673 4997 patre

411 5039 469 5080 suo
495 5021 597 5102 ipsum
624 5022 800 5103 dampnum
827 5023 885 5104 ipsi
905 5023 1064 5106 Dyonisio
1090 5021 1263 5106 Sypchych
1281 5023 1405 5084 solvere
1429 5022 1607 5098 tenebitur;
1632 5021 1672 5084 de
