3838 5786
691 532 778 590 Antra
803 545 891 608 1470.
918 566 959 574 -
982 547 1012 608 4.
1037 533 1116 593 maii.

269 743 398 803 inventa
424 743 454 803 in
482 741 566 804 furtu
586 757 743 806 certarum
763 744 977 822 camisiarum,
994 745 1231 820 linteaminum,
1257 745 1533 825 manutergiorum

268 863 298 909 et
322 849 493 931 peplorum
519 851 732 931 quarumdam
759 852 895 912 duarum
922 851 1092 911 mulierum
1122 850 1161 910 de
1186 851 1267 912 ultra
1292 852 1422 912 Zawam
1447 871 1533 912 com·

269 957 483 1034 morantium,
506 976 569 1036 que
594 957 783 1018 vestimenta
808 959 875 1038 ipsa
901 957 1010 1016 lelena
1035 957 1114 1017 scire
1133 955 1263 1018 dederat
1288 957 1345 1037 ipsi
1373 957 1533 1034 Emerico,

268 1081 331 1142 que
357 1061 502 1123 vendidit
527 1059 598 1122 cut'n
624 1063 705 1122 scitu
741 1064 839 1144 ipsius
864 1063 1002 1123 Emerici
1029 1063 1095 1143 ipsa
1130 1064 1329 1142 vestimenta,
1361 1063 1453 1142 jurati
1479 1064 1533 1124 ad-

267 1167 460 1246 judicarunt,
493 1169 580 1248 quod
607 1169 672 1250 ipse
707 1169 939 1238 eidemElene
974 1168 1070 1230 debet
1102 1169 1266 1229 abscidere
1292 1187 1388 1229 unam
1413 1187 1533 1245 aurem,

267 1289 298 1335 et
324 1275 390 1356 ipsa
416 1275 521 1335 eidem
548 1275 696 1336 Emerico
722 1276 868 1336 similiter
901 1275 1065 1335 abscidere
1091 1295 1186 1335 utram
1213 1295 1333 1352 aurem,
1359 1289 1389 1336 et
1413 1277 1531 1337 debent

266 1383 364 1441 ambo
389 1381 523 1462 turpiter
548 1381 662 1462 expelli
690 1382 729 1442 de
754 1382 913 1442 territorio
935 1382 1017 1442 dicte
1036 1381 1171 1442 civitatis
1196 1396 1226 1441 ct
1251 1401 1315 1450 nott
1341 1381 1533 1462 intrateper

267 1487 408 1568 amplius
432 1488 629 1549 territorium
655 1489 737 1550 dicte
756 1489 901 1566 civitatis,
927 1488 981 1569 qui
1007 1489 1032 1548 si
1058 1489 1191 1548 ulterius
1217 1490 1247 1548 in
1272 1489 1433 1550 territorio
1451 1489 1533 1550 dicte

268 1594 405 1654 civitatis
430 1595 545 1676 reperti
581 1593 709 1670 fuerint,
743 1595 829 1674 quod
856 1608 930 1655 tunc
955 1614 1070 1676 penam
1105 1615 1201 1674 quam
1228 1595 1456 1657 demeruerunt
1480 1616 1533 1676 pa·

268 1701 413 1776 cientur;
438 1715 469 1762 et
493 1703 568 1782 quia
594 1701 632 1760 ad
659 1701 853 1782 peticionem
882 1701 1058 1762 multorum
1077 1701 1246 1761 hominum
1270 1702 1484 1782 spiritualium
1504 1715 1534 1762 et

269 1808 481 1888 plebanorum
501 1821 683 1868 nostrorum
703 1808 807 1868 eidem
834 1808 983 1868 Emerico
1002 1807 1082 1868 lacta
1108 1807 1178 1888 (est)
1198 1809 1427 1886 misericordia,
1445 1809 1533 1889 quod

269 1934 334 1974 non
359 1914 541 1976 abscidetur
564 1915 623 1974 sibi
659 1915 754 1991 auris,
788 1915 909 1993 etipse
944 1913 1050 1974 eidem
1076 1914 1176 1975 Elene
1210 1914 1339 1975 debebit
1371 1915 1533 1975 abscidere

267 2039 377 2080 aurem
404 2033 433 2080 et
458 2020 539 2080 liber
564 2021 622 2080 erit
648 2021 677 2080 in
703 2020 863 2080 territorio
890 2021 989 2100 ipsius
1014 2020 1150 2081 civitatis
1174 2041 1372 2101 permanere,
1398 2021 1453 2082 sed
1479 2041 1534 2102 per

267 2127 405 2207 amplius
437 2127 461 2186 si
488 2127 555 2207 ipse
590 2127 755 2188 Emericus
788 2126 988 2208 reperiretur,
1021 2140 1136 2187 extunc
1168 2147 1282 2208 penam
1309 2127 1393 2206 juxta
1418 2141 1532 2188 statuta

270 2247 423 2312 pacietur.

375 2357 450 2417 ltem
477 2377 604 2418 causam
631 2359 712 2418 inter
738 2357 912 2418 achacium
938 2371 967 2418 et
1000 2358 1080 2418 inter
1105 2358 1259 2419 Mathiam
1285 2372 1437 2419 sartorem
1474 2378 1531 2438 ge·

269 2482 379 2523 nerum
407 2463 612 2545 Symwttych,
638 2465 765 2524 racione
783 2464 1000 2544 quorumdam
1028 2463 1166 2525 duorum
1192 2465 1310 2526 bovum
1337 2484 1393 2546 pro
1419 2465 1528 2525 debito

268 2571 504 2650 campanatoris
537 2571 659 2630 domini
693 2571 837 2630 Barnabe
871 2571 1018 2651 plebani,
1044 2570 1135 2650 jurati
1169 2569 1410 2648 adjudicarunt,
1443 2571 1530 2651 quod

167 2683 175 2701 ⁸
268 2677 334 2758 ipse
374 2676 481 2737 Achae
515 2676 617 2754 jurare
656 2691 781 2738 tenetur
821 2677 975 2738 solusmet
1012 2678 1042 2736 in
1075 2697 1126 2738 ara
1163 2691 1269 2738 sancte
1303 2677 1416 2738 Crucis
1453 2676 1529 2738 feria

267 2797 352 2842 sexta
379 2783 521 2863 proxime
556 2797 699 2860 ventura,
725 2796 880 2862 quantum
915 2784 1084 2844 valuerunt
1116 2785 1173 2865 ipsi
1208 2787 1316 2862 boves,
1341 2783 1427 2864 quod
1453 2797 1527 2844 tunc

270 2890 336 2968 ipse
356 2889 491 2949 Mathias
516 2903 640 2948 tenetur
657 2889 780 2950 solvere
807 2890 891 2970 ipsos
916 2892 1024 2966 boves,
1044 2905 1074 2951 et
1092 2903 1298 2972 campanator
1323 2890 1429 2967 juvare
1449 2892 1531 2970 ipsas

268 2997 379 3055 decem
405 3015 518 3075 pensas
543 2995 601 3076 ipsi
629 2996 747 3056 Mathia
773 2997 915 3070 soltere3
949 2998 987 3058 tle
1013 3018 1077 3078 quo
1103 2998 1221 3076 iudicio
1253 2997 1428 3076 juratorum
1464 2997 1529 3077 ipse

268 3101 407 3162 Mathias
441 3121 503 3161 non
546 3115 730 3179 contentus,
769 3104 904 3163 eandem
941 3125 1067 3164 eausam
1105 3104 1278 3184 appellavit
1321 3104 1359 3162 ad
1392 3103 1533 3164 seniores

269 3207 402 3286 judices.

377 3332 453 3393 ltcm
480 3353 571 3392 causa
599 3333 679 3392 inter
704 3333 903 3394 Anthonium
931 3333 1054 3393 fabrum
1081 3348 1111 3393 et
1136 3333 1299 3393 Thomam
1327 3333 1455 3393 Bondas
1486 3353 1531 3392 ra-

270 3439 362 3500 cione
387 3439 624 3500 verberacionis
649 3440 790 3499 eiusdem
818 3439 972 3499 Anthonii
999 3452 1044 3500 est
1062 3453 1230 3520 prorogata
1256 3439 1295 3498 ad
1321 3439 1459 3520 primum
1486 3437 1531 3518 ju·

269 3546 388 3606 dicium
416 3560 446 3607 et
471 3545 589 3605 debent
614 3545 790 3626 producere
815 3558 919 3606 testes.

376 3670 452 3731 ltem
489 3671 520 3730 in
557 3689 650 3730 causa
684 3670 875 3750 suspicionis
909 3689 965 3750 pet
999 3669 1151 3730 Mathiam
1183 3683 1335 3729 sartorem
1369 3668 1531 3746 claudum,

269 3797 365 3857 quam
392 3777 458 3856 ipse
484 3775 620 3836 Matthias
644 3791 744 3835 sartor
777 3789 885 3836 contra
920 3774 1078 3857 prelatum
1107 3775 1260 3835 Mathiam
1293 3795 1447 3853 generum
1474 3776 1531 3856 Sy-

270 3883 418 3965 mwnych
451 3896 595 3964 pretextu
627 3883 857 3943 subtractionis
892 3883 1058 3943 cuiusdam
1091 3883 1182 3942 bovis
1215 3902 1270 3962 per
1301 3881 1402 3942 filium
1429 3881 1532 3942 fratris

269 3991 368 4072 ipsius
393 3990 523 4068 Mathie,
551 3989 642 4068 iurati
669 3989 902 4070 adjudicarunt,
928 3990 1015 4070 quod
1039 3990 1104 4070 ipse
1124 3988 1262 4049 Mathias
1285 4009 1384 4068 gener
1409 3990 1531 4070 Symw-

269 4096 350 4178 nych
377 4110 504 4158 tenetur
521 4095 625 4176 jurare
642 4096 826 4157 terciusmet
852 4097 881 4155 in
908 4115 961 4156 ara
986 4109 1092 4156 sancte
1111 4095 1234 4172 Crucis,
1253 4095 1340 4174 quod
1367 4095 1432 4175 ipse
1450 4093 1533 4154 filius

269 4203 373 4263 fratris
399 4203 497 4284 ipsius
523 4202 642 4263 Mathie
668 4222 725 4262 nec
743 4221 815 4262 cum
834 4201 914 4261 scitu
939 4221 996 4261 nec
1022 4221 1093 4261 cum
1113 4201 1277 4261 voluntate
1297 4201 1395 4281 ipsius
1414 4201 1532 4261 Mathie

269 4311 423 4370 subtraxit
449 4310 552 4390 ipsum
582 4310 708 4369 bovem.
1014 4309 1018 4314 '

375 4435 452 4495 ltem
478 4454 605 4494 causam
631 4435 712 4494 inter
739 4433 856 4493 Lucam
883 4446 1034 4508 sutorem,
1059 4431 1217 4490 seniorem
1247 4429 1383 4509 juratum
1422 4443 1452 4489 et
1476 4430 1530 4490 Ni-

270 4541 398 4603 colaum
425 4540 562 4618 labrum,
596 4541 722 4600 racione
756 4538 958 4620 depascionis
989 4552 1129 4596 satorum
1164 4537 1263 4618 ipsius
1296 4537 1432 4614 Nicolai,
1466 4536 1532 4616 ipse

269 4649 421 4709 Nicolaus
453 4647 569 4726 jurabit
602 4647 716 4706 eodem
751 4646 813 4721 die,
846 4645 933 4725 quod
966 4645 1033 4724 ipse
1066 4643 1220 4703 Nicolaus
1255 4657 1415 4724 repererat
1448 4643 1533 4723 ipsos

268 4757 367 4816 boves
403 4755 500 4836 ipsius
533 4754 616 4813 Luce
643 4753 673 4812 in
707 4773 765 4811 suo
802 4751 963 4832 dampno;
998 4765 1027 4810 et
1052 4750 1129 4810 dum
1161 4750 1287 4830 jurabit,
1321 4763 1436 4809 extunc
1463 4749 1528 4829 ipse

269 4862 372 4922 Lucas
395 4860 555 4921 tenebitur
579 4859 702 4918 solvere
721 4859 859 4938 dampna
887 4857 945 4938 ipsi
971 4856 1116 4933 Nicolao,
1142 4857 1254 4936 etipse
1275 4856 1375 4915 Lucas
1397 4873 1532 4934 querere

268 4969 371 5028 socios
396 4986 453 5048 pto
477 4985 536 5026 suo
561 4966 717 5046 dampno.
799 5013 802 5020 .
