3818 5786
399 577 420 635 4
759 556 845 610 Anno
868 565 949 630 1450
983 585 1027 596 —
1052 567 1097 613 11.
1122 552 1294 626 septembris.

506 769 583 830 ltem
615 767 785 828 Francisco
817 765 918 827 sutori
951 784 1071 846 genero
1101 763 1230 825 Thome
1264 763 1460 845 Horwoyew
1493 764 1585 826 datus
1616 777 1663 826 est

399 875 553 938 terminus
577 872 793 956 respondendi
819 872 963 934 Fabiano
996 870 1099 952 jurato
1131 870 1171 932 ad
1196 871 1360 932 accionem
1386 890 1475 932 suam
1499 871 1531 932 in
1556 871 1661 954 primo

399 981 520 1064 judicio
545 981 689 1064 proxime
714 992 912 1042 occurrente.

506 1087 584 1149 Item
609 1085 745 1149 Nicolao
769 1086 880 1148 sartori
907 1085 1000 1148 datus
1034 1099 1080 1147 est
1103 1085 1259 1148 terminus
1291 1083 1508 1166 respondendi
1541 1084 1663 1146 lacobo

400 1194 496 1277 judici
522 1193 681 1256 moderno
705 1192 745 1254 ad
777 1192 941 1254 accionem
975 1211 1064 1254 suam
1090 1192 1122 1252 in
1151 1191 1256 1274 primo
1288 1190 1409 1272 judicio
1433 1190 1578 1272 proxime
1611 1209 1665 1252 oc-

400 1314 555 1363 currente.

505 1407 582 1470 Item
608 1407 755 1490 Mathyas
778 1425 876 1488 gener
898 1403 1090 1488 Trunthych
1115 1417 1146 1465 et
1174 1403 1363 1464 Valentinus
1380 1404 1503 1484 Blesus,
1530 1403 1667 1485 quilibet

401 1533 513 1577 eorum
538 1514 643 1597 primo
668 1514 736 1576 sola
765 1534 820 1575 sua
854 1513 885 1574 in
910 1531 1058 1594 persona,
1089 1511 1280 1574 secundario
1304 1511 1402 1573 tercio
1427 1531 1460 1572 se
1493 1510 1554 1572 sibi
1578 1511 1667 1572 simi·
1726 1581 1731 1591 Ι

400 1622 484 1682 libus
509 1621 654 1703 personis
677 1632 792 1683 octavo
817 1619 868 1680 dle
892 1633 1002 1680 contra
1037 1616 1424 1700 Andraemlreniparem
1449 1617 1552 1698 jurare
1576 1630 1664 1679 tene-

400 1728 519 1789 buntur
544 1747 639 1809 super
663 1745 713 1804 e0,
738 1739 772 1787 ut
797 1725 857 1807 ipsi
881 1744 946 1786 non
972 1737 1211 1807 assumpserunt
1241 1723 1327 1786 dicto
1360 1723 1486 1786 Andree
1512 1723 1665 1806 srenipari

400 1853 449 1895 res
474 1833 573 1915 ipsius
597 1833 768 1910 custodire,
793 1845 823 1893 et
848 1831 935 1912 quod
960 1831 992 1892 in
1022 1832 1117 1893 rebus
1134 1829 1276 1891 eiusdem
1302 1830 1430 1892 Andree
1454 1831 1513 1892 sibi
1538 1831 1665 1892 nullum

399 1940 575 2022 dampnum
602 1937 745 2001 fecerunt
769 1957 827 2000 nec
852 1938 1038 1999 intulerunt.

508 2044 585 2106 Item
610 2045 722 2106 Petrus
754 2044 904 2126 sagippar
931 2057 1020 2106 sexto
1048 2064 1082 2106 se
1114 2044 1258 2126 personis
1290 2043 1350 2104 sibi
1374 2042 1544 2122 similibus,
1576 2063 1665 2105 more

398 2164 596 2234 treugarum,
621 2171 658 2212 ex
675 2170 727 2230 eo,
743 2151 818 2232 quia
844 2151 945 2212 lanko
962 2150 1083 2230 juratus
1104 2149 1189 2211 filius
1206 2149 1361 2211 lobannis
1379 2149 1480 2232 Bolye
1498 2150 1663 2212 accionem

398 2278 488 2319 suam
522 2257 553 2318 in
585 2256 669 2318 facto
700 2255 853 2318 surticinii
885 2269 1030 2338 ternpore
1062 2257 1202 2338 ipsarum
1235 2270 1419 2337 treugarum
1448 2270 1558 2317 contra
1591 2277 1646 2339 pre

400 2365 520 2426 dictum
546 2365 675 2426 Petrum
700 2365 879 2446 sagiparem
904 2361 1018 2424 laetam
1044 2361 1141 2424 fuisse
1169 2363 1348 2445 proposuit,
1373 2361 1475 2445 jurare
1501 2363 1661 2425 tenebitur

400 2484 514 2532 octavo
539 2471 591 2532 die
615 2489 710 2551 supet
734 2489 773 2531 eo
802 2483 910 2531 contra
936 2470 1039 2552 ipsum
1070 2470 1249 2530 Janltonetn
1275 2469 1423 2550 juratum,
1450 2483 1484 2531 ut
1508 2490 1567 2530 nec
1596 2470 1663 2550 ipse

399 2597 458 2638 nec
482 2575 603 2638 familia
628 2596 684 2637 sua
703 2576 734 2637 in
752 2578 848 2638 rebus
873 2575 971 2657 ipsius
996 2576 1150 2636 Jankonis
1166 2575 1259 2657 jurati
1281 2589 1312 2637 et
1329 2577 1436 2638 uxoris
1460 2597 1516 2637 sue
1535 2577 1660 2638 nullum

401 2681 600 2744 lurticinium
625 2681 750 2744 fecisset
774 2701 832 2744 nec
861 2696 1081 2764 perpetrasset.

439 2901 537 2976 Faria
565 2913 664 2975 sexta
693 2905 849 2992 proxima
878 2911 955 2991 post
983 2903 1107 2974 festum
1137 2903 1337 2975 Nativitatis
1366 2903 1463 2974 beate
1492 2923 1623 2992 semper

886 3029 1029 3116 virginis
1058 3027 1174 3098 llarie.

889 3178 952 3258 (It.
976 3179 1165 3254 septembris).

506 3320 583 3381 ltem
609 3320 683 3400 quia
709 3320 828 3380 nobilis
853 3319 900 3380 vir
927 3319 1119 3382 Benedictus
1150 3319 1234 3382 lilius
1260 3321 1387 3382 Martini
1420 3321 1460 3383 de
1486 3322 1661 3402 Kraletvcz,

399 3425 493 3508 judex
511 3425 717 3507 provincialis
734 3426 897 3506 provincie
916 3426 954 3486 ad
980 3439 1117 3488 castrum
1142 3427 1290 3488 Medwed
1317 3429 1514 3508 pertinentis,
1540 3428 1571 3489 id
1589 3449 1661 3490 curn

399 3530 569 3594 sufficienti
594 3546 753 3593 certorum
772 3531 1010 3614 lidedignorum
1035 3533 1177 3594 virorum
1195 3535 1380 3596 testimonio
1406 3536 1436 3596 in
1462 3535 1537 3596 sede
1554 3551 1661 3596 nostra

399 3639 565 3720 judiciaria
590 3637 686 3700 hodie
718 3639 801 3700 clare
833 3639 1057 3721 comprobavit
1089 3659 1196 3701 coram
1229 3641 1333 3719 nobis,
1366 3655 1401 3703 ut
1425 3641 1501 3702 dum
1527 3641 1662 3723 provida

399 3745 535 3807 condam
562 3745 677 3806 mulier
702 3745 878 3828 Elyzabeth
904 3759 1028 3825 vocata,
1052 3765 1161 3808 socrus
1177 3747 1277 3830 ipsius
1302 3748 1466 3811 Benedicti
1491 3747 1606 3828 judicis
1630 3748 1662 3810 in

400 3855 549 3916 extremis
573 3855 637 3915 vite
661 3873 717 3914 sue
741 3853 928 3934 temporalis
945 3853 1131 3932 laborasset,
1155 3866 1231 3915 tunc
1256 3855 1323 3936 ipsa
1347 3855 1509 3937 quandam
1535 3855 1663 3916 vincam

399 3979 490 4022 suam
517 3960 547 4020 in
572 3959 734 4020 territorio
758 3959 893 4020 civitatis
917 3959 1059 4040 predicte
1084 3959 1116 4020 in
1141 3973 1251 4022 monte
1275 3961 1396 4022 scilicet
1419 3961 1558 4022 Kolntan
1577 3961 1664 4022 tvcrh

400 4079 525 4145 vocato,
550 4065 631 4126 inter
656 4068 782 4126 vineam
809 4065 970 4127 Matkonis
993 4064 1055 4126 filii
1081 4064 1213 4148 Georgii
1238 4066 1277 4130 de
1313 4067 1396 4128 dicta
1421 4067 1598 4144 Kralewcz,
1622 4071 1663 4129 ab

399 4171 566 4236 occidente
591 4170 728 4253 desuper
764 4184 795 4232 et
818 4173 857 4232 ab
883 4169 965 4232 infra
990 4172 1071 4232 inter
1103 4172 1230 4233 vineam
1256 4172 1418 4234 Valentini
1452 4171 1508 4234 filii
1533 4173 1664 4234 alterius

401 4277 533 4359 Georgii
559 4277 633 4338 dicti
659 4278 833 4359 Wychecz‚
858 4279 898 4338 ab
923 4278 1037 4339 eodem
1060 4278 1225 4340 occidente
1254 4299 1291 4339 ac
1323 4279 1404 4341 inter
1427 4293 1526 4342 terras
1549 4281 1663 4342 sessio-

400 4384 488 4446 nales
519 4383 729 4465 jobagionum
761 4384 894 4466 predicti
927 4385 1019 4448 castri
1053 4384 1201 4446 Medwed
1233 4405 1250 4446 a
1283 4385 1473 4464 meridione,
1506 4406 1564 4446 nec
1596 4405 1661 4448 non

400 4491 482 4552 inter
506 4491 633 4551 vineam
660 4489 772 4572 prelati
791 4491 957 4552 Benedicti
981 4490 1096 4572 judicis
1121 4491 1262 4552 dedicta
1282 4491 1446 4553 Kralewcz
1471 4493 1510 4552 ab
1528 4493 1663 4571 oriente,

399 4609 430 4657 et
455 4597 536 4657 inter
569 4597 653 4657 viam
686 4615 894 4657 communem
926 4617 943 4658 a
975 4598 1203 4680 septemtrione
1235 4597 1376 4660 habitam
1402 4611 1433 4660 et
1465 4598 1666 4676 existentem,

399 4723 472 4766 cum
497 4703 563 4765 suis
586 4704 777 4764 utilitatibus
802 4717 832 4764 et
857 4704 1062 4785 pertinenciis
1079 4705 1235 4765 universis
1259 4703 1382 4787 prelato
1408 4705 1584 4767 Benedicto
1607 4725 1663 4786 ge·

399 4829 478 4871 nero
502 4828 560 4870 suo
586 4825 616 4870 et
640 4810 773 4892 provide
804 4811 932 4870 mulieri
965 4810 1112 4871 similiter
1145 4793 1323 4892 Elyiabeth
1357 4823 1479 4888 vocate,
1504 4809 1568 4871 filie
1594 4831 1665 4890 sue,

400 4916 491 4978 uxori
516 4917 671 4998 legittime
701 4915 845 4977 eiusdem
881 4916 1044 4977 Benedicti
1076 4917 1190 4996 judicis
1222 4917 1392 4999 legavisset
1425 4929 1455 4978 et
1488 4917 1661 4980 dimisisset

397 5037 553 5104 perpetuo
579 5022 823 5104 possidendam3
850 5023 988 5103 ideoque
1006 5043 1065 5083 nos
1082 5022 1217 5086 eandem
1242 5024 1368 5084 vineam
1394 5042 1465 5084 cum
1491 5024 1557 5083 suis
1574 5024 1659 5084 utili·
