<?xml version="1.0" encoding="UTF-8"?>
<!DOCTYPE html PUBLIC "-//W3C//DTD XHTML 1.0 Transitional//EN"
    "http://www.w3.org/TR/xhtml1/DTD/xhtml1-transitional.dtd">
<html xmlns="http://www.w3.org/1999/xhtml" xml:lang="en" lang="en">
 <head>
  <title>
</title>
<meta http-equiv="Content-Type" content="text/html;charset=utf-8" />
  <meta name='ocr-system' content='tesseract 3.04.00' />
  <meta name='ocr-capabilities' content='ocr_page ocr_carea ocr_par ocr_line ocrx_word'/>
</head>
<body>
  <div class='ocr_page' id='page_1' title='image "./monumentahistor13laszgoog_0546.png"; bbox 0 0 3852 5814; ppageno 0'>
   <div class='ocr_carea' id='block_1_1' title="bbox 787 509 1265 586">
    <p class='ocr_par' dir='ltr' id='par_1_1' title="bbox 787 509 1265 586">
     <span class='ocr_line' id='line_1_1' title="bbox 787 509 1265 586; baseline -0.002 -17"><span class='ocrx_word' id='word_1_1' title='bbox 787 513 987 586; x_wconf 79' lang='lat' dir='ltr'>Anno1479.</span> <span class='ocrx_word' id='word_1_2' title='bbox 1013 541 1052 552; x_wconf 93' lang='lat'><em>-</em></span> <span class='ocrx_word' id='word_1_3' title='bbox 1077 523 1128 569; x_wconf 88' lang='lat'>20.</span> <span class='ocrx_word' id='word_1_4' title='bbox 1153 509 1265 582; x_wconf 82' lang='lat' dir='ltr'><em>aprilis.</em></span> 
     </span>
    </p>
   </div>
   <div class='ocr_carea' id='block_1_2' title="bbox 756 719 1464 2373">
    <p class='ocr_par' dir='ltr' id='par_1_2' title="bbox 757 719 1246 782">
     <span class='ocr_line' id='line_1_2' title="bbox 757 719 1246 782; baseline -0.006 0"><span class='ocrx_word' id='word_1_5' title='bbox 757 721 834 782; x_wconf 84' lang='lat' dir='ltr'>Item</span> <span class='ocrx_word' id='word_1_6' title='bbox 861 719 985 781; x_wconf 90' lang='lat' dir='ltr'>Blasius</span> <span class='ocrx_word' id='word_1_7' title='bbox 1011 719 1122 780; x_wconf 90' lang='lat' dir='ltr'>Nestin</span> <span class='ocrx_word' id='word_1_8' title='bbox 1147 731 1246 780; x_wconf 88' lang='lat' dir='ltr'>sutor.</span> 
     </span>
    </p>

    <p class='ocr_par' dir='ltr' id='par_1_3' title="bbox 756 823 1207 888">
     <span class='ocr_line' id='line_1_3' title="bbox 756 823 1207 888; baseline 0.002 -3"><span class='ocrx_word' id='word_1_9' title='bbox 756 825 834 888; x_wconf 90' lang='lat' dir='ltr'>Item</span> <span class='ocrx_word' id='word_1_10' title='bbox 859 826 938 886; x_wconf 89' lang='lat' dir='ltr'>alter</span> <span class='ocrx_word' id='word_1_11' title='bbox 963 823 1084 887; x_wconf 84' lang='lat' dir='ltr'>Gwrko</span> <span class='ocrx_word' id='word_1_12' title='bbox 1107 837 1207 886; x_wconf 89' lang='lat' dir='ltr'>sutor.</span> 
     </span>
    </p>

    <p class='ocr_par' dir='ltr' id='par_1_4' title="bbox 757 929 1141 1013">
     <span class='ocr_line' id='line_1_4' title="bbox 757 929 1141 1013; baseline -0.003 -21"><span class='ocrx_word' id='word_1_13' title='bbox 757 931 834 992; x_wconf 90' lang='lat' dir='ltr'>Item</span> <span class='ocrx_word' id='word_1_14' title='bbox 860 930 972 991; x_wconf 86' lang='lat' dir='ltr'>Simon</span> <span class='ocrx_word' id='word_1_15' title='bbox 998 929 1141 1013; x_wconf 86' lang='lat' dir='ltr'>Banych.</span> 
     </span>
    </p>

    <p class='ocr_par' dir='ltr' id='par_1_5' title="bbox 756 1034 1135 1099">
     <span class='ocr_line' id='line_1_5' title="bbox 756 1034 1135 1099; baseline 0.003 -1"><span class='ocrx_word' id='word_1_16' title='bbox 756 1037 833 1099; x_wconf 88' lang='lat' dir='ltr'>Item</span> <span class='ocrx_word' id='word_1_17' title='bbox 858 1036 1011 1098; x_wconf 91' lang='lat' dir='ltr'>Nicolaus</span> <span class='ocrx_word' id='word_1_18' title='bbox 1036 1034 1135 1099; x_wconf 83' lang='lat' dir='ltr'>[aber.</span> 
     </span>
    </p>

    <p class='ocr_par' dir='ltr' id='par_1_6' title="bbox 756 1142 1107 1205">
     <span class='ocr_line' id='line_1_6' title="bbox 756 1142 1107 1205; baseline -0.003 -2"><span class='ocrx_word' id='word_1_19' title='bbox 756 1142 833 1204; x_wconf 89' lang='lat' dir='ltr'>Item</span> <span class='ocrx_word' id='word_1_20' title='bbox 859 1143 972 1205; x_wconf 87' lang='lat' dir='ltr'>Simon</span> <span class='ocrx_word' id='word_1_21' title='bbox 997 1156 1107 1204; x_wconf 84' lang='lat' dir='ltr'>sartor.</span> 
     </span>
    </p>

    <p class='ocr_par' dir='ltr' id='par_1_7' title="bbox 756 1247 1184 1330">
     <span class='ocr_line' id='line_1_7' title="bbox 756 1247 1184 1330; baseline 0.005 -21"><span class='ocrx_word' id='word_1_22' title='bbox 756 1249 834 1312; x_wconf 90' lang='lat' dir='ltr'>Item</span> <span class='ocrx_word' id='word_1_23' title='bbox 860 1248 971 1310; x_wconf 85' lang='lat' dir='ltr'>Gurko</span> <span class='ocrx_word' id='word_1_24' title='bbox 997 1247 1184 1330; x_wconf 89' lang='lat' dir='ltr'>Gliuarych.</span> 
     </span>
    </p>

    <p class='ocr_par' dir='ltr' id='par_1_8' title="bbox 756 1354 1179 1439">
     <span class='ocr_line' id='line_1_8' title="bbox 756 1354 1179 1439; baseline 0.002 -23"><span class='ocrx_word' id='word_1_25' title='bbox 756 1355 834 1417; x_wconf 91' lang='lat' dir='ltr'>Item</span> <span class='ocrx_word' id='word_1_26' title='bbox 861 1355 972 1417; x_wconf 87' lang='lat' dir='ltr'>Petrus</span> <span class='ocrx_word' id='word_1_27' title='bbox 996 1354 1179 1439; x_wconf 90' lang='lat' dir='ltr'>Vocanych.</span> 
     </span>
    </p>

    <p class='ocr_par' dir='ltr' id='par_1_9' title="bbox 756 1461 1464 1754">
     <span class='ocr_line' id='line_1_9' title="bbox 756 1461 1464 1541; baseline 0 -19"><span class='ocrx_word' id='word_1_28' title='bbox 756 1461 834 1522; x_wconf 88' lang='lat' dir='ltr'>Item</span> <span class='ocrx_word' id='word_1_29' title='bbox 860 1461 973 1522; x_wconf 86' lang='lat' dir='ltr'>Berlek</span> <span class='ocrx_word' id='word_1_30' title='bbox 997 1479 1161 1522; x_wconf 82' lang='lat' dir='ltr'>successor</span> <span class='ocrx_word' id='word_1_31' title='bbox 1187 1461 1316 1522; x_wconf 89' lang='lat' dir='ltr'>Martini</span> <span class='ocrx_word' id='word_1_32' title='bbox 1341 1461 1464 1541; x_wconf 83' lang='lat' dir='ltr'>judicis.</span> 
     </span>
     <span class='ocr_line' id='line_1_10' title="bbox 757 1566 1281 1630; baseline 0.004 -2"><span class='ocrx_word' id='word_1_33' title='bbox 757 1568 834 1629; x_wconf 90' lang='lat' dir='ltr'>Item</span> <span class='ocrx_word' id='word_1_34' title='bbox 862 1567 941 1628; x_wconf 88' lang='lat' dir='ltr'>alter</span> <span class='ocrx_word' id='word_1_35' title='bbox 966 1567 1078 1629; x_wconf 89' lang='lat' dir='ltr'>Gurko</span> <span class='ocrx_word' id='word_1_36' title='bbox 1104 1566 1281 1630; x_wconf 91' lang='lat' dir='ltr'>Gliuarich.</span> 
     </span>
     <span class='ocr_line' id='line_1_11' title="bbox 757 1675 1194 1754; baseline 0.005 -19"><span class='ocrx_word' id='word_1_37' title='bbox 757 1675 834 1735; x_wconf 89' lang='lat' dir='ltr'>Item</span> <span class='ocrx_word' id='word_1_38' title='bbox 861 1675 1060 1754; x_wconf 79' lang='lat' dir='ltr'>Augustinus</span> <span class='ocrx_word' id='word_1_39' title='bbox 1084 1688 1194 1737; x_wconf 86' lang='lat' dir='ltr'>sartor.</span> 
     </span>
    </p>

    <p class='ocr_par' dir='ltr' id='par_1_10' title="bbox 758 1779 1355 1948">
     <span class='ocr_line' id='line_1_12' title="bbox 758 1779 1355 1862; baseline 0.002 -21"><span class='ocrx_word' id='word_1_40' title='bbox 758 1780 834 1842; x_wconf 89' lang='lat' dir='ltr'>Item</span> <span class='ocrx_word' id='word_1_41' title='bbox 860 1780 1006 1842; x_wconf 83' lang='lat' dir='ltr'>Thomas</span> <span class='ocrx_word' id='word_1_42' title='bbox 1029 1800 1128 1861; x_wconf 87' lang='lat' dir='ltr'>gener</span> <span class='ocrx_word' id='word_1_43' title='bbox 1152 1779 1355 1862; x_wconf 88' lang='lat' dir='ltr'>Fabyanech.</span> 
     </span>
     <span class='ocr_line' id='line_1_13' title="bbox 759 1886 1101 1948; baseline 0.006 -2"><span class='ocrx_word' id='word_1_44' title='bbox 759 1886 836 1948; x_wconf 85' lang='lat' dir='ltr'>Item</span> <span class='ocrx_word' id='word_1_45' title='bbox 862 1887 979 1948; x_wconf 86' lang='lat' dir='ltr'>Paulus</span> <span class='ocrx_word' id='word_1_46' title='bbox 1003 1886 1101 1948; x_wconf 85' lang='lat' dir='ltr'>faber.</span> 
     </span>
    </p>

    <p class='ocr_par' dir='ltr' id='par_1_11' title="bbox 759 1993 1193 2055">
     <span class='ocr_line' id='line_1_14' title="bbox 759 1993 1193 2055; baseline 0 -1"><span class='ocrx_word' id='word_1_47' title='bbox 759 1993 835 2054; x_wconf 78' lang='lat' dir='ltr'>Itent</span> <span class='ocrx_word' id='word_1_48' title='bbox 863 1994 974 2055; x_wconf 86' lang='lat' dir='ltr'>Petrus</span> <span class='ocrx_word' id='word_1_49' title='bbox 997 2009 1086 2054; x_wconf 89' lang='lat' dir='ltr'>sutor</span> <span class='ocrx_word' id='word_1_50' title='bbox 1116 1993 1193 2054; x_wconf 90' lang='lat' dir='ltr'>Lah.</span> 
     </span>
    </p>

    <p class='ocr_par' dir='ltr' id='par_1_12' title="bbox 758 2100 1203 2183">
     <span class='ocr_line' id='line_1_15' title="bbox 758 2100 1203 2183; baseline 0 -23"><span class='ocrx_word' id='word_1_51' title='bbox 758 2100 835 2160; x_wconf 90' lang='lat' dir='ltr'>Item</span> <span class='ocrx_word' id='word_1_52' title='bbox 863 2100 1029 2160; x_wconf 85' lang='lat' dir='ltr'>Emericus</span> <span class='ocrx_word' id='word_1_53' title='bbox 1053 2101 1203 2183; x_wconf 89' lang='lat' dir='ltr'>Kozyter.</span> 
     </span>
    </p>

    <p class='ocr_par' dir='ltr' id='par_1_13' title="bbox 756 2203 1324 2373">
     <span class='ocr_line' id='line_1_16' title="bbox 760 2203 1262 2266; baseline 0.002 -2"><span class='ocrx_word' id='word_1_54' title='bbox 760 2205 835 2265; x_wconf 90' lang='lat' dir='ltr'>Item</span> <span class='ocrx_word' id='word_1_55' title='bbox 862 2206 1015 2266; x_wconf 83' lang='lat' dir='ltr'>Nicolaus</span> <span class='ocrx_word' id='word_1_56' title='bbox 1040 2203 1262 2266; x_wconf 87' lang='lat' dir='ltr'>Halicheuich.</span> 
     </span>
     <span class='ocr_line' id='line_1_17' title="bbox 756 2311 1324 2373; baseline 0.002 -3"><span class='ocrx_word' id='word_1_57' title='bbox 756 2311 833 2373; x_wconf 89' lang='lat' dir='ltr'>Item</span> <span class='ocrx_word' id='word_1_58' title='bbox 860 2311 970 2373; x_wconf 84' lang='lat' dir='ltr'>Petrus</span> <span class='ocrx_word' id='word_1_59' title='bbox 995 2312 1201 2372; x_wconf 78' lang='lat' dir='ltr'>Bosalcouecz</span> <span class='ocrx_word' id='word_1_60' title='bbox 1226 2325 1324 2372; x_wconf 90' lang='lat' dir='ltr'>sutor.</span> 
     </span>
    </p>
   </div>
   <div class='ocr_carea' id='block_1_3' title="bbox 449 2545 1607 2638">
    <p class='ocr_par' dir='ltr' id='par_1_14' title="bbox 449 2545 1607 2638">
     <span class='ocr_line' id='line_1_18' title="bbox 449 2545 1607 2638; baseline -0.002 -18"><span class='ocrx_word' id='word_1_61' title='bbox 449 2547 545 2622; x_wconf 83' lang='lat' dir='ltr'>Faria</span> <span class='ocrx_word' id='word_1_62' title='bbox 573 2549 680 2621; x_wconf 87' lang='lat' dir='ltr'>tercia</span> <span class='ocrx_word' id='word_1_63' title='bbox 709 2552 864 2638; x_wconf 82' lang='lat' dir='ltr'>proxima</span> <span class='ocrx_word' id='word_1_64' title='bbox 901 2557 979 2620; x_wconf 87' lang='lat' dir='ltr'>ante</span> <span class='ocrx_word' id='word_1_65' title='bbox 1013 2550 1134 2620; x_wconf 81' lang='lat' dir='ltr'>testum</span> <span class='ocrx_word' id='word_1_66' title='bbox 1163 2549 1254 2620; x_wconf 86' lang='lat' dir='ltr'>beati</span> <span class='ocrx_word' id='word_1_67' title='bbox 1283 2546 1410 2620; x_wconf 71' lang='lat' dir='ltr'>ilberti</span> <span class='ocrx_word' id='word_1_68' title='bbox 1442 2545 1607 2619; x_wconf 84' lang='lat' dir='ltr'>martiris.</span> 
     </span>
    </p>
   </div>
   <div class='ocr_carea' id='block_1_4' title="bbox 397 2719 1666 5051">
    <p class='ocr_par' dir='ltr' id='par_1_15' title="bbox 925 2719 1145 2794">
     <span class='ocr_line' id='line_1_19' title="bbox 925 2719 1145 2794; baseline 0.018 -17"><span class='ocrx_word' id='word_1_69' title='bbox 925 2721 990 2794; x_wconf 87' lang='lat'><em>(20.</em></span> <span class='ocrx_word' id='word_1_70' title='bbox 1014 2719 1145 2794; x_wconf 81' lang='lat' dir='ltr'>aprilis).</span> 
     </span>
    </p>

    <p class='ocr_par' dir='ltr' id='par_1_16' title="bbox 397 2838 1666 3668">
     <span class='ocr_line' id='line_1_20' title="bbox 505 2838 1666 2924; baseline -0.001 -21"><span class='ocrx_word' id='word_1_71' title='bbox 505 2844 583 2904; x_wconf 92' lang='lat' dir='ltr'>Item</span> <span class='ocrx_word' id='word_1_72' title='bbox 608 2862 736 2904; x_wconf 86' lang='lat' dir='ltr'>causam</span> <span class='ocrx_word' id='word_1_73' title='bbox 760 2861 818 2924; x_wconf 89' lang='lat' dir='ltr'>pro</span> <span class='ocrx_word' id='word_1_74' title='bbox 843 2856 929 2923; x_wconf 87' lang='lat' dir='ltr'>parte</span> <span class='ocrx_word' id='word_1_75' title='bbox 955 2842 1156 2922; x_wconf 86' lang='lat' dir='ltr'>Margarethe</span> <span class='ocrx_word' id='word_1_76' title='bbox 1181 2843 1274 2904; x_wconf 88' lang='lat' dir='ltr'>Festa</span> <span class='ocrx_word' id='word_1_77' title='bbox 1299 2842 1393 2920; x_wconf 86' lang='lat' dir='ltr'>dicte,</span> <span class='ocrx_word' id='word_1_78' title='bbox 1418 2861 1476 2924; x_wconf 90' lang='lat' dir='ltr'>pro</span> <span class='ocrx_word' id='word_1_79' title='bbox 1499 2838 1666 2903; x_wconf 88' lang='lat' dir='ltr'>furticinio</span> 
     </span>
     <span class='ocr_line' id='line_1_21' title="bbox 397 2947 1665 3031; baseline -0.002 -21"><span class='ocrx_word' id='word_1_80' title='bbox 397 2949 610 3031; x_wconf 86' lang='lat' dir='ltr'>quarumdam</span> <span class='ocrx_word' id='word_1_81' title='bbox 637 2949 847 3031; x_wconf 82' lang='lat' dir='ltr'>pecuniarum</span> <span class='ocrx_word' id='word_1_82' title='bbox 873 2949 982 3010; x_wconf 86' lang='lat' dir='ltr'>relicte</span> <span class='ocrx_word' id='word_1_83' title='bbox 1007 2947 1123 3010; x_wconf 89' lang='lat' dir='ltr'>Orsole</span> <span class='ocrx_word' id='word_1_84' title='bbox 1153 2949 1296 3010; x_wconf 88' lang='lat' dir='ltr'>mulieris</span> <span class='ocrx_word' id='word_1_85' title='bbox 1333 2947 1564 3009; x_wconf 78' lang='lat' dir='ltr'>inhabitatricis</span> <span class='ocrx_word' id='word_1_86' title='bbox 1588 2947 1665 3008; x_wconf 89' lang='lat' dir='ltr'>civi-</span> 
     </span>
     <span class='ocr_line' id='line_1_22' title="bbox 398 3055 1666 3136; baseline -0.001 -19"><span class='ocrx_word' id='word_1_87' title='bbox 398 3057 471 3117; x_wconf 85' lang='lat' dir='ltr'>tatis</span> <span class='ocrx_word' id='word_1_88' title='bbox 496 3069 613 3132; x_wconf 89' lang='lat' dir='ltr'>nostre,</span> <span class='ocrx_word' id='word_1_89' title='bbox 648 3055 797 3116; x_wconf 90' lang='lat' dir='ltr'>videlicet</span> <span class='ocrx_word' id='word_1_90' title='bbox 829 3056 970 3118; x_wconf 89' lang='lat' dir='ltr'>sedecim</span> <span class='ocrx_word' id='word_1_91' title='bbox 1003 3075 1173 3136; x_wconf 81' lang='lat' dir='ltr'>pensarum</span> <span class='ocrx_word' id='word_1_92' title='bbox 1199 3068 1230 3117; x_wconf 91' lang='lat' dir='ltr'>et</span> <span class='ocrx_word' id='word_1_93' title='bbox 1253 3055 1365 3136; x_wconf 87' lang='lat' dir='ltr'>viginti</span> <span class='ocrx_word' id='word_1_94' title='bbox 1399 3055 1543 3136; x_wconf 90' lang='lat' dir='ltr'>quinque</span> <span class='ocrx_word' id='word_1_95' title='bbox 1575 3073 1666 3135; x_wconf 84' lang='lat' dir='ltr'>gros-</span> 
     </span>
     <span class='ocr_line' id='line_1_23' title="bbox 400 3161 1665 3244; baseline 0 -22"><span class='ocrx_word' id='word_1_96' title='bbox 400 3183 509 3224; x_wconf 90' lang='lat' dir='ltr'>sorum</span> <span class='ocrx_word' id='word_1_97' title='bbox 534 3181 736 3242; x_wconf 78' lang='lat' dir='ltr'>magnorum,</span> <span class='ocrx_word' id='word_1_98' title='bbox 762 3162 849 3243; x_wconf 92' lang='lat' dir='ltr'>quod</span> <span class='ocrx_word' id='word_1_99' title='bbox 883 3163 948 3242; x_wconf 83' lang='lat' dir='ltr'>Ipsa</span> <span class='ocrx_word' id='word_1_100' title='bbox 980 3161 1072 3223; x_wconf 88' lang='lat' dir='ltr'>Festa</span> <span class='ocrx_word' id='word_1_101' title='bbox 1097 3182 1151 3223; x_wconf 90' lang='lat' dir='ltr'>ore</span> <span class='ocrx_word' id='word_1_102' title='bbox 1175 3181 1234 3224; x_wconf 88' lang='lat' dir='ltr'>suo</span> <span class='ocrx_word' id='word_1_103' title='bbox 1260 3163 1389 3244; x_wconf 91' lang='lat' dir='ltr'>proprio</span> <span class='ocrx_word' id='word_1_104' title='bbox 1414 3162 1447 3222; x_wconf 86' lang='lat' dir='ltr'>In</span> <span class='ocrx_word' id='word_1_105' title='bbox 1472 3161 1665 3224; x_wconf 86' lang='lat' dir='ltr'>consistorio</span> 
     </span>
     <span class='ocr_line' id='line_1_24' title="bbox 399 3266 1663 3350; baseline 0 -21"><span class='ocrx_word' id='word_1_106' title='bbox 399 3283 503 3329; x_wconf 89' lang='lat' dir='ltr'>nostre</span> <span class='ocrx_word' id='word_1_107' title='bbox 540 3269 675 3329; x_wconf 89' lang='lat' dir='ltr'>civitatis</span> <span class='ocrx_word' id='word_1_108' title='bbox 707 3288 762 3350; x_wconf 88' lang='lat' dir='ltr'>per</span> <span class='ocrx_word' id='word_1_109' title='bbox 795 3269 895 3350; x_wconf 90' lang='lat' dir='ltr'>ipsam</span> <span class='ocrx_word' id='word_1_110' title='bbox 927 3267 1063 3330; x_wconf 84' lang='lat' dir='ltr'>iuratam</span> <span class='ocrx_word' id='word_1_111' title='bbox 1095 3269 1224 3349; x_wconf 89' lang='lat' dir='ltr'>publice</span> <span class='ocrx_word' id='word_1_112' title='bbox 1252 3281 1282 3328; x_wconf 90' lang='lat' dir='ltr'>et</span> <span class='ocrx_word' id='word_1_113' title='bbox 1314 3266 1481 3329; x_wconf 83' lang='lat' dir='ltr'>manifeste</span> <span class='ocrx_word' id='word_1_114' title='bbox 1518 3269 1597 3329; x_wconf 85' lang='lat' dir='ltr'>dixit</span> <span class='ocrx_word' id='word_1_115' title='bbox 1630 3282 1663 3329; x_wconf 92' lang='lat' dir='ltr'>et</span> 
     </span>
     <span class='ocr_line' id='line_1_25' title="bbox 400 3373 1663 3456; baseline -0.001 -20"><span class='ocrx_word' id='word_1_116' title='bbox 400 3395 464 3436; x_wconf 93' lang='lat' dir='ltr'>non</span> <span class='ocrx_word' id='word_1_117' title='bbox 491 3375 619 3456; x_wconf 84' lang='lat' dir='ltr'>negavit</span> <span class='ocrx_word' id='word_1_118' title='bbox 642 3373 735 3455; x_wconf 88' lang='lat' dir='ltr'>jurati</span> <span class='ocrx_word' id='word_1_119' title='bbox 760 3373 1035 3454; x_wconf 85' lang='lat' dir='ltr'>adjudicaverunt,</span> <span class='ocrx_word' id='word_1_120' title='bbox 1064 3373 1151 3454; x_wconf 94' lang='lat' dir='ltr'>quod</span> <span class='ocrx_word' id='word_1_121' title='bbox 1186 3375 1252 3456; x_wconf 86' lang='lat' dir='ltr'>ipsa</span> <span class='ocrx_word' id='word_1_122' title='bbox 1279 3374 1478 3455; x_wconf 88' lang='lat' dir='ltr'>Margaretha</span> <span class='ocrx_word' id='word_1_123' title='bbox 1505 3375 1663 3435; x_wconf 89' lang='lat' dir='ltr'>ambabus</span> 
     </span>
     <span class='ocr_line' id='line_1_26' title="bbox 402 3480 1664 3562; baseline -0.002 -20"><span class='ocrx_word' id='word_1_124' title='bbox 402 3481 553 3542; x_wconf 90' lang='lat' dir='ltr'>auriculis</span> <span class='ocrx_word' id='word_1_125' title='bbox 576 3481 718 3562; x_wconf 87' lang='lat' dir='ltr'>privetur</span> <span class='ocrx_word' id='word_1_126' title='bbox 742 3495 772 3540; x_wconf 91' lang='lat' dir='ltr'>et</span> <span class='ocrx_word' id='word_1_127' title='bbox 795 3480 834 3540; x_wconf 87' lang='lat' dir='ltr'>de</span> <span class='ocrx_word' id='word_1_128' title='bbox 859 3481 987 3540; x_wconf 78' lang='lat' dir='ltr'>ciuitate</span> <span class='ocrx_word' id='word_1_129' title='bbox 1016 3493 1046 3541; x_wconf 92' lang='lat' dir='ltr'>et</span> <span class='ocrx_word' id='word_1_130' title='bbox 1070 3481 1139 3542; x_wconf 88' lang='lat' dir='ltr'>eius</span> <span class='ocrx_word' id='word_1_131' title='bbox 1162 3481 1324 3542; x_wconf 84' lang='lat' dir='ltr'>territori0</span> <span class='ocrx_word' id='word_1_132' title='bbox 1349 3481 1536 3562; x_wconf 84' lang='lat' dir='ltr'>expellatur,</span> <span class='ocrx_word' id='word_1_133' title='bbox 1561 3493 1592 3541; x_wconf 92' lang='lat' dir='ltr'>et</span> <span class='ocrx_word' id='word_1_134' title='bbox 1616 3481 1664 3541; x_wconf 92' lang='lat' dir='ltr'>in·</span> 
     </span>
     <span class='ocr_line' id='line_1_27' title="bbox 401 3585 1664 3668; baseline 0.002 -22"><span class='ocrx_word' id='word_1_135' title='bbox 401 3600 482 3647; x_wconf 90' lang='lat' dir='ltr'>trare</span> <span class='ocrx_word' id='word_1_136' title='bbox 506 3606 570 3647; x_wconf 92' lang='lat' dir='ltr'>non</span> <span class='ocrx_word' id='word_1_137' title='bbox 596 3585 711 3647; x_wconf 87' lang='lat' dir='ltr'>debeat</span> <span class='ocrx_word' id='word_1_138' title='bbox 742 3585 781 3646; x_wconf 90' lang='lat' dir='ltr'>ad</span> <span class='ocrx_word' id='word_1_139' title='bbox 806 3586 967 3646; x_wconf 83' lang='lat' dir='ltr'>clvitatem</span> <span class='ocrx_word' id='word_1_140' title='bbox 1000 3599 1031 3647; x_wconf 89' lang='lat' dir='ltr'>et</span> <span class='ocrx_word' id='word_1_141' title='bbox 1062 3587 1130 3647; x_wconf 88' lang='lat' dir='ltr'>eius</span> <span class='ocrx_word' id='word_1_142' title='bbox 1160 3587 1355 3648; x_wconf 90' lang='lat' dir='ltr'>territorium</span> <span class='ocrx_word' id='word_1_143' title='bbox 1380 3587 1439 3647; x_wconf 89' lang='lat' dir='ltr'>sibi</span> <span class='ocrx_word' id='word_1_144' title='bbox 1465 3585 1664 3668; x_wconf 86' lang='lat' dir='ltr'>prohibetur.</span> 
     </span>
    </p>

    <p class='ocr_par' dir='ltr' id='par_1_17' title="bbox 401 3690 1666 4520">
     <span class='ocr_line' id='line_1_28' title="bbox 508 3690 1663 3774; baseline 0.002 -22"><span class='ocrx_word' id='word_1_145' title='bbox 508 3692 585 3754; x_wconf 89' lang='lat' dir='ltr'>Item</span> <span class='ocrx_word' id='word_1_146' title='bbox 611 3690 689 3752; x_wconf 88' lang='lat' dir='ltr'>feria</span> <span class='ocrx_word' id='word_1_147' title='bbox 713 3692 809 3753; x_wconf 89' lang='lat' dir='ltr'>tercia</span> <span class='ocrx_word' id='word_1_148' title='bbox 834 3693 978 3774; x_wconf 85' lang='lat' dir='ltr'>proxima</span> <span class='ocrx_word' id='word_1_149' title='bbox 1002 3705 1074 3773; x_wconf 89' lang='lat' dir='ltr'>post</span> <span class='ocrx_word' id='word_1_150' title='bbox 1102 3692 1296 3754; x_wconf 84' lang='lat' dir='ltr'>domInIcam</span> <span class='ocrx_word' id='word_1_151' title='bbox 1324 3693 1435 3754; x_wconf 85' lang='lat' dir='ltr'>ludica</span> <span class='ocrx_word' id='word_1_152' title='bbox 1463 3693 1560 3754; x_wconf 89' lang='lat' dir='ltr'>Lucia</span> <span class='ocrx_word' id='word_1_153' title='bbox 1585 3713 1663 3754; x_wconf 90' lang='lat' dir='ltr'>con·</span> 
     </span>
     <span class='ocr_line' id='line_1_29' title="bbox 401 3797 1665 3880; baseline 0 -20"><span class='ocrx_word' id='word_1_154' title='bbox 401 3819 469 3860; x_wconf 89' lang='lat' dir='ltr'>sors</span> <span class='ocrx_word' id='word_1_155' title='bbox 493 3798 616 3859; x_wconf 89' lang='lat' dir='ltr'>Nicolai</span> <span class='ocrx_word' id='word_1_156' title='bbox 643 3797 798 3859; x_wconf 85' lang='lat' dir='ltr'>Horwath</span> <span class='ocrx_word' id='word_1_157' title='bbox 825 3797 855 3858; x_wconf 92' lang='lat' dir='ltr'>in</span> <span class='ocrx_word' id='word_1_158' title='bbox 881 3811 1042 3859; x_wconf 89' lang='lat' dir='ltr'>tormento</span> <span class='ocrx_word' id='word_1_159' title='bbox 1078 3817 1133 3859; x_wconf 91' lang='lat' dir='ltr'>seu</span> <span class='ocrx_word' id='word_1_160' title='bbox 1158 3799 1317 3880; x_wconf 90' lang='lat' dir='ltr'>supplicio</span> <span class='ocrx_word' id='word_1_161' title='bbox 1344 3798 1424 3860; x_wconf 84' lang='lat' dir='ltr'>fassa</span> <span class='ocrx_word' id='word_1_162' title='bbox 1450 3813 1495 3861; x_wconf 90' lang='lat' dir='ltr'>est</span> <span class='ocrx_word' id='word_1_163' title='bbox 1520 3801 1551 3860; x_wconf 94' lang='lat' dir='ltr'>in</span> <span class='ocrx_word' id='word_1_164' title='bbox 1576 3799 1665 3861; x_wconf 88' lang='lat' dir='ltr'>hunc</span> 
     </span>
     <span class='ocr_line' id='line_1_30' title="bbox 403 3903 1662 3986; baseline 0.001 -21"><span class='ocrx_word' id='word_1_165' title='bbox 403 3905 547 3983; x_wconf 82' lang='lat' dir='ltr'>modum,</span> <span class='ocrx_word' id='word_1_166' title='bbox 572 3918 606 3966; x_wconf 94' lang='lat' dir='ltr'>ut</span> <span class='ocrx_word' id='word_1_167' title='bbox 631 3905 697 3986; x_wconf 88' lang='lat' dir='ltr'>ipsa</span> <span class='ocrx_word' id='word_1_168' title='bbox 723 3903 862 3985; x_wconf 87' lang='lat' dir='ltr'>quadam</span> <span class='ocrx_word' id='word_1_169' title='bbox 894 3904 945 3964; x_wconf 91' lang='lat' dir='ltr'>die</span> <span class='ocrx_word' id='word_1_170' title='bbox 978 3903 1143 3965; x_wconf 90' lang='lat' dir='ltr'>domiuico</span> <span class='ocrx_word' id='word_1_171' title='bbox 1167 3905 1207 3965; x_wconf 69' lang='lat' dir='ltr'>vin</span> <span class='ocrx_word' id='word_1_172' title='bbox 1232 3906 1377 3986; x_wconf 83' lang='lat' dir='ltr'>proxIma</span> <span class='ocrx_word' id='word_1_173' title='bbox 1407 3905 1662 3986; x_wconf 86' lang='lat' dir='ltr'>Quadragesima</span> 
     </span>
     <span class='ocr_line' id='line_1_31' title="bbox 402 4009 1663 4091; baseline 0 -19"><span class='ocrx_word' id='word_1_174' title='bbox 402 4012 561 4072; x_wconf 88' lang='lat' dir='ltr'>obviasset</span> <span class='ocrx_word' id='word_1_175' title='bbox 586 4010 748 4091; x_wconf 87' lang='lat' dir='ltr'>quandam</span> <span class='ocrx_word' id='word_1_176' title='bbox 774 4010 923 4070; x_wconf 80' lang='lat' dir='ltr'>ancillam</span> <span class='ocrx_word' id='word_1_177' title='bbox 952 4010 1146 4072; x_wconf 85' lang='lat' dir='ltr'>servitrIcem</span> <span class='ocrx_word' id='word_1_178' title='bbox 1179 4009 1334 4071; x_wconf 87' lang='lat' dir='ltr'>Iohannis</span> <span class='ocrx_word' id='word_1_179' title='bbox 1359 4009 1469 4072; x_wconf 89' lang='lat' dir='ltr'>Passar</span> <span class='ocrx_word' id='word_1_180' title='bbox 1494 4011 1583 4072; x_wconf 90' lang='lat' dir='ltr'>Jelka</span> <span class='ocrx_word' id='word_1_181' title='bbox 1607 4031 1663 4072; x_wconf 90' lang='lat' dir='ltr'>vo-</span> 
     </span>
     <span class='ocr_line' id='line_1_32' title="bbox 402 4115 1665 4198; baseline 0.001 -21"><span class='ocrx_word' id='word_1_182' title='bbox 402 4131 503 4178; x_wconf 90' lang='lat' dir='ltr'>catam</span> <span class='ocrx_word' id='word_1_183' title='bbox 530 4118 561 4177; x_wconf 86' lang='lat' dir='ltr'>In</span> <span class='ocrx_word' id='word_1_184' title='bbox 586 4116 736 4198; x_wconf 88' lang='lat' dir='ltr'>opposito</span> <span class='ocrx_word' id='word_1_185' title='bbox 769 4115 885 4176; x_wconf 86' lang='lat' dir='ltr'>domus</span> <span class='ocrx_word' id='word_1_186' title='bbox 917 4115 1095 4177; x_wconf 88' lang='lat' dir='ltr'>Vidkouicz</span> <span class='ocrx_word' id='word_1_187' title='bbox 1127 4129 1308 4198; x_wconf 90' lang='lat' dir='ltr'>portantem</span> <span class='ocrx_word' id='word_1_188' title='bbox 1341 4115 1475 4178; x_wconf 85' lang='lat' dir='ltr'>farinam</span> <span class='ocrx_word' id='word_1_189' title='bbox 1509 4119 1589 4178; x_wconf 91' lang='lat' dir='ltr'>bene</span> <span class='ocrx_word' id='word_1_190' title='bbox 1624 4117 1665 4178; x_wconf 89' lang='lat' dir='ltr'>ad</span> 
     </span>
     <span class='ocr_line' id='line_1_33' title="bbox 402 4223 1666 4305; baseline 0.002 -22"><span class='ocrx_word' id='word_1_191' title='bbox 402 4242 499 4284; x_wconf 87' lang='lat' dir='ltr'>unam</span> <span class='ocrx_word' id='word_1_192' title='bbox 525 4235 681 4304; x_wconf 86' lang='lat' dir='ltr'>quartam,</span> <span class='ocrx_word' id='word_1_193' title='bbox 707 4223 931 4303; x_wconf 83' lang='lat' dir='ltr'>interrogasset</span> <span class='ocrx_word' id='word_1_194' title='bbox 948 4223 1015 4304; x_wconf 90' lang='lat' dir='ltr'>ipsa</span> <span class='ocrx_word' id='word_1_195' title='bbox 1041 4223 1139 4285; x_wconf 90' lang='lat' dir='ltr'>Lucia</span> <span class='ocrx_word' id='word_1_196' title='bbox 1157 4224 1257 4304; x_wconf 88' lang='lat' dir='ltr'>ipsam</span> <span class='ocrx_word' id='word_1_197' title='bbox 1283 4223 1432 4286; x_wconf 86' lang='lat' dir='ltr'>ancillam</span> <span class='ocrx_word' id='word_1_198' title='bbox 1450 4225 1500 4285; x_wconf 89' lang='lat' dir='ltr'>cui</span> <span class='ocrx_word' id='word_1_199' title='bbox 1525 4237 1666 4305; x_wconf 85' lang='lat' dir='ltr'>portaret</span> 
     </span>
     <span class='ocr_line' id='line_1_34' title="bbox 402 4329 1665 4413; baseline 0.002 -23"><span class='ocrx_word' id='word_1_200' title='bbox 402 4331 502 4412; x_wconf 89' lang='lat' dir='ltr'>ipsam</span> <span class='ocrx_word' id='word_1_201' title='bbox 526 4329 672 4407; x_wconf 83' lang='lat' dir='ltr'>farinam,</span> <span class='ocrx_word' id='word_1_202' title='bbox 706 4329 818 4390; x_wconf 87' lang='lat' dir='ltr'>eadem</span> <span class='ocrx_word' id='word_1_203' title='bbox 851 4329 966 4390; x_wconf 90' lang='lat' dir='ltr'>ancilla</span> <span class='ocrx_word' id='word_1_204' title='bbox 998 4330 1039 4391; x_wconf 89' lang='lat' dir='ltr'>ad</span> <span class='ocrx_word' id='word_1_205' title='bbox 1072 4329 1206 4391; x_wconf 86' lang='lat' dir='ltr'>eandem</span> <span class='ocrx_word' id='word_1_206' title='bbox 1239 4329 1454 4412; x_wconf 89' lang='lat' dir='ltr'>respondisset</span> <span class='ocrx_word' id='word_1_207' title='bbox 1486 4331 1574 4411; x_wconf 94' lang='lat' dir='ltr'>quod</span> <span class='ocrx_word' id='word_1_208' title='bbox 1606 4350 1665 4413; x_wconf 88' lang='lat' dir='ltr'>pro</span> 
     </span>
     <span class='ocr_line' id='line_1_35' title="bbox 401 4434 1370 4520; baseline 0.002 -23"><span class='ocrx_word' id='word_1_209' title='bbox 401 4456 498 4498; x_wconf 83' lang='lat' dir='ltr'>uxore</span> <span class='ocrx_word' id='word_1_210' title='bbox 524 4435 620 4496; x_wconf 87' lang='lat' dir='ltr'>Blasii</span> <span class='ocrx_word' id='word_1_211' title='bbox 647 4434 815 4516; x_wconf 87' lang='lat' dir='ltr'>IrenIparis</span> <span class='ocrx_word' id='word_1_212' title='bbox 838 4449 932 4517; x_wconf 93' lang='lat' dir='ltr'>porto</span> <span class='ocrx_word' id='word_1_213' title='bbox 957 4449 992 4497; x_wconf 90' lang='lat' dir='ltr'>ut</span> <span class='ocrx_word' id='word_1_214' title='bbox 1015 4437 1074 4498; x_wconf 91' lang='lat' dir='ltr'>sibi</span> <span class='ocrx_word' id='word_1_215' title='bbox 1099 4457 1197 4519; x_wconf 88' lang='lat' dir='ltr'>panes</span> <span class='ocrx_word' id='word_1_216' title='bbox 1221 4437 1370 4520; x_wconf 89' lang='lat' dir='ltr'>pinsaret.</span> 
     </span>
    </p>

    <p class='ocr_par' dir='ltr' id='par_1_18' title="bbox 401 4541 1664 5051">
     <span class='ocr_line' id='line_1_36' title="bbox 508 4541 1664 4622; baseline 0.003 -20"><span class='ocrx_word' id='word_1_217' title='bbox 508 4541 584 4602; x_wconf 90' lang='lat' dir='ltr'>Item</span> <span class='ocrx_word' id='word_1_218' title='bbox 610 4542 722 4602; x_wconf 87' lang='lat' dir='ltr'>eadem</span> <span class='ocrx_word' id='word_1_219' title='bbox 749 4542 847 4604; x_wconf 88' lang='lat' dir='ltr'>Lucia</span> <span class='ocrx_word' id='word_1_220' title='bbox 872 4541 952 4603; x_wconf 89' lang='lat' dir='ltr'>fassa</span> <span class='ocrx_word' id='word_1_221' title='bbox 976 4556 1022 4604; x_wconf 90' lang='lat' dir='ltr'>est</span> <span class='ocrx_word' id='word_1_222' title='bbox 1047 4564 1085 4605; x_wconf 88' lang='lat' dir='ltr'>eo</span> <span class='ocrx_word' id='word_1_223' title='bbox 1102 4543 1212 4622; x_wconf 84' lang='lat' dir='ltr'>mod0,</span> <span class='ocrx_word' id='word_1_224' title='bbox 1237 4557 1272 4605; x_wconf 94' lang='lat' dir='ltr'>ut</span> <span class='ocrx_word' id='word_1_225' title='bbox 1295 4545 1408 4606; x_wconf 90' lang='lat' dir='ltr'>eadem</span> <span class='ocrx_word' id='word_1_226' title='bbox 1434 4545 1523 4606; x_wconf 87' lang='lat' dir='ltr'>Jelka</span> <span class='ocrx_word' id='word_1_227' title='bbox 1548 4545 1664 4606; x_wconf 89' lang='lat' dir='ltr'>ancilla</span> 
     </span>
     <span class='ocr_line' id='line_1_37' title="bbox 401 4645 1664 4733; baseline 0.004 -26"><span class='ocrx_word' id='word_1_228' title='bbox 401 4645 538 4709; x_wconf 78' lang='lat' dir='ltr'>infesto</span> <span class='ocrx_word' id='word_1_229' title='bbox 572 4648 845 4709; x_wconf 84' lang='lat' dir='ltr'>Annunciacionis</span> <span class='ocrx_word' id='word_1_230' title='bbox 874 4651 965 4710; x_wconf 89' lang='lat' dir='ltr'>beate</span> <span class='ocrx_word' id='word_1_231' title='bbox 1000 4649 1099 4711; x_wconf 80' lang='lat' dir='ltr'>Maris</span> <span class='ocrx_word' id='word_1_232' title='bbox 1132 4669 1281 4732; x_wconf 89' lang='lat' dir='ltr'>sumpmo</span> <span class='ocrx_word' id='word_1_233' title='bbox 1315 4670 1409 4712; x_wconf 88' lang='lat' dir='ltr'>mane</span> <span class='ocrx_word' id='word_1_234' title='bbox 1442 4665 1598 4733; x_wconf 88' lang='lat' dir='ltr'>portasset</span> <span class='ocrx_word' id='word_1_235' title='bbox 1623 4651 1664 4712; x_wconf 88' lang='lat' dir='ltr'>ad</span> 
     </span>
     <span class='ocr_line' id='line_1_38' title="bbox 401 4754 1663 4836; baseline 0.004 -23"><span class='ocrx_word' id='word_1_236' title='bbox 401 4754 536 4814; x_wconf 89' lang='lat' dir='ltr'>domum</span> <span class='ocrx_word' id='word_1_237' title='bbox 560 4754 703 4814; x_wconf 88' lang='lat' dir='ltr'>eiusdem</span> <span class='ocrx_word' id='word_1_238' title='bbox 722 4755 885 4835; x_wconf 89' lang='lat' dir='ltr'>quandam</span> <span class='ocrx_word' id='word_1_239' title='bbox 904 4757 1115 4836; x_wconf 89' lang='lat' dir='ltr'>quantitatem</span> <span class='ocrx_word' id='word_1_240' title='bbox 1134 4755 1234 4816; x_wconf 88' lang='lat' dir='ltr'>medii</span> <span class='ocrx_word' id='word_1_241' title='bbox 1260 4755 1380 4818; x_wconf 88' lang='lat' dir='ltr'>chebrii</span> <span class='ocrx_word' id='word_1_242' title='bbox 1398 4757 1492 4818; x_wconf 87' lang='lat' dir='ltr'>tritici</span> <span class='ocrx_word' id='word_1_243' title='bbox 1518 4758 1569 4818; x_wconf 86' lang='lat' dir='ltr'>vel</span> <span class='ocrx_word' id='word_1_244' title='bbox 1586 4758 1663 4820; x_wconf 91' lang='lat' dir='ltr'>citra</span> 
     </span>
     <span class='ocr_line' id='line_1_39' title="bbox 402 4860 1663 4944; baseline 0.003 -22"><span class='ocrx_word' id='word_1_245' title='bbox 402 4874 432 4922; x_wconf 90' lang='lat' dir='ltr'>et</span> <span class='ocrx_word' id='word_1_246' title='bbox 456 4860 567 4921; x_wconf 86' lang='lat' dir='ltr'>eadem</span> <span class='ocrx_word' id='word_1_247' title='bbox 605 4862 692 4922; x_wconf 81' lang='lat' dir='ltr'>Jelka</span> <span class='ocrx_word' id='word_1_248' title='bbox 725 4863 878 4943; x_wconf 86' lang='lat' dir='ltr'>percussit</span> <span class='ocrx_word' id='word_1_249' title='bbox 914 4862 1015 4944; x_wconf 87' lang='lat' dir='ltr'>ipsam</span> <span class='ocrx_word' id='word_1_250' title='bbox 1049 4864 1180 4924; x_wconf 89' lang='lat' dir='ltr'>Luciam</span> <span class='ocrx_word' id='word_1_251' title='bbox 1215 4875 1249 4923; x_wconf 93' lang='lat' dir='ltr'>ut</span> <span class='ocrx_word' id='word_1_252' title='bbox 1282 4863 1418 4924; x_wconf 86' lang='lat' dir='ltr'>eandem</span> <span class='ocrx_word' id='word_1_253' title='bbox 1451 4864 1663 4944; x_wconf 87' lang='lat' dir='ltr'>quantitatem</span> 
     </span>
     <span class='ocr_line' id='line_1_40' title="bbox 404 4967 1663 5051; baseline 0.005 -25"><span class='ocrx_word' id='word_1_254' title='bbox 404 4967 497 5028; x_wconf 89' lang='lat' dir='ltr'>tritici</span> <span class='ocrx_word' id='word_1_255' title='bbox 523 4969 583 5028; x_wconf 89' lang='lat' dir='ltr'>sibi</span> <span class='ocrx_word' id='word_1_256' title='bbox 609 4969 771 5046; x_wconf 87' lang='lat' dir='ltr'>venderet,</span> <span class='ocrx_word' id='word_1_257' title='bbox 796 4969 821 5030; x_wconf 89' lang='lat' dir='ltr'>si</span> <span class='ocrx_word' id='word_1_258' title='bbox 847 4983 954 5030; x_wconf 90' lang='lat' dir='ltr'>autem</span> <span class='ocrx_word' id='word_1_259' title='bbox 988 4970 1083 5032; x_wconf 89' lang='lat' dir='ltr'>vendi</span> <span class='ocrx_word' id='word_1_260' title='bbox 1110 4989 1173 5030; x_wconf 91' lang='lat' dir='ltr'>non</span> <span class='ocrx_word' id='word_1_261' title='bbox 1200 4984 1316 5051; x_wconf 80' lang='lat' dir='ltr'>posset,</span> <span class='ocrx_word' id='word_1_262' title='bbox 1350 4970 1492 5032; x_wconf 85' lang='lat' dir='ltr'>valorem</span> <span class='ocrx_word' id='word_1_263' title='bbox 1518 4969 1663 5042; x_wconf 86' lang='lat' dir='ltr'>¹eiusdem</span> 
     </span>
    </p>
   </div>
   <div class='ocr_carea' id='block_1_5' title="bbox 0 0 1938 5814">
    <p class='ocr_par' dir='ltr' id='par_1_19' title="bbox 0 0 1938 5814">
     <span class='ocr_line' id='line_1_41' title="bbox 0 0 1938 5814; baseline 0 0"><span class='ocrx_word' id='word_1_264' title='bbox 0 0 1938 5814; x_wconf 95' lang='lat' dir='ltr'> </span> 
     </span>
    </p>
   </div>
  </div>
 </body>
</html>
