3838 5786
223 851 289 914 quo
313 830 434 912 judicio
466 831 610 914 ipsorum
641 830 818 912 juratorum
851 831 918 912 ipse
951 830 1102 892 dominus
1127 829 1288 892 lohannes
1314 851 1377 892 non
1411 850 1487 892 con-

225 951 334 1000 tentus
358 937 495 1000 eandem
521 955 649 1000 causam
673 936 850 1020 appellavit
872 935 912 999 ad
941 937 1084 1000 seniores
1107 937 1240 1018 judices.

334 1043 412 1106 ltem
437 1064 564 1106 causam
590 1044 673 1106 inter
705 1056 887 1106 consortem
914 1042 1047 1124 Georgii
1072 1043 1221 1125 plathnar
1244 1057 1274 1106 et
1299 1045 1382 1106 inter
1405 1046 1492 1128 Dyo-

225 1151 343 1214 nisium
369 1149 538 1234 Zernchyn
563 1151 692 1212 racione
717 1151 940 1212 devorationis
957 1151 1056 1232 ipsius
1080 1152 1238 1212 consortis
1255 1152 1355 1234 ipsius
1379 1152 1492 1236 Gywr-

224 1258 318 1318 konis
342 1257 490 1340 plathnar
514 1276 571 1340 per
595 1258 751 1339 quasdam
776 1257 856 1318 duas
880 1277 993 1340 porcas
1025 1257 1124 1340 ipsius
1149 1258 1296 1340 Dyonisii
1323 1259 1491 1342 Zernchyn

224 1362 317 1443 facte,
342 1383 405 1446 que
430 1364 491 1425 sibi
522 1363 683 1446 prohibite
718 1362 847 1426 fuerunt
877 1376 987 1425 tenere
1020 1364 1080 1425 nisi
1115 1364 1146 1425 in
1179 1363 1335 1438 custodia,
1362 1379 1393 1427 et
1416 1367 1492 1446 quia

223 1471 290 1552 ipse
317 1471 493 1554 Dyonisius
517 1470 686 1553 Zernchyn
721 1483 907 1554 preceptum
932 1469 1048 1552 judicis
1071 1483 1102 1532 et
1133 1469 1311 1551 juratorum
1336 1491 1400 1533 non
1426 1491 1491 1533 ser-

223 1577 320 1654 vavit,
346 1576 419 1638 ideo
451 1575 545 1658 jurati
569 1577 675 1638 taliter
706 1575 949 1658 adjudicarunt,
982 1576 1070 1658 quod
1105 1575 1172 1658 ipse
1206 1577 1381 1659 Dyonisius
1408 1579 1492 1659 ipsas

225 1682 304 1744 duas
328 1701 441 1764 porcas
465 1682 505 1744 ad
530 1697 738 1765 conspectum
763 1681 879 1764 judicis
902 1697 933 1746 et
957 1682 1132 1763 juratorum
1156 1697 1338 1765 presentare
1363 1684 1489 1763 debeat,

224 1789 304 1850 etsi
330 1789 535 1870 presentabit,
560 1803 636 1850 tunc
654 1789 795 1872 ipsarum
820 1790 882 1851 due
900 1804 1004 1872 partes
1028 1790 1107 1872 parti
1133 1790 1196 1851 lese
1214 1790 1353 1852 debeant
1377 1791 1490 1852 cedere

224 1909 255 1956 et
278 1896 376 1957 tercia
401 1915 473 1978 pars
497 1895 595 1976 judici
620 1909 651 1958 et
674 1895 796 1979 juratis,
829 1897 884 1958 ubi
908 1909 1015 1958 autem
1049 1916 1113 1958 non
1139 1898 1334 1978 presentabit
1358 1896 1488 1959 easdem

224 2002 304 2064 duas
320 2021 443 2084 porcas,
468 2017 582 2064 extunc
604 2003 675 2064 leso
699 2023 814 2086 penam
832 2002 1011 2066 satisfacere
1029 2004 1144 2066 debeat
1168 2005 1318 2066 videlicet
1341 2005 1486 2068 valorem

224 2108 362 2170 duarum
388 2109 531 2191 parcium
556 2122 588 2171 et
610 2109 741 2172 terciam
766 2110 864 2192 judici
889 2129 962 2172 cum
986 2110 1107 2192 juratis.

333 2215 411 2278 ltem
436 2235 563 2278 causam
582 2217 663 2278 inter
681 2215 834 2278 Mathiam
854 2215 1011 2278 famulum
1028 2218 1182 2280 Demetrii
1201 2217 1339 2296 sartoris,
1356 2219 1491 2280 senioris

224 2321 319 2403 jurati
345 2338 377 2384 et
399 2323 540 2384 concivis
565 2323 675 2401 nostri,
699 2335 730 2384 et
762 2323 844 2384 inter
869 2322 1060 2384 Michaelem
1093 2326 1307 2406 pukxmester,
1332 2325 1410 2386 alias
1434 2345 1490 2406 per

224 2447 284 2489 nos
297 2429 505 2510 apretiatum,
523 2430 650 2491 racione
665 2429 899 2490 verberationis
912 2441 943 2490 et
955 2429 1192 2491 vulnerationis
1210 2429 1353 2491 eiusdem
1368 2430 1490 2493 Mathia

224 2555 281 2616 per
307 2517 411 2618 ipsum
438 2535 629 2598 Michaelem
655 2541 747 2615 lacte,
780 2548 876 2619 prout
909 2535 969 2596 hoc
994 2537 1147 2598 oculatim
1180 2536 1330 2613 vidimus,
1363 2538 1490 2598 racione

224 2644 316 2704 cuius
340 2643 578 2704 verberationis
602 2657 632 2704 et
651 2642 889 2704 vulnerationis
921 2642 1019 2724 ipsius
1044 2641 1162 2704 Matbie
1195 2641 1288 2722 jurari
1313 2642 1418 2704 taliter
1442 2643 1490 2704 in-

223 2763 394 2826 venerunt,
419 2749 506 2830 quod
533 2769 629 2831 quarn
661 2749 766 2831 primo
792 2748 919 2810 medico
944 2748 1000 2809 lesi
1034 2747 1205 2810 satisfaciat
1229 2763 1259 2809 et
1284 2749 1343 2831 ipsi
1370 2749 1489 2811 Mathie

224 2855 399 2916 duodecim
424 2875 497 2916 curn
522 2855 628 2917 media
652 2875 767 2937 pensas
788 2868 818 2916 et
842 2854 1066 2918 communitati
1084 2855 1229 2936 quinque
1253 2874 1368 2936 pensas
1393 2855 1489 2917 dena·

223 2962 346 3024 riorum
372 2981 430 3043 pro
454 2962 595 3043 birsagio
619 2961 744 3023 solvere
768 2973 925 3024 teneatur.

370 3201 515 3274 Sabbato
544 3201 694 3291 proximo
727 3210 804 3292 post
832 3203 955 3274 festum
984 3203 1080 3274 beate
1109 3201 1206 3274 Elene
1235 3201 1355 3291 regine.

764 3357 827 3432 (25.
854 3356 949 3433 mair).

333 3497 410 3559 ltem
436 3517 563 3558 causam
590 3497 671 3559 inter
701 3497 892 3579 Dyonisium
920 3495 1099 3579 Sypchych,
1132 3495 1324 3558 modernum
1348 3494 1487 3575 juratum

228 3621 259 3668 et
283 3605 449 3667 concivem
475 3619 631 3684 nostrum,
667 3617 701 3665 ut
729 3617 868 3666 actorem
902 3605 941 3664 ab
966 3624 1040 3681 una,
1065 3617 1096 3664 et
1120 3603 1201 3664 inter
1233 3603 1401 3664 dominum
1436 3603 1487 3662 lo-

227 3711 367 3773 hannem
385 3711 595 3794 presbiterum
615 3709 715 3772 lilium
737 3710 899 3772 Valentini
918 3710 957 3770 de
975 3711 1160 3788 Wrbovvcz,
1178 3709 1324 3770 similiter
1341 3708 1490 3770 concives

224 3832 360 3897 nostros,
385 3819 513 3880 racione
537 3818 743 3879 arestacionis
777 3817 991 3899 quarumdam
1025 3837 1130 3878 rerum
1156 3829 1186 3878 et
1211 3816 1366 3878 mercium
1391 3815 1490 3896 ipsius

225 3925 371 4009 Dyonisii
398 3924 567 4008 Sypchych
585 3945 641 4007 per
665 3923 840 4006 quemdam
861 3923 1064 3985 Leonardum
1086 3923 1250 3984 hominem
1270 3922 1396 3983 comitis
1421 3920 1489 3982 Go-

223 4032 299 4094 ricie
323 4032 355 4093 in
374 4031 445 4094 loco
463 4031 645 4093 Razdertho
671 4045 784 4093 vocato
801 4043 1020 4108 arestatarum,
1038 4050 1093 4111 per
1110 4030 1230 4110 juratos
1247 4028 1329 4089 dicre
1355 4027 1490 4088 civitatis

224 4137 442 4222 adjudicatam
467 4151 497 4199 et
521 4158 577 4220 per
608 4136 766 4220 prelatum
800 4137 970 4199 dominum
1004 4136 1183 4198 lohannem
1213 4135 1424 4217 presbiterum
1449 4135 1488 4194 ab

224 4245 347 4307 eisdem
372 4243 481 4326 juratis
505 4243 545 4306 ad
570 4264 629 4306 nos
653 4244 795 4305 seniores
818 4243 939 4324 judices
963 4242 1169 4324 appellatam,
1194 4261 1253 4302 nos
1277 4240 1418 4301 seniores
1442 4238 1489 4318 ju·

224 4353 312 4413 dices
336 4349 418 4412 lacto
451 4351 482 4414 in
517 4351 672 4434 premisso
696 4351 801 4412 taliter
825 4349 1016 4427 invenimus,
1049 4347 1136 4430 quod
1170 4367 1266 4428 quam
1292 4346 1396 4427 primo
1422 4345 1489 4426 ipse

226 4459 401 4541 Dyonisius
426 4456 595 4540 Sypchych
620 4457 775 4518 solusmet
800 4456 895 4517 debet
923 4456 1025 4535 jurare
1050 4456 1082 4516 in
1108 4473 1159 4516 ara
1185 4465 1293 4514 sancte
1318 4451 1431 4514 Crucis
1457 4451 1488 4510 iu

224 4565 358 4627 ecclesia
384 4579 490 4627 nostra
513 4564 689 4648 parochiali
722 4563 807 4625 beati
833 4563 930 4625 Marci
956 4561 1161 4642 ewangeliste
1195 4560 1226 4620 in
1252 4559 1336 4620 dicta
1361 4557 1489 4618 civitate

224 4671 368 4751 lundata,
393 4673 425 4736 in
450 4692 500 4752 eo,
522 4686 678 4753 quantum
711 4683 858 4732 constant
888 4689 961 4731 eum
994 4669 1060 4751 ipse
1085 4687 1135 4728 res
1166 4679 1197 4728 et
1221 4685 1343 4727 merces
1367 4665 1407 4724 ab
1432 4663 1489 4724 illo

224 4779 297 4840 loco
324 4779 378 4840 ubi
403 4793 508 4861 empte
534 4777 663 4840 luerunt
695 4791 726 4837 et
750 4797 852 4858 usque
885 4777 924 4837 ad
958 4776 1091 4836 domum
1124 4793 1214 4834 suam
1241 4791 1314 4833 cum
1339 4771 1490 4832 omnibus

224 4885 383 4968 expensis,
407 4897 437 4946 et
460 4884 564 4966 jurare
588 4883 750 4946 tenebitur
774 4881 852 4945 feria
876 4881 974 4944 tercia
1005 4880 1149 4963 proxime
1175 4893 1326 4954 ventura;
1352 4891 1381 4938 et
1407 4876 1490 4957 ipsas

225 5011 274 5053 res
297 4989 437 5052 vendere
462 4989 577 5052 debeat
609 5010 708 5072 penes
739 4988 973 5051 conscienciam
1007 5006 1108 5064 suam,
1141 5005 1220 5066 quas
1245 4985 1325 5045 liber
1350 4982 1489 5044 vendere

224 5097 264 5160 ait
288 5098 328 5159 ab
353 5096 507 5160 hodierna
533 5097 596 5174 die,
622 5110 651 5158 et
675 5097 753 5158 dum
778 5096 845 5178 ipse
872 5094 1045 5178 Dyonisius
1073 5093 1190 5154 vendet
1214 5091 1342 5152 easdem
1369 5108 1490 5150 merces

1366 5192 1384 5232 a
