3694 5782
443 853 538 914 radus
575 854 723 932 Ravvsar,
759 853 873 934 judex,
905 854 1030 916 nullum
1066 855 1285 916 testimonium
1327 857 1454 918 racione
1495 857 1569 918 dicti
1604 857 1695 918 debiti

441 960 551 1022 decem
578 960 646 1022 lior.
672 961 740 1022 auri
765 980 872 1022 coram
898 962 992 1022 nobis
1023 961 1182 1024 adducere
1207 963 1322 1044 potuit,
1356 964 1429 1024 ideo
1454 963 1546 1044 jurati
1572 965 1694 1026 racione

442 1066 595 1147 premissa
621 1066 762 1147 ipsorum
789 1065 898 1128 decem
925 1066 993 1128 llor.
1019 1067 1123 1128 taliter
1152 1067 1387 1148 adjudicarunt,
1420 1069 1508 1150 quod
1534 1071 1609 1150 quia
1634 1089 1697 1151 pre-

441 1170 524 1234 latus
549 1171 719 1234 Conradus
743 1172 878 1251 judexa
911 1189 1054 1255 tempore
1087 1189 1160 1236 octo
1190 1195 1348 1236 annorum
1381 1176 1523 1258 citraque
1548 1177 1597 1237 vel
1622 1177 1697 1238 ultra

443 1297 656 1356 excessorum,
682 1280 766 1340 bona
785 1294 815 1340 et
840 1282 1057 1361 possessiones
1078 1282 1177 1349 ipsius
1201 1283 1337 1343 condam
1358 1281 1506 1362 Gregorii
1531 1297 1604 1364 post
1620 1303 1696 1344 mor·

441 1399 506 1446 tem
532 1385 641 1466 ipsius,
665 1383 752 1466 apud
776 1405 914 1466 quorum
940 1405 1053 1447 manus
1078 1385 1206 1448 luerunt
1235 1403 1266 1449 et
1290 1409 1345 1470 pet
1370 1408 1451 1470 quos
1475 1390 1604 1450 vendite
1637 1389 1697 1450 fue-

441 1505 515 1552 runt
548 1511 613 1552 non
646 1491 872 1573 prohibuisset,
904 1492 959 1553 sed
992 1493 1082 1554 litere
1115 1494 1198 1555 dicte
1232 1495 1367 1556 civitatis
1399 1495 1463 1556 illis
1494 1496 1549 1577 qui
1576 1495 1695 1557 easdem

441 1611 588 1660 emerunt
611 1598 709 1659 libere
743 1611 888 1659 emanata
925 1613 955 1659 et
987 1600 1147 1661 extradate
1180 1599 1320 1679 luerunt,
1352 1616 1522 1684 propterea
1555 1601 1696 1683 quitquid

442 1701 563 1784 prelata
589 1704 720 1766 domina
746 1704 919 1765 Katherina
938 1705 977 1766 de
1002 1707 1260 1786 possessionibus
1285 1721 1316 1768 et
1332 1707 1426 1768 bonis
1451 1708 1550 1789 ipsius
1566 1708 1695 1769 condam

442 1809 589 1890 Gregorii
613 1811 721 1891 generi
747 1811 795 1872 sui
821 1813 860 1871 ab
886 1811 949 1872 illis
973 1811 1059 1894 apud
1084 1832 1222 1893 quorum
1256 1833 1370 1874 manus
1394 1812 1523 1874 fuerunt
1548 1814 1696 1874 emisisset

441 1930 471 1977 et
496 1931 626 1998 propter
649 1937 705 1978 sua
730 1917 837 1978 debita
862 1918 1064 1996 obtinuisset,
1089 1919 1149 1980 hoc
1167 1919 1252 1980 licite
1278 1934 1309 1980 et
1332 1919 1440 1980 debite
1465 1920 1614 2002 optinuit,
1632 1939 1695 2002 pos·

441 2023 523 2085 sidet
547 2037 578 2085 et
600 2037 710 2086 tenere
742 2037 857 2105 potest,
882 2027 923 2086 ob
957 2025 1017 2086 hoc
1050 2027 1110 2106 ipsi
1143 2025 1236 2106 jurati
1262 2026 1321 2107 ipsi
1354 2025 1508 2088 Conrado
1533 2027 1694 2087 Ravvsara

441 2131 670 2212 prosecutione
695 2131 838 2212 ipsorum
871 2131 982 2192 decem
1012 2132 1081 2194 flor.
1114 2134 1153 2193 ab
1178 2133 1244 2214 ipsa
1278 2133 1410 2193 domina
1436 2133 1608 2194 Katherina
1633 2151 1693 2214 per·

441 2251 573 2318 petuum
599 2237 768 2298 silentium
794 2237 1027 2318 inposuissent;
1061 2239 1100 2300 de
1126 2259 1190 2320 quo
1216 2237 1335 2317 juditio
1360 2239 1503 2320 ipsorum
1527 2237 1693 2320 juratorum

440 2345 506 2426 ipse
540 2343 710 2406 Conradus
741 2344 835 2425 judex
868 2365 934 2406 non
966 2361 1135 2408 contentus
1167 2347 1302 2406 eandem
1337 2366 1465 2407 causam
1498 2347 1538 2406 ad
1561 2347 1694 2408 seniores

442 2451 526 2514 ditte
551 2451 688 2512 civitatis
711 2452 886 2533 appellavit
910 2452 1041 2534 judices.

546 2557 623 2618 ltem
649 2577 776 2618 causam
802 2558 884 2619 inter
909 2559 1111 2620 Anthonium
1129 2575 1282 2636 sutorem,
1307 2560 1466 2620 seniorem
1485 2559 1631 2640 juratum,
1646 2578 1692 2639 ge·

441 2683 552 2724 nerum
579 2663 716 2724 condam
741 2663 897 2725 Anthonii
923 2665 1076 2726 institoris
1100 2681 1131 2726 et
1155 2667 1236 2726 inter
1265 2665 1462 2747 Stephanum
1489 2680 1626 2727 sutorem
1651 2685 1691 2724 ra-

441 2770 533 2830 tione
558 2769 698 2830 violente
731 2771 929 2851 receptionis
960 2772 1125 2832 cuiusdam
1158 2771 1223 2832 htni
1257 2792 1312 2852 pet
1336 2771 1475 2832 eundem
1503 2772 1689 2853 Stephanum

439 2888 592 2949 sutorem,
617 2895 714 2956 quam
740 2877 961 2957 receptionem
980 2877 1080 2958 ipsius
1097 2876 1163 2938 fimi
1189 2878 1256 2958 ipse
1275 2877 1456 2958 Stephanus
1482 2897 1545 2938 non
1564 2877 1690 2958 negavit,

371 2983 374 2991 '
441 2981 514 3041 ideo
539 2981 631 3060 jurati
656 2981 795 3042 eundem
821 2983 1020 3063 Stephanum
1045 2997 1187 3044 sutorem
1205 2995 1314 3043 contra
1339 2983 1477 3043 eundem
1503 2983 1689 3044 Anthonium

442 3101 582 3146 sutorem
608 3088 736 3148 racione
760 3089 918 3150 violencie
944 3090 1042 3169 ipsius
1073 3089 1138 3150 fimi
1165 3089 1196 3149 in
1231 3090 1342 3150 decem
1368 3091 1482 3150 marcis
1507 3091 1537 3150 in
1563 3089 1689 3168 birsagio

442 3192 721 3274 condempnatum
745 3207 775 3255 et
800 3209 1001 3274 agravarunt.

545 3299 622 3360 ltem
649 3301 776 3360 racione
802 3302 1018 3381 quorumdam
1044 3322 1184 3362 asserum
1210 3321 1293 3383 quos
1318 3303 1384 3382 ipse
1411 3302 1589 3363 Anthonius
1611 3315 1690 3360 sutor

439 3425 495 3486 per
521 3405 659 3466 eundem
687 3406 884 3486 Stephanum
910 3408 970 3469 sibi
995 3408 1171 3489 suspiciose
1190 3423 1390 3490 receptorum
1416 3409 1621 3490 proponebat,
1638 3425 1689 3486 pro

439 3495 557 3590 quibus
580 3512 738 3573 asseribus
763 3513 867 3573 eidem
895 3513 1058 3594 Stephano
1093 3515 1192 3575 sutori
1219 3515 1311 3594 jurati
1346 3513 1424 3575 feria
1448 3529 1534 3575 sexta
1556 3513 1689 3596 proxime

440 3630 571 3678 ventura
597 3616 811 3696 iuramentum
829 3619 957 3680 solimet
982 3621 1012 3680 in
1034 3640 1086 3680 ara
1104 3634 1210 3681 sancte
1229 3619 1342 3682 Crucis
1360 3620 1591 3700 adjudicarunt,
1607 3618 1687 3699 quod

439 3723 505 3803 ipse
531 3723 562 3784 in
588 3725 774 3805 receptione
799 3725 941 3806 ipsorum
967 3747 1107 3788 asserum
1132 3727 1259 3809 penitus
1284 3727 1425 3788 inmunis
1451 3741 1541 3805 esset,
1557 3747 1610 3787 net
1627 3745 1688 3786 eos-

439 3829 512 3889 dem
539 3830 605 3911 ipse
630 3832 685 3891 sed
711 3851 768 3892 uec
793 3833 941 3893 homines
965 3833 1012 3894 sui
1039 3853 1102 3894 non
1137 3834 1340 3915 recepissent,
1366 3848 1505 3916 prestare
1529 3833 1686 3894 tenebitur.

440 3935 515 3994 ltcm
541 3936 685 3997 debitum
717 3938 845 3999 racione
879 3939 1081 4020 depastionis
1114 3941 1194 4000 milii
1227 3959 1283 4021 per
1316 3941 1420 4022 ipsum
1446 3940 1637 4022 Stephanum
1660 3951 1687 3998 et

439 4061 494 4100 sua
520 4043 672 4102 animalia
698 4041 789 4122 fatte,
806 4045 980 4106 terminum
998 4047 1175 4107 solutionis
1191 4047 1325 4107 tercium
1344 4048 1430 4108 diem
1448 4046 1688 4118 constituissent;

439 4146 567 4226 dequo
601 4147 720 4227 judicio
753 4151 894 4230 ipsorum
917 4151 1092 4233 juratorum
1126 4154 1192 4234 ipse
1219 4153 1399 4234 Stephanus
1431 4174 1495 4215 raon
1522 4166 1686 4224 contentus,

438 4251 573 4312 eandem
598 4273 725 4314 causam
751 4256 790 4315 ad
815 4257 956 4318 seniores
980 4259 1156 4340 appellavit
1181 4259 1314 4340 judices.

570 4487 665 4562 Faria
695 4501 792 4564 sexta
821 4494 973 4583 proxima
1003 4509 1079 4586 post
1108 4498 1229 4568 festum
1259 4500 1354 4569 beate
1383 4499 1568 4571 llatbetine.

940 4652 1004 4726 (27.
1028 4651 1210 4720 novembris).

546 4783 621 4844 ltem
649 4805 775 4847 causam
801 4787 882 4849 inter
907 4789 1107 4851 Demetrium
1133 4791 1245 4852 Palecz
1277 4792 1410 4870 dictum,
1441 4793 1479 4852 de
1504 4787 1635 4864 Rabocb,
1659 4798 1685 4844 et

439 4889 520 4948 inter
545 4890 697 4952 Mathiam
723 4907 876 4954 sartorem
906 4916 1060 4974 generum
1088 4897 1216 4959 Andree
1239 4899 1447 4981 Symvvnych,
1472 4897 1610 4960 concives
1633 4910 1684 4951 no-

439 5008 529 5068 stros,
555 4997 681 5055 racione
699 4999 864 5060 cuiusdam
883 5001 993 5078 debiti,
1019 5023 1084 5082 quo
1106 5004 1216 5065 debito
1234 5004 1394 5084 Georgius
1419 4997 1612 5083 lelovvcbytb
1630 4995 1682 5076 ipsi

442 5099 553 5161 Palecz
577 5104 790 5184 obligabatur,
809 5127 865 5188 pro
884 5111 1082 5190 quoquidem
1101 5112 1211 5173 debito
1234 5112 1326 5193 jurati
1345 5113 1429 5173 dicte
1447 5109 1576 5173 civitatis
1592 5123 1682 5186 quan·
