3852 5814
435 519 498 596 482
830 520 917 576 Anno
941 529 1031 595 1479.
1051 551 1091 560 —
1114 514 1146 576 8.
1162 519 1312 592 januarii.

436 731 532 813 judex
557 731 653 792 debet
676 732 779 810 jurare
804 747 966 811 supereo,
991 729 1079 809 quod
1108 743 1154 790 est
1178 729 1236 790 sibi
1255 747 1362 789 secum
1389 729 1585 810 composicio
1609 727 1701 808 quod

436 839 495 899 sibi
521 839 615 898 debet
638 837 817 899 conducere
842 835 887 897 sal
918 835 966 896 vel
988 855 1108 916 ponere
1135 835 1305 916 pecuniam
1331 834 1371 895 de
1396 830 1586 915 lrriczlrylll.

544 944 621 1004 Item
647 943 809 1004 Johannes
834 941 1033 1002 Soldinaricz
1066 961 1130 1002 non
1164 941 1343 1022 comparuit
1377 940 1480 1022 primo
1504 941 1544 1001 ad
1569 940 1700 1001 citacio·

437 1070 509 1111 nem
535 1051 644 1112 relicte
671 1051 783 1112 Kusse.

544 1158 619 1219 ltem
643 1177 769 1218 causam
796 1157 877 1217 inter
903 1155 1037 1216 Paulum
1065 1155 1255 1216 modernum
1289 1153 1427 1234 judicem
1461 1167 1491 1215 et
1516 1154 1702 1234 Philippum

438 1266 553 1346 Dudey
579 1265 706 1325 racione
725 1263 889 1324 cuiusdam
915 1261 1001 1321 bladi
1028 1281 1083 1343 per
1100 1260 1220 1341 juratos
1237 1261 1451 1340 adjudicatam
1478 1261 1561 1320 idem
1583 1260 1703 1320 Paulus

437 1371 532 1450 judex
558 1371 598 1431 de
623 1370 744 1450 judicio
762 1368 939 1446 juratorum
965 1387 1028 1428 non
1048 1382 1216 1429 contentus
1235 1367 1334 1448 ipsam
1352 1386 1479 1427 causam
1503 1366 1541 1426 ad
1560 1366 1704 1426 seniores

437 1477 558 1556 judices
582 1477 766 1558 appellavit.

582 1713 678 1785 Feria
708 1723 804 1784 sexta
833 1715 987 1802 proxima
1014 1721 1091 1801 post
1120 1711 1381 1801 Epiphaniarum
1409 1711 1548 1782 Domini.

843 1863 890 1944 (8.
907 1868 1058 1942 junuarii,
1081 1885 1150 1926 ann.
1177 1864 1285 1943 1479).

545 2009 621 2068 ltem
646 2026 773 2068 causam
800 2007 881 2068 inter
913 2006 1055 2066 relictam
1091 2005 1299 2066 Scrobothicz
1332 2011 1363 2066 el
1392 2005 1533 2066 Blasium
1558 2019 1702 2066 sutorem

438 2115 566 2175 racione
584 2112 799 2194 quorumdam
825 2113 944 2172 bovum
963 2111 1055 2192 iurati
1073 2110 1348 2190 adjudicaverunt,
1366 2111 1453 2192 quod
1473 2111 1558 2172 idem
1576 2111 1704 2172 Blasius

438 2221 533 2282 debet
557 2218 660 2299 jurare
684 2217 860 2278 solusmeth
886 2237 981 2298 super
1000 2237 1051 2296 e0,
1076 2219 1164 2298 quod
1190 2237 1285 2298 super
1304 2218 1452 2298 quitquid
1477 2233 1580 2298 potest
1597 2217 1703 2296 jurare

438 2327 487 2388 vel
514 2327 609 2386 debet
626 2325 713 2407 quod
739 2324 916 2404 dampnum
935 2343 1045 2405 passus
1069 2339 1115 2385 est
1134 2344 1190 2406 per
1208 2322 1410 2386 Clementem
1436 2338 1588 2401 sutorem,
1606 2324 1705 2384 habet

439 2431 591 2494 Clemens
615 2445 703 2491 sutor
726 2430 785 2490 sibi
803 2430 946 2505 solvere;
972 2430 1038 2510 ipsa
1065 2449 1139 2490 vero
1158 2430 1266 2491 relicta
1298 2429 1505 2491 Scrobothicz
1531 2443 1576 2490 est
1600 2430 1703 2491 libera

438 2541 477 2598 ab
503 2538 571 2618 ipso
597 2537 704 2597 Blasio
730 2550 845 2597 sutore,

545 2644 621 2704 ltem
646 2644 867 2705 testimonium
894 2642 1030 2704 Dionisii
1057 2643 1186 2704 sartoris
1217 2656 1326 2703 contra
1353 2642 1482 2703 Gallum
1509 2642 1702 2703 modernum

440 2750 594 2830 juratum:
629 2749 704 2808 item
734 2749 856 2829 primus
889 2749 975 2808 testis
1008 2749 1203 2809 Thomasiez
1237 2749 1380 2809 Andreas
1404 2747 1540 2808 condam
1576 2747 1701 2808 domini

441 2855 613 2930 lohannis;
639 2855 713 2914 item
729 2854 910 2935 Stephanus
931 2854 1160 2936 Horuoyeuicz
1184 2875 1219 2914 ac
1238 2854 1419 2914 Demetrius
1437 2853 1576 2930 Suiczki,
1594 2853 1701 2932 jurati,

439 2959 511 3022 fassi
538 2974 612 3021 sunt
649 2980 687 3021 eo
712 2961 821 3036 modu,
854 2959 942 3040 quod
968 2959 1047 3020 illud
1081 2960 1157 3039 quid
1191 2974 1300 3022 contra
1333 2959 1506 3040 quamdam
1531 2959 1702 3020 mulierem

439 3067 523 3128 idem
551 3066 664 3128 Gallus
687 3065 806 3146 juratus
831 3067 909 3126 dixit
940 3065 1027 3146 quod
1053 3081 1099 3126 est
1131 3086 1203 3126 vera
1238 3066 1336 3146 ipsius
1373 3064 1505 3126 luratrix
1531 3080 1561 3126 et
1585 3085 1703 3127 omnes

439 3172 635 3234 concordant
659 3192 691 3232 se
717 3172 748 3231 in
771 3172 968 3232 testimonio,

546 3278 622 3338 ltem
648 3277 866 3338 testimonium
894 3276 980 3338 Galli
1006 3277 1151 3338 moderni
1181 3278 1291 3358 jurati:
1318 3278 1475 3338 Martinus
1501 3278 1627 3358 Banycz
1653 3277 1702 3358 ju·

438 3399 524 3444 ratus
549 3383 648 3444 lassus
673 3397 719 3444 est
743 3403 781 3443 eo
808 3383 917 3460 mod0‚
942 3384 1029 3464 quod
1065 3385 1132 3465 ipse
1158 3383 1272 3446 Gallus
1296 3383 1417 3462 juratus
1441 3385 1602 3465 petivisset
1627 3405 1702 3445 eum

440 3505 473 3551 ut
497 3511 595 3572 penes
620 3509 692 3550 eum
718 3489 835 3570 juraret
862 3491 891 3550 in
918 3491 1050 3550 ecclesia
1076 3492 1174 3552 sancti
1195 3492 1291 3551 Marci
1317 3506 1446 3572 propter
1470 3492 1642 3572 quamdam
1671 3493 1702 3552 io

439 3598 537 3677 vulgo
562 3596 738 3678 plahtham,
763 3611 839 3656 tunc
865 3597 948 3656 idem
969 3597 1134 3658 Simonem
1161 3598 1340 3660 intraxisset
1360 3598 1399 3658 ad
1417 3599 1583 3659 ecclesiam
1601 3600 1701 3659 sancti

441 3704 538 3764 Marci
565 3723 636 3762 cum
664 3703 853 3783 Pongracio,
880 3702 1015 3762 Mathias
1033 3703 1208 3784 Simunych
1234 3702 1328 3782 judex
1343 3704 1421 3764 dixit
1447 3705 1506 3765 sibi
1532 3702 1629 3765 Gallo
1647 3705 1703 3780 ira,

439 3809 526 3892 quod
552 3823 585 3869 tu
604 3808 700 3868 habes
717 3808 820 3890 jurare
845 3828 939 3889 super
958 3809 1011 3868 illa
1033 3809 1141 3869 omnia
1161 3829 1223 3889 que
1242 3807 1340 3870 habes
1356 3810 1532 3891 dampnum
1551 3809 1582 3869 in
1601 3809 1702 3870 domo

437 3929 503 3992 tua,
529 3915 752 3994 interrogasset
785 3913 870 3973 idem
904 3915 1100 3994 Pongracius
1136 3915 1238 3994 ipsum
1274 3915 1426 3976 Mathiam
1462 3915 1650 3996 Simunych,
1676 3916 1701 3976 si

438 4043 496 4083 nos
521 4021 739 4100 conjuratores
763 4019 866 4100 jurare
892 4020 992 4082 lacere
1026 4021 1130 4098 vultis,
1163 4021 1381 4102 respondisset
1404 4022 1463 4082 sibi
1490 4021 1626 4082 Mathias
1652 4021 1702 4082 Si·

439 4127 590 4209 munych‚
615 4129 639 4187 si
659 4129 767 4188 essetis
784 4128 897 4208 viginti
922 4127 1047 4188 nullum
1067 4128 1189 4188 mittam
1216 4148 1253 4186 ex
1267 4128 1368 4204 vobis,
1394 4141 1424 4189 et
1442 4127 1553 4188 Simon
1572 4127 1703 4208 Banycz

438 4234 516 4296 dixit
540 4253 600 4313 ego
625 4234 701 4293 nolo
728 4233 829 4312 iurare
854 4235 929 4314 quia
955 4253 1011 4293 nec
1045 4232 1090 4293 fui
1116 4233 1146 4293 in
1173 4232 1292 4313 judicio
1326 4253 1384 4294 nec
1408 4234 1474 4294 scio
1499 4233 1600 4314 ipsam
1627 4253 1702 4294 cau·

437 4359 515 4416 sam,
540 4353 571 4400 et
594 4341 638 4400 sic
664 4340 858 4420 Pongracius
883 4341 963 4400 circa
990 4357 1142 4418 magnum
1173 4340 1272 4400 altare
1297 4341 1425 4400 recessit
1449 4353 1480 4400 et
1503 4340 1590 4401 unde
1615 4355 1702 4402 extra

438 4445 603 4506 ecclesiam
630 4445 727 4506 exivit
750 4459 781 4506 et
805 4445 952 4506 similiter
971 4446 1126 4506 Martinus
1145 4446 1275 4527 Banych
1293 4446 1331 4505 dc
1349 4447 1481 4507 ecclesia
1507 4447 1614 4524 exivit,
1634 4448 1702 4529 ipse

439 4570 513 4611 vero
539 4549 653 4611 Gallus
679 4550 798 4629 juratus
823 4551 955 4612 minime
985 4551 1200 4631 juramentum
1225 4571 1317 4612 suum
1344 4552 1510 4633 deposuit;
1536 4553 1703 4614 Dionisius

437 4676 513 4718 vero
538 4657 617 4716 alias
642 4657 761 4734 juratus
786 4678 883 4738 penes
916 4659 1012 4718 altare
1039 4659 1068 4718 in
1105 4677 1182 4739 pace
1214 4659 1301 4718 stetit
1332 4659 1530 4739 expectando
1555 4673 1589 4720 ut
1614 4660 1701 4720 idem

437 4762 552 4824 Gallus
577 4762 791 4842 juramentum
817 4784 909 4825 suum
944 4765 1131 4845 deponeret,
1156 4765 1211 4845 qui
1237 4765 1370 4826 minime
1394 4765 1552 4847 deposuit.

543 4869 620 4930 ltem
647 4890 775 4930 causam
801 4871 881 4932 inter
912 4870 1042 4931 Gallum
1076 4871 1268 4931 modernum
1301 4871 1439 4948 juratum
1461 4887 1492 4932 et
1518 4872 1699 4932 Dionisium

436 4989 588 5036 sartorem
614 4976 743 5038 racione
769 4977 933 5038 cuiusdam
965 4977 1183 5056 juramentalis
1216 4978 1431 5058 deposicionis
1453 4977 1547 5057 jurati
1573 4978 1700 5056 adjudi-
