3838 5786
436 490 500 552 434
830 477 916 535 Antio
942 491 1029 554 [7174.
1055 513 1097 522 —
1122 495 1167 540 rr.
1192 480 1306 541 martii.

859 688 975 748 Paulus
1001 688 1241 752 Fodricheuicz.

857 794 1025 876 Philippus
1049 795 1219 858 aurifaber.

857 901 1037 983 Stephanus
1063 903 1233 966 Breffaacz.

856 1008 958 1069 Lucas
983 1009 1149 1094 Ribarycz.

856 1113 1032 1194 Gregorius
1058 1117 1304 1201 Bekarychiche.

855 1221 992 1284 Jacobus
1018 1223 1238 1288 Petlrouichin.

852 1328 974 1409 Symon
1000 1330 1168 1392 eranicz.

855 1435 968 1497 Petrus
995 1437 1165 1500 eranicz.

855 1544 1012 1605 Martinus
1037 1543 1265 1607 Francheuica

854 1650 999 1712 Andreas
1028 1651 1182 1732 bursipar.

854 1756 992 1818 Jacobus
1015 1776 1136 1838 sporar.

854 1863 999 1947 Mathyas
1024 1861 1121 1925 faber.

854 1969 1030 2050 Gregorius
1055 1969 1225 2052 Maheyny.

540 2077 616 2138 ltem
641 2076 754 2158 prelati
774 2076 936 2138 lohannes
960 2075 1054 2156 judex
1080 2091 1110 2137 et
1135 2076 1227 2158 jurati
1256 2091 1287 2138 et
1318 2078 1491 2139 consiliarii
1521 2097 1594 2138 cum
1620 2097 1699 2138 con-

429 2202 523 2244 sensu
548 2199 578 2244 et
602 2184 826 2244 commissione
859 2184 1004 2243 unanimi
1038 2197 1068 2243 et
1100 2183 1251 2244 concordi
1283 2184 1469 2266 volunptate
1502 2198 1533 2244 et
1564 2183 1698 2244 decreto

428 2289 531 2349 tocius
555 2289 794 2350 communitatis
819 2289 928 2349 omnia
959 2289 1095 2366 decreta,
1120 2303 1235 2350 statuta
1260 2303 1324 2350 tarn
1350 2289 1380 2350 in
1407 2289 1545 2371 presenti
1570 2303 1636 2349 tam
1662 2289 1697 2349 in

428 2395 568 2476 antiquis
592 2395 749 2456 cathernis
776 2395 892 2457 nostris
914 2409 1061 2456 contenta
1087 2410 1117 2456 et
1141 2397 1329 2478 conscripta,
1353 2395 1460 2477 quoad
1481 2415 1595 2457 omnes
1618 2396 1695 2456 arti-

428 2500 518 2561 culos
543 2514 573 2562 et
606 2517 721 2582 puncta
747 2517 777 2563 et
802 2501 960 2562 clausulas
986 2501 1172 2563 eorumdem
1202 2515 1392 2564 statutorum
1424 2517 1454 2564 et
1486 2503 1691 2563 decretorum

427 2626 483 2687 per
507 2620 609 2668 totum
628 2628 747 2668 annum
766 2609 919 2690 presentis
941 2607 1099 2688 judicatus
1124 2609 1223 2690 ipsius
1248 2609 1402 2670 lobannis
1427 2609 1541 2689 judicis
1566 2622 1597 2670 et
1614 2628 1693 2669 con-

426 2729 597 2793 sequenter
620 2728 650 2774 et
674 2715 824 2796 deinceps
848 2714 915 2795 jure
948 2729 1103 2796 perpetuo
1128 2730 1158 2775 et
1187 2715 1436 2777 irrevocabiliter
1460 2714 1694 2776 confirmarunt

426 2838 551 2900 semper
575 2820 710 2881 valitura
735 2835 766 2881 et
789 2819 920 2882 firmiter
944 2822 1154 2882 observanda.

523 3005 619 3079 Feria
647 3016 743 3079 sexta
773 3008 924 3097 proxima
955 3016 1031 3080 ante
1052 3009 1174 3079 festum
1203 3007 1292 3078 beati
1321 3007 1471 3096 Gregorii
1502 3027 1594 3096 pape.

953 3145 1013 3220 (II.
1037 3145 1159 3220 martit).

532 3265 609 3328 ltem
635 3267 796 3328 Fabianus
821 3266 947 3328 Charen
974 3281 1082 3327 contra
1108 3265 1371 3326 Bartholomeum
1398 3265 1437 3326 de
1461 3264 1532 3324 vico
1559 3264 1689 3325 Latino·

425 3393 496 3434 rum
521 3373 559 3434 ad
587 3373 742 3453 judicium
767 3374 872 3454 primo
897 3387 942 3433 est
967 3373 1090 3434 citatus.

530 3478 608 3540 ltem
633 3499 726 3539 causa
752 3499 815 3559 que
841 3482 1029 3540 movebatur
1061 3479 1142 3538 inter
1166 3477 1374 3538 Valentinum
1400 3475 1519 3558 Sporar
1543 3489 1577 3536 ut
1601 3489 1689 3536 acto·

425 3605 502 3663 rem,
528 3586 567 3645 ab
593 3605 666 3664 una,
700 3600 730 3646 et
756 3586 953 3667 Stephanum
987 3585 1163 3644 institorem
1198 3583 1399 3665 Stephanycz
1423 3582 1555 3659 dictum,
1589 3595 1624 3642 ut
1656 3582 1688 3642 in

425 3710 550 3751 causam
573 3705 739 3752 attractum
755 3692 883 3752 racione
898 3691 1063 3752 cuiusdam
1077 3690 1227 3752 stationis
1241 3709 1296 3771 per
1307 3688 1466 3771 prelatum
1478 3689 1686 3750 Valentinum

425 3816 534 3876 sporar
558 3818 575 3858 a
600 3797 723 3880 prelato
742 3797 904 3878 Stephano
922 3798 1065 3858 institore
1090 3796 1287 3878 apreciatum
1305 3810 1335 3856 et
1351 3815 1407 3877 per
1425 3795 1529 3875 ipsum
1549 3792 1686 3875 Stepha-

425 3922 501 3963 num
517 3903 556 3963 de
570 3903 689 3985 prelata
704 3905 844 3964 stacione
855 3903 1128 3984 dampnificatum,
1142 3921 1196 3983 per
1210 3901 1330 3982 judices
1345 3914 1390 3962 est
1404 3900 1634 3979 adjudicatum,
1650 3916 1686 3961 ut

425 4009 528 4069 dictus
546 4011 734 4071 Valentinus
760 4011 877 4090 Sporar
895 4009 970 4070 feria
989 4025 1073 4069 sexta
1092 4009 1236 4090 proxima
1254 4021 1325 4089 post
1343 4007 1537 4067 dominicam
1564 4005 1681 4078 Quasi-

427 4117 525 4176 modo
550 4117 648 4197 geniti
678 4137 772 4197 super
796 4117 887 4178 dictis
918 4116 1066 4185 dampnis
1098 4115 1312 4196 juramentum
1349 4113 1510 4194 deponere
1542 4113 1685 4174 deberet.

529 4223 606 4284 ltem
631 4243 725 4283 causa
759 4243 821 4303 que
854 4224 1043 4284 movebatur
1076 4223 1157 4283 inter
1181 4221 1360 4282 Johannem
1386 4219 1541 4280 Perouicz
1576 4231 1610 4280 ut
1635 4239 1686 4280 ac-

421 4343 535 4408 torem,
559 4332 597 4390 ab
622 4351 696 4407 una,
722 4345 752 4390 et
778 4328 930 4391 Mathiam
957 4345 1098 4390 sutorem
1124 4343 1157 4388 ut
1183 4329 1211 4388 in
1239 4347 1365 4388 causam
1391 4340 1571 4403 attractum,
1588 4346 1686 4407 super

421 4434 600 4514 delusione,
625 4437 767 4496 trusione
789 4437 926 4496 condam
951 4435 1076 4516 Agathe
1094 4434 1209 4496 ancille
1235 4454 1269 4494 ac
1297 4433 1468 4494 servitricis
1492 4431 1605 4514 prelati
1632 4433 1684 4494 Jo-

420 4541 534 4601 hannis
559 4543 722 4620 Perouicz‚
749 4562 804 4622 per
828 4543 947 4623 juratos
972 4558 1018 4602 est
1038 4541 1229 4619 adjudicata,
1255 4553 1289 4601 ut
1313 4540 1416 4601 dictus
1441 4539 1576 4600 Mathias
1594 4556 1684 4600 sutor

422 4662 507 4709 sexta
533 4647 610 4708 feria
636 4663 707 4730 post
743 4650 939 4709 dominicam
966 4649 1066 4721 Quasi
1092 4649 1190 4708 modo
1216 4647 1315 4727 geniti
1340 4647 1554 4727 juramentum
1580 4647 1681 4708 solus-

420 4769 485 4816 met
509 4756 670 4836 deponere
696 4755 826 4815 deberet
851 4775 945 4835 super
969 4775 1018 4830 e0,
1044 4753 1131 4834 quod
1164 4753 1247 4814 dicte
1273 4753 1395 4834 Agathe
1421 4753 1536 4814 ancille
1562 4767 1592 4813 et
1617 4773 1680 4813 ser·

419 4861 520 4922 vitrici
547 4861 622 4921 dicti
649 4860 804 4920 lobannis
838 4861 991 4921 Perouicz
1024 4860 1145 4920 nullam
1171 4860 1409 4938 verecundiam,
1442 4859 1564 4920 nullam
1591 4859 1678 4919 delu-

417 4968 541 5030 sionem
566 4983 596 5029 et
621 4967 746 5029 nullum
771 4986 943 5049 gravamen
969 4965 1105 5028 lecisset.
