3694 5782
465 662 526 724 322
838 640 1040 720 Ann01467.
1065 675 1106 684 -
1129 644 1160 704 ό.
1185 643 1353 702 novembris.

1360 748 1569 753 ——.—..—
1628 744 1678 751 .---

466 857 595 932 buisset,
620 855 707 936 quod
728 855 793 936 ipsa
819 855 993 916 audivisset
1018 853 1104 935 quod
1124 855 1226 936 ipsum
1253 853 1477 914 molendinum
1502 853 1621 932 triginta
1634 851 1688 910 duo·

466 964 524 1023 bus
548 962 616 1024 flor.
642 962 710 1022 auri
735 961 976 1042 inpignoratum
996 959 1116 1038 luisset,
1138 976 1169 1020 et
1185 960 1272 1040 quod
1299 961 1329 1020 in
1348 973 1467 1020 sortem
1492 955 1689 1039 redempcionis

464 1069 652 1130 eorumdem
670 1067 850 1128 molendini
867 1081 898 1130 et
921 1081 1077 1129 terrarum
1100 1081 1132 1128 et
1151 1067 1244 1128 vinee
1261 1067 1341 1127 Pero
1359 1067 1492 1127 maritus
1516 1066 1610 1148 ipsius
1623 1069 1688 1124 Anne

464 1177 504 1238 ab
528 1175 643 1237 eodem
662 1174 796 1236 domino
822 1174 916 1236 Petro
934 1174 1161 1236 archidiacono
1178 1173 1318 1234 sedecim
1336 1173 1405 1236 flor.
1430 1174 1623 1255 percepisset,
1636 1188 1689 1231 ocu·

465 1283 553 1345 latim
578 1282 718 1361 vidisset,
758 1281 796 1342 de
821 1282 954 1362 reliquis
986 1301 1062 1342 vero
1087 1281 1226 1342 sedecim
1259 1280 1328 1342 flor.
1354 1281 1434 1358 auri,
1459 1299 1542 1361 quos
1566 1279 1691 1340 lohannes

465 1389 561 1452 frater
585 1388 728 1450 eiusdem
755 1388 892 1450 condam
918 1388 998 1448 Pero
1023 1387 1140 1450 habere
1168 1387 1340 1464 debuisset,
1365 1387 1390 1448 si
1416 1387 1521 1447 eidem
1547 1381 1692 1448 solutilue-

465 1509 539 1557 runt
563 1515 628 1556 non
653 1493 784 1555 vidisset
805 1513 863 1555 nec
896 1493 1087 1569 audivisset;
1120 1491 1260 1574 prefatus
1284 1513 1360 1554 vero
1393 1493 1546 1554 Nicolaus
1571 1487 1691 1552 molendi-

465 1617 557 1664 nator
580 1602 685 1663 taliter
710 1599 810 1662 lassus
832 1597 953 1678 fuisset,
979 1599 1066 1681 quod
1093 1600 1160 1682 ipse
1178 1599 1281 1680 ipsum
1308 1599 1533 1660 molendinum
1557 1595 1692 1659 abeodem

465 1707 602 1770 condam
629 1707 722 1768 Petro
748 1707 940 1768 Tewtonico
971 1707 1125 1767 tenuisset
1152 1719 1183 1766 et
1214 1705 1388 1767 audivisset
1412 1706 1609 1782 multociens,
1629 1699 1692 1782 quod
1798 1734 1800 1758 i

467 1815 572 1896 ipsum
597 1813 823 1874 molendinum
848 1826 878 1874 et
901 1827 983 1874 terre
1007 1813 1137 1893 triginta
1162 1812 1244 1872 duos
1267 1810 1336 1874 flor.
1361 1813 1428 1872 auri
1455 1823 1633 1873 constarent.

576 1937 655 1999 ltem
688 1957 816 1998 causam
849 1937 931 1998 inter
961 1936 1159 2018 Stephanum
1195 1935 1342 2018 plathnar
1373 1949 1404 1998 et
1435 1937 1556 1997 Lucam
1588 1947 1693 1996 sutorem

472 2045 599 2106 racione
624 2042 859 2106 interl'eccionis
883 2043 1019 2104 duarum
1044 2062 1195 2104 aucarum
1228 2043 1412 2124 peripsum
1439 2043 1559 2103 Lucam
1583 2036 1693 2102 interlec-

467 2165 582 2228 tarum,
607 2151 674 2232 ipse
708 2151 810 2211 Lucas
842 2151 996 2212 solusmet
1027 2150 1130 2230 jurare
1163 2150 1323 2210 tenebitur
1355 2148 1434 2210 feria
1466 2164 1552 2210 sexta
1585 2145 1693 2230 proxime

466 2271 610 2334 ventura,
634 2256 722 2338 quod
748 2258 815 2340 ipse
847 2257 879 2317 in
904 2277 963 2317 suo
995 2257 1137 2341 dampno
1169 2256 1299 2316 easdem
1326 2276 1421 2317 aucas
1455 2254 1653 2326 interfecisset,
1673 2259 1694 2306 et

466 2364 554 2445 quod
580 2364 647 2445 ipse
672 2363 800 2424 easdem
825 2382 920 2424 aucas
944 2381 1059 2444 prose
1091 2362 1226 2422 retinere
1251 2362 1366 2440 noluit,
1398 2362 1453 2422 sed
1480 2361 1602 2422 easdem
1623 2351 1694 2438 judici

468 2483 649 2551 presentare
675 2469 787 2546 voluit,
812 2468 845 2528 in
870 2488 923 2528 ara
946 2481 1052 2529 sancte
1070 2467 1183 2529 Crucis
1209 2468 1240 2528 in
1266 2467 1398 2528 ecclesia
1424 2481 1531 2529 nostra
1554 2457 1693 2549 parochiali

466 2589 573 2638 sancte
599 2577 697 2636 Marci
722 2575 928 2655 ewangeliste
954 2575 1117 2656 deponere
1141 2575 1320 2650 tenebitur;
1345 2587 1376 2636 et
1401 2575 1477 2635 dum
1503 2573 1621 2654 jurabit,
1641 2580 1695 2626 tunc

467 2683 534 2764 ipse
560 2681 742 2764 Stephanus
776 2682 807 2742 in
832 2701 890 2742 suo
924 2681 1066 2764 dampno
1098 2682 1309 2762 permanebit,
1342 2695 1374 2742 et
1404 2682 1430 2741 si
1464 2701 1540 2757 non,
1564 2673 1695 2752 cumipse

467 2789 595 2850 easdem
621 2808 715 2850 aucas
740 2787 845 2850 eidem
872 2787 1035 2869 Stephano
1059 2787 1183 2848 solvere
1208 2788 1377 2849 tenebitur.

548 3025 644 3098 Feria
673 3037 770 3098 sexta
800 3030 952 3116 proxima
991 3036 1067 3116 post
1099 3029 1222 3097 testum
1260 3024 1349 3096 beati
1378 3023 1520 3097 Emerici
1547 3019 1638 3102 ducis,

903 3150 1052 3240 proxime
1081 3150 1292 3240 preteritum.

977 3320 1020 3398 (ό,
1044 3321 1230 3394 novembris).

577 3483 654 3544 Item
680 3483 754 3564 quia
773 3482 934 3543 lohannes
952 3482 1108 3564 Hwalych
1127 3482 1240 3559 dictus,
1265 3494 1374 3542 contra
1397 3480 1534 3541 Paulum
1552 3462 1697 3557 Jagychych

471 3591 594 3666 citatus,
620 3589 652 3649 in
677 3589 797 3670 judicio
822 3609 888 3650 non
913 3589 1093 3669 comparuit
1117 3607 1224 3649 coram
1250 3588 1355 3650 nobis.

576 3713 654 3775 ltem
679 3713 754 3793 quia
781 3713 961 3794 Stephanus
989 3710 1127 3773 carnifex
1152 3713 1262 3794 Zayko
1286 3712 1400 3789 dictus,
1426 3726 1536 3774 contra
1559 3707 1697 3770 discretum

472 3821 577 3880 virum
602 3819 770 3880 dominum
796 3819 996 3880 Demetrium
1022 3819 1224 3900 capellanum
1257 3839 1293 3879 ac
1326 3830 1529 3878 executorem
1554 3793 1699 3876 testamenti

472 3926 609 3987 condam
636 3925 768 3986 Fabiani
795 3926 914 4006 magni,
940 3925 1142 4007 carpentarii,
1171 3925 1300 3987 racione
1325 3925 1524 4006 recepcionis
1547 3916 1663 3982 caulium
1678 3911 1700 3960 ⁸1
1807 3905 1808 3976 l

472 4033 607 4092 aliarum
633 4031 900 4092 seminaturarum
927 4032 958 4092 in
993 4031 1110 4112 (h)orto
1143 4032 1243 4113 ipsius
1276 4031 1437 4113 Zaylconis
1461 4051 1517 4112 per
1540 4029 1629 4110 ipsum
1656 4007 1699 4070 fl·
1807 4011 1808 4022 ¹

474 4138 606 4198 bianum
631 4138 860 4198 seminaturum
879 4151 909 4198 et
934 4137 973 4198 ad
992 4138 1096 4219 ipsum
1115 4137 1285 4198 dominum
1304 4136 1504 4198 Demetrium
1521 4129 1700 4196 dimissarum,

474 4244 578 4325 primo
604 4256 735 4303 vocatus
759 4257 789 4302 et
813 4243 1039 4324 proclamatus,
1072 4243 1263 4325 quiquidem
1288 4243 1397 4325 Zaylto
1426 4243 1524 4304 nostri
1549 4241 1576 4300 in
1598 4235 1699 4314 presen-

474 4349 555 4410 ciam
582 4368 647 4409 non
672 4350 759 4410 venit
783 4369 840 4410 nec
865 4350 990 4410 mittere
1016 4350 1147 4410 curavit.

581 4471 657 4533 Item
684 4473 758 4552 quia
776 4473 902 4553 providi
921 4474 978 4534 viri
1006 4474 1122 4535 Kelecz
1147 4491 1247 4552 sutor,
1264 4473 1447 4534 Anthonius
1467 4453 1700 4554 Segin,lawb⁰⁵t

477 4591 610 4654 sutores,
635 4592 665 4638 et
690 4578 825 4638 Mathias
857 4579 959 4640 lowaz
992 4579 1105 4652 dictus,
1131 4593 1316 4641 executores
1344 4579 1441 4640 Blasii
1468 4549 1700 4641 Chwdawchlclt

477 4683 597 4746 Mathie
622 4684 760 4745 Barbato
786 4698 900 4766 patruo
934 4687 1079 4747 eiusdem
1112 4687 1209 4747 Blasii
1236 4687 1275 4748 de
1308 4687 1460 4748 omnibus
1491 4683 1596 4746 debitis
1623 4660 1700 4748 lP⁵l¹¹⁵

476 4790 612 4851 condam
639 4790 735 4850 Blasii
768 4805 798 4851 et
829 4793 927 4873 patris
958 4793 1006 4852 sui
1038 4793 1262 4854 omnimodam
1294 4791 1437 4854 fecerunt
1472 4777 1700 4854 satisfacciottfflt

477 4895 616 4976 ideoque
641 4896 773 4956 eosdem
799 4897 939 4958 reddidit
963 4899 1083 4978 quittos
1108 4919 1216 4959 coram
1241 4899 1343 4960 nobis.

581 5000 657 5062 ltem
683 5002 757 5082 quia
781 5022 912 5063 consors
936 5003 1089 5084 Stephani
1118 5004 1265 5086 plathnar
1297 5018 1406 5066 contra
1433 5006 1550 5066 Lucam
1579 4999 1631 5058 ⁵³¹¹

477 5106 581 5187 primo
606 5108 698 5168 citata
725 5129 788 5168 non
815 5111 994 5192 comparuit
1018 5131 1126 5172 coram
1151 5111 1254 5174 nobis.
1557 5115 1559 5118 ’

1633 4983 1701 5042 orem
