3838 5786
647 563 732 616 Anno
755 559 850 636 1469.
874 593 918 602 -
941 573 992 636 24.
1009 561 1159 635 jarruarr'r'.
1464 576 1525 638 347

262 771 455 834 Michaelem
481 773 664 856 Jagychych
690 773 817 835 racione
842 773 1022 834 effossionis
1039 773 1155 835 domus
1176 775 1312 836 condam
1338 774 1526 853 Clementis,

262 893 358 961 prout
383 880 428 941 eis
453 894 520 942 erat
549 881 768 962 adjudicatum
801 879 1016 956 juramentum
1049 894 1080 942 et
1112 882 1285 943 noluerunt
1309 881 1425 963 jurare,
1449 901 1526 962 ergo

262 987 322 1068 ipsi
348 1007 461 1048 omnes
493 1003 555 1049 tres
587 988 724 1050 convicti
749 1001 823 1049 sunt
855 1001 965 1050 contra
998 989 1102 1070 ipsum
1135 987 1324 1049 Thomasko
1357 988 1387 1048 in
1414 988 1525 1050 decem

262 1094 390 1171 marcis,
414 1114 550 1175 quarum
584 1096 647 1156 due
679 1109 785 1176 partes
815 1095 873 1177 ipsi
908 1095 1095 1156 Thomasko
1121 1109 1152 1157 et
1182 1095 1278 1156 tercia
1304 1115 1375 1177 pars
1399 1093 1526 1175 juratis;

263 1199 303 1261 de
328 1219 393 1282 quo
417 1201 538 1280 judicio
563 1201 630 1284 ipse
663 1201 801 1263 Michael
832 1221 891 1262 suo
916 1215 946 1262 et
977 1201 1114 1262 aliorum
1147 1221 1284 1283 quorum
1318 1201 1435 1284 (supra,
1460 1221 1524 1263 non

263 1307 457 1388 contentus),
481 1309 617 1369 eandem
643 1328 769 1370 causam
794 1308 969 1390 appellavit
993 1307 1032 1368 ad
1057 1308 1200 1370 seniores
1223 1308 1355 1388 judices.

367 1413 446 1475 Item
480 1435 607 1476 causam
641 1415 722 1476 inter
747 1414 941 1476 Damianum
975 1415 1148 1476 Mezanozc
1181 1430 1210 1475 et
1239 1415 1320 1476 inter
1344 1427 1526 1476 consortem

263 1519 452 1582 Thomasko
476 1522 604 1583 racione
623 1521 819 1603 perdicionis
836 1521 1001 1583 cuiusdam
1020 1522 1150 1584 camisie
1167 1542 1239 1584 curn
1264 1542 1327 1604 qua
1350 1523 1527 1604 suspicatur

260 1648 356 1709 super
381 1649 512 1690 uxorem
538 1649 629 1690 suam
654 1629 806 1690 videlicet
831 1629 1031 1708 Thomasko,
1055 1628 1146 1710 jurati
1176 1629 1412 1710 adjudicarunt,
1437 1631 1525 1712 quod

262 1734 329 1815 ipsa
356 1755 435 1796 uxor
459 1735 649 1798 Thomasko
673 1733 751 1797 feria
769 1750 854 1798 sexta
880 1735 919 1796 ad
938 1756 1054 1796 manus
1071 1737 1166 1798 unius
1187 1737 1279 1818 jurati
1304 1737 1419 1818 (jurare
1439 1752 1525 1798 tene·

263 1841 360 1920 bitur)
392 1843 480 1923 quod
514 1843 579 1924 ipsa
605 1843 636 1903 in
669 1842 896 1924 deperdicione
934 1843 1033 1924 ipsius
1065 1843 1194 1904 camisie
1231 1844 1384 1904 innocens
1416 1857 1472 1921 est,
1496 1857 1527 1904 et

262 1947 350 2027 quod
376 1966 433 2008 nec
458 1946 557 2008 filiam
583 1948 682 2029 ipsius
707 1947 746 2009 de
771 1948 870 2010 domo
895 1968 959 2010 non
985 1949 1156 2010 destinavit
1180 1949 1219 2010 ad
1245 1950 1377 2010 servicia
1402 1971 1468 2011 sua.

369 2054 446 2115 item
472 2075 599 2116 causam
626 2056 709 2116 inter
726 2056 861 2116 Paulum
879 2053 1076 2118 aurifabrum
1100 2070 1130 2118 et
1148 2057 1229 2118 inter
1248 2058 1366 2118 Lucam
1384 2071 1525 2119 sutorem

263 2173 293 2222 et
318 2161 399 2222 alios
423 2162 507 2223 cives
532 2162 615 2224 dicte
640 2163 777 2224 civitatis
802 2163 929 2224 racione
955 2163 1121 2224 cuiusdam
1146 2163 1252 2224 fertilis
1277 2165 1437 2246 Zayironis
1460 2185 1527 2225 car-

263 2267 366 2328 nificis
389 2269 419 2328 in
455 2269 614 2330 territorio
648 2268 731 2330 dicte
763 2269 898 2330 civitatis
930 2268 1051 2348 habito,
1075 2270 1162 2351 quod
1196 2269 1292 2332 senile
1318 2271 1384 2352 ipse
1409 2270 1526 2331 Paulus

263 2373 423 2436 aurifaber
455 2395 513 2456 pro
545 2396 577 2436 se
611 2389 642 2438 et
665 2377 730 2437 suis
761 2376 885 2437 colonis
917 2389 1121 2454 convenerat,
1146 2391 1176 2437 et
1213 2377 1278 2458 ipse
1304 2377 1405 2438 Lucas
1437 2391 1526 2438 sutor

262 2479 427 2562 prohibuit
452 2482 484 2543 in
508 2501 645 2564 persona
663 2482 902 2544 communitatis
924 2483 1011 2562 quod
1030 2483 1150 2544 velient
1174 2483 1290 2545 habere
1308 2503 1366 2566 pro
1389 2505 1422 2544 se
1439 2503 1526 2544 com·

263 2587 403 2648 munitas
427 2607 485 2670 pro
510 2602 595 2650 tanta
621 2589 777 2670 peccunia
809 2609 867 2671 pro
892 2603 1010 2670 quanta
1043 2603 1199 2651 conventa
1224 2589 1284 2651 iuit
1308 2609 1364 2671 per
1389 2590 1524 2651 Paulum

262 2692 471 2774 aurifabrum,
493 2695 587 2777 jurati
605 2695 839 2776 adjudicarunt,
864 2695 951 2776 quod
969 2697 1184 2758 communitas
1202 2697 1303 2776 magis
1327 2696 1526 2757 voluntarior

262 2800 450 2864 esthabere
476 2803 579 2883 ipsurn
604 2799 701 2864 fenile
734 2822 792 2883 pro
816 2815 903 2864 tanta
935 2803 1088 2884 peccunia
1122 2822 1180 2885 pro
1213 2815 1331 2884 quanta
1365 2801 1423 2863 fuit
1448 2822 1523 2863 eon-

261 2921 355 2969 venta
381 2910 420 2969 ab
445 2909 515 2990 ipso
539 2910 703 2991 Zaykone,
739 2910 814 2990 quia
845 2909 945 2970 multa
978 2909 1117 2990 dampna
1149 2929 1240 2991 passa
1265 2909 1324 2970 fuit
1349 2923 1379 2970 et
1404 2909 1523 2991 patitur

262 3016 476 3078 communitas
500 3015 627 3077 racione
663 3016 761 3098 ipsius
792 3014 916 3092 fenilis3
941 3015 980 3076 de
1013 3035 1079 3097 quo
1111 3015 1231 3096 judicio
1255 3015 1432 3096 juratorum
1458 3016 1524 3096 ipse

262 3122 382 3183 Paulus
399 3142 463 3184 non
482 3135 651 3184 contentus
672 3122 807 3183 eandem
826 3142 953 3183 causam
971 3121 1145 3204 appellavit
1170 3123 1208 3184 ad
1227 3122 1369 3184 seniores
1393 3122 1524 3202 judices.

368 3246 444 3307 item
463 3267 557 3307 causa
584 3246 664 3309 inter
682 3246 811 3329 Eudrey
829 3259 983 3308 sartorem
1009 3259 1039 3308 et
1056 3247 1137 3308 inter
1155 3247 1297 3308 Blasium
1324 3246 1523 3328 Wythesych

261 3351 386 3412 racione
412 3353 647 3413 verberationis
665 3353 763 3433 ipsius
787 3353 916 3414 Andree
941 3366 986 3414 est
1010 3365 1179 3435 prorogata
1205 3352 1362 3434 usquead
1381 3353 1520 3435 primurn

260 3456 415 3537 judicium
440 3459 499 3518 sub
525 3457 627 3519 forma
652 3457 756 3519 fiende
781 3459 878 3540 pacis.
