3694 5782
720 585 805 641 Auno
830 579 923 659 1466.
949 616 990 624 ·-
1015 578 1067 643 28.
1082 580 1248 658 februarii.

779 793 857 853 Item
883 792 1066 854 Demetrius
1089 792 1128 852 de
1154 792 1294 853 Rabocz.

779 899 857 961 Item
883 899 998 960 Valent
1023 898 1062 959 de
1088 899 1267 980 Zawersya.

781 1006 858 1066 Item
885 1005 1003 1065 Paulus
1026 1017 1137 1066 sartor.

782 1111 860 1172 Item
887 1110 1028 1192 Stephan
1056 1125 1155 1172 sutor.

783 1217 860 1278 Item
886 1217 1009 1299 Symon
1034 1229 1133 1279 sutor.

782 1324 860 1384 Item
885 1323 959 1384 Blas
983 1321 1172 1402 lutifigulus.

782 1429 859 1489 Item
884 1428 1068 1489 Anthonius
1093 1428 1283 1510 lutifigulus.

778 1535 856 1596 Item
882 1533 1034 1596 Clemens
1060 1534 1200 1595 Kechka.

784 1641 860 1702 Item
887 1640 1054 1721 Philippus
1079 1638 1228 1722 frenipar.

782 1747 859 1808 Item
885 1747 970 1808 Iwan
994 1759 1093 1808 sutor.

782 1855 859 1916 Item
885 1854 1046 1916 Iohannes
1070 1870 1159 1916 sutor
1184 1854 1384 1938 Kathanycb.

778 1961 855 2023 Item
882 1960 1025 2043 Gywrko
1049 1975 1147 2024 sutor.

781 2067 859 2129 Item
885 2068 1027 2130 Briccius
1056 2069 1156 2130 faber.

781 2173 859 2235 Item
884 2175 1010 2235 Marcus
1033 2187 1122 2234 sutor
1147 2173 1379 2256 Scrobathych.

783 2279 861 2340 Item
885 2279 1001 2342 Valent
1024 2300 1122 2360 gener
1147 2281 1310 2362 Koczyan.

784 2385 862 2447 Item
887 2386 999 2448 Petrus
1022 2406 1142 2468 sporar.

467 2581 544 2642 Item
570 2578 683 2661 prefati
707 2578 852 2641 Thomas
877 2578 972 2660 judex
1004 2593 1035 2642 et
1062 2579 1154 2660 jurati
1179 2600 1215 2642 ac
1240 2580 1414 2642 consiliarii
1449 2598 1521 2642 cum
1548 2599 1628 2640 con·

360 2707 454 2749 sensu
480 2701 511 2749 ct
535 2687 761 2748 commissione
787 2701 818 2749 et
848 2687 993 2748 unanimi
1019 2701 1050 2748 et
1074 2687 1225 2748 concordi
1251 2687 1416 2749 voluntate
1440 2700 1473 2747 et
1497 2685 1628 2747 decreto

360 2793 463 2854 tocius
487 2793 728 2855 communitatis
752 2793 860 2854 omnia
878 2793 1004 2854 decreta
1029 2807 1059 2855 et
1083 2807 1198 2855 statuta
1222 2807 1288 2856 tam
1314 2795 1345 2855 in
1370 2793 1508 2874 presenti
1527 2813 1625 2874 quam

360 2901 392 2960 in
418 2900 558 2980 antiquis
583 2899 744 2961 kathernis
767 2900 883 2962 nostris
907 2913 1055 2961 contenta
1085 2915 1114 2961 et
1144 2901 1270 2982 scripta,
1296 2900 1406 2981 quoad
1424 2919 1537 2960 omnes
1553 2900 1628 2960 arti·

361 3005 451 3066 culos
476 3019 506 3066 et
530 3019 647 3086 puncta
672 3025 708 3066 ac
740 3006 899 3068 clausulas
931 3007 1119 3067 eorumdem
1156 3019 1347 3068 statutorum
1372 3019 1403 3067 et
1426 3005 1629 3066 decretorum

361 3131 417 3192 per
433 3124 537 3172 totum
554 3131 675 3171 annum
700 3112 855 3192 presentis
871 3111 1029 3192 judicatus
1054 3112 1152 3194 ipsius
1177 3111 1307 3173 Thome
1331 3111 1446 3194 judicis
1462 3124 1493 3172 et
1515 3129 1629 3172 conse·

359 3229 494 3298 quenter
517 3229 547 3277 et
571 3217 722 3298 deioceps
745 3217 811 3298 jure
837 3232 992 3299 perpetuo
1013 3231 1044 3279 et
1068 3218 1318 3280 irrevocabiliter
1350 3216 1623 3279 confirmaverunt

361 3342 487 3404 semper
511 3323 645 3383 valitura
671 3337 701 3383 et
725 3322 857 3384 firmiter
884 3322 1096 3386 observanda.

467 3446 545 3507 Item
577 3465 670 3507 causa
703 3447 821 3508 nobilis
857 3447 988 3509 domine
1023 3447 1148 3529 Agathe
1181 3461 1310 3527 vocate,
1343 3447 1451 3509 relicte
1487 3446 1627 3508 condam

363 3551 492 3634 Mathye
511 3552 737 3634 Kwnoberych
762 3553 801 3614 de
819 3553 1026 3632 Adamowcz,
1044 3568 1078 3615 ut
1094 3554 1230 3633 actricis,
1254 3554 1382 3615 racione
1407 3552 1627 3635 quorumdam

364 3659 501 3720 duorum
527 3677 683 3740 equorum
709 3679 765 3741 per
790 3660 927 3722 eundem
954 3660 1091 3722 condam
1115 3659 1271 3722 Mathiam
1296 3659 1523 3742 Kwnoberych
1548 3659 1627 3720 olim

367 3766 502 3826 Nicolao
526 3764 688 3827 aurifabro
705 3765 804 3848 judici
829 3780 860 3828 et
881 3767 942 3828 civi
961 3767 1044 3828 dicte
1061 3767 1207 3846 civitatis,
1232 3768 1315 3829 circa
1333 3767 1516 3828 Heremitas
1532 3766 1629 3828 tradi-

363 3884 469 3932 torum
493 3873 552 3932 sub
577 3871 780 3951 condIcIone,
805 3893 862 3955 per
885 3887 980 3936 testes
1005 3894 1112 3936 coram
1130 3874 1296 3936 Anthonio
1321 3875 1446 3956 pridem
1470 3874 1576 3955 judice
1593 3893 1630 3934 ac

361 3977 472 4059 juratis
496 3978 619 4040 civibus
651 3979 734 4042 dicte
767 3981 903 4042 civitatis
935 3981 1166 4064 productorum
1196 3997 1227 4044 et
1260 3982 1516 4044 examinatorum
1541 3995 1572 4042 et
1596 3981 1628 4040 In

362 4084 496 4164 registro
521 4085 786 4166 conscriptorum,
811 4099 842 4148 et
859 4087 935 4168 quia
960 4087 1073 4150 eadem
1091 4087 1224 4149 domina
1241 4087 1349 4150 relicta
1374 4088 1474 4170 ipaIus
1490 4087 1629 4149 condam

364 4189 483 4250 Mathie
509 4191 725 4252 Kwnoberich
757 4212 791 4254 se
815 4205 910 4254 testes
943 4193 1058 4256 habere
1091 4194 1251 4276 allegabat
1283 4214 1392 4256 coram
1417 4194 1536 4275 quibus
1560 4195 1628 4276 ipse

362 4297 515 4358 Nicolaus
539 4297 699 4360 aurifaber
732 4299 862 4361 eosdem
889 4320 990 4382 equos
1023 4301 1129 4363 eidem
1153 4301 1262 4364 relicte
1295 4302 1394 4384 ipsius
1418 4301 1539 4363 Mathie
1564 4301 1630 4362 sol·

362 4422 435 4464 vere
468 4404 668 4484 promiserat,
702 4419 733 4467 et
765 4407 853 4487 quod
887 4407 953 4489 ipse
986 4406 1139 4470 Nicolaus
1171 4407 1332 4470 aurifaber
1364 4408 1495 4470 eosdem
1528 4427 1631 4489 equos

361 4507 466 4570 eidem
492 4528 557 4570 non
582 4509 688 4590 solvit,
713 4512 844 4574 eosdem
881 4527 974 4576 testes
1006 4534 1114 4576 coram
1139 4515 1233 4576 nobis
1264 4514 1464 4596 producendi
1489 4515 1629 4596 primam

363 4613 475 4676 feriam
493 4629 613 4677 sextam
638 4631 710 4700 post
726 4632 873 4680 octavam
890 4619 1008 4681 Pasche
1026 4621 1150 4682 domini
1167 4621 1344 4683 termInum
1362 4620 1512 4682 duxImus
1535 4619 1631 4702 prefi-

362 4721 517 4803 gendum.
542 4758 585 4768 —
614 4723 690 4785 Item
715 4726 849 4807 provide
867 4726 999 4788 domine
1024 4725 1226 4808 Margaretha
1251 4740 1373 4806 vocate,
1395 4726 1506 4788 reIIcte
1530 4726 1632 4809 ipsius

363 4828 501 4891 condam
527 4831 651 4892 Nicolai
677 4831 830 4894 aurifabri
855 4833 895 4894 ad
929 4833 1070 4895 eundem
1103 4835 1276 4896 terminum
1301 4833 1386 4895 filios
1409 4853 1484 4894 suos
1508 4853 1631 4896 convo-

363 4957 445 5016 care,
471 4936 683 5018 quia-eadem
709 4958 767 5020 pro
785 4939 906 5001 eisdem
923 4938 996 5001 filiis
1017 4940 1084 5002 suis
1109 4940 1214 5002 eidem
1237 4939 1348 5002 relicte
1373 4940 1472 5022 ipsius
1489 4940 1630 5002 condam

363 5043 484 5108 Mathie
509 5046 702 5130 respondere
728 5066 835 5109 coram
860 5048 954 5110 nobis
986 5047 1181 5131 nolui1,qui
1213 5049 1314 5112 eciam
1339 5049 1426 5134 ipsos
1447 5061 1544 5112 testes
1569 5064 1632 5112 ter·
