3694 5782
446 777 493 838 cia
520 778 611 839 cuius
635 791 719 854 erat;
744 776 934 860 quiquidem
961 775 1059 837 homo
1084 776 1140 857 qui
1169 775 1304 836 eandem
1330 775 1497 856 equaciam
1521 772 1696 835 vendiderat

444 883 504 946 luit
528 905 579 945 sex
605 885 729 946 vicibus
754 899 885 946 vocatus
909 903 965 965 per
997 903 1152 965 precones
1176 902 1234 964 pro
1258 881 1440 943 rehabenda
1472 881 1622 964 peccunia
1644 899 1695 961 pro

445 992 561 1073 quibus
585 993 714 1053 vendita
739 991 799 1052 luit
824 991 891 1072 ipsa
917 991 1060 1071 equacia,
1085 991 1140 1070 qui
1166 989 1257 1050 nullo
1284 989 1426 1070 ipsorum
1452 988 1589 1050 termino
1612 1007 1696 1048 voca·

445 1099 547 1160 cionis
571 1119 635 1160 non
662 1099 749 1160 venit
773 1118 878 1180 neque
912 1098 1008 1175 misit,
1036 1097 1093 1158 sed
1125 1109 1220 1178 prout
1244 1109 1406 1158 narratum
1438 1109 1485 1157 est
1516 1095 1634 1156 reddita
1657 1107 1697 1157 est

445 1205 512 1287 ipsa
538 1207 670 1287 equacia
696 1205 783 1267 illius
807 1206 897 1266 cuius
920 1218 976 1266 est.

551 1312 628 1373 Item
654 1313 729 1392 quia
755 1312 908 1373 Nicolaus
933 1310 1104 1388 Galouich,
1130 1310 1318 1372 Franciscus
1342 1310 1569 1391 carpentarius,
1594 1309 1696 1368 Deme·

445 1419 524 1480 trius
556 1419 700 1481 literatus
724 1433 755 1481 et
787 1419 905 1480 Paulus
934 1418 1079 1498 Hazwglr
1113 1418 1226 1495 dictus,
1260 1419 1344 1478 cives
1375 1417 1458 1477 dicte
1484 1415 1627 1492 civitatis,
1649 1414 1697 1494 qui

449 1525 543 1586 Janse
568 1540 598 1587 et
623 1526 749 1608 Myklas
783 1526 885 1586 noctis
918 1525 948 1585 in
975 1524 1110 1585 silencio
1142 1537 1286 1605 tempore
1319 1523 1536 1583 nundinarum
1562 1541 1615 1582 seu
1646 1519 1698 1580 lori

447 1632 594 1694 annualis
619 1633 649 1692 in
675 1632 816 1713 quodam
842 1632 970 1692 stabulo
1007 1631 1247 1712 Soldynarycze
1279 1630 1361 1691 circa
1384 1630 1574 1690 vestimenta
1598 1647 1698 1690 eorum

446 1741 486 1801 ab
512 1739 632 1800 eisdem
658 1740 868 1820 recepissent;
901 1739 956 1819 qui
982 1752 1112 1821 propter
1137 1737 1322 1798 huiusmodi
1356 1755 1468 1798 eorum
1494 1736 1613 1818 nephas
1635 1747 1698 1794 sunt

446 1846 529 1928 capti
554 1861 585 1906 et
610 1845 806 1924 incarcerati,
839 1865 976 1926 quorum
1011 1859 1153 1926 pretextu
1183 1844 1334 1905 videlicet
1366 1843 1543 1904 ablationis
1567 1843 1697 1924 ipsorum

446 1951 710 2012 vestimentorum
728 1952 878 2012 videlicet
904 1953 1031 2033 Mycula
1050 1950 1194 2032 Galoycz
1222 1965 1252 2012 et
1280 1949 1468 2010 Franciscus
1493 1969 1564 2009 cum
1590 1947 1698 2009 eisdem

446 2057 703 2136 concordassent,
728 2072 758 2118 et
781 2059 934 2140 premissa
967 2059 1156 2119 vestimenta
1182 2071 1214 2118 et
1245 2057 1415 2138 peccunias
1441 2055 1563 2117 eisdem
1587 2056 1698 2116 solvere

450 2165 707 2245 assumpsissent,
740 2166 857 2244 quibus
881 2159 1038 2247 capitibus
1068 2163 1149 2225 fecta
1174 2178 1220 2224 est
1252 2162 1480 2241 misericordia,
1504 2163 1558 2222 sed
1583 2176 1699 2243 propter

446 2271 661 2332 violacionem
680 2268 739 2331 fori
757 2270 904 2331 annualis
921 2291 976 2330 seu
994 2269 1103 2352 frange
1121 2271 1241 2332 debent
1257 2271 1394 2351 quilibet
1410 2271 1535 2331 solvere
1553 2269 1698 2350 quinqua·

446 2378 532 2459 ginta
557 2396 689 2454 marcas,
714 2377 792 2438 alias
818 2378 871 2438 ubi
897 2377 1022 2439 solvere
1055 2397 1119 2438 non
1145 2391 1306 2458 poterunt,
1331 2389 1447 2438 extunc
1472 2396 1587 2458 penam
1611 2393 1697 2457 quam

446 2486 677 2546 demeruerunt
701 2485 785 2566 juxta
812 2499 927 2546 statuta
952 2485 1036 2546 dicte
1060 2485 1197 2546 civitatis
1222 2485 1329 2546 subire
1353 2486 1559 2547 tenebuntur.

528 2701 623 2775 Feria
651 2703 758 2775 tercia
787 2705 940 2793 proxima
974 2714 1050 2792 post
1078 2704 1200 2775 testum
1229 2703 1319 2775 beati
1349 2702 1436 2792 regis
1464 2703 1630 2791 Stephani,

909 2848 995 2899 anno
1024 2837 1085 2899 etc.
1116 2827 1252 2900 LXVlll.

963 2980 1029 3060 (23-
1054 2981 1196 3060 inituro).

554 3124 629 3185 ltem
655 3143 783 3184 causam
815 3123 897 3184 inter
923 3123 1011 3182 Hans
1044 3121 1145 3183 filium
1163 3123 1244 3183 Pero
1270 3121 1428 3203 Gybbosi,
1459 3121 1538 3181 olim
1561 3118 1648 3200 jurati
1671 3129 1697 3176 et

447 3233 524 3293 civis
548 3231 631 3293 dicte
656 3231 804 3308 civitatis,
829 3245 863 3290 ut
887 3243 1039 3307 actorem,
1065 3231 1104 3289 ab
1142 3249 1215 3305 una,
1240 3243 1271 3289 et
1296 3229 1377 3290 inter
1401 3229 1566 3289 dominam
1592 3223 1696 3286 Kathe-

448 3339 550 3399 rinam
575 3337 711 3399 condam
737 3335 893 3396 Anthonii
927 3335 1010 3396 Roth
1037 3336 1114 3396 olim
1148 3335 1262 3414 judicis
1294 3349 1325 3396 et
1349 3335 1426 3395 civis
1458 3334 1542 3395 dicte
1566 3330 1697 3405 civitatis,

448 3459 482 3505 ut
508 3447 539 3504 in
565 3463 692 3504 causam
718 3457 894 3520 attractam,
919 3443 1046 3503 racione
1064 3443 1235 3502 domorum
1259 3455 1290 3502 et
1313 3442 1447 3502 aliarum
1472 3441 1696 3523 possessionum

449 3553 548 3634 ipsius
572 3551 710 3611 condam
736 3551 827 3627 Pero,
845 3569 901 3630 per
925 3550 1063 3610 condam
1084 3549 1247 3610 Andream
1265 3546 1393 3610 fratrem
1412 3549 1512 3630 ipsius
1537 3549 1622 3608 Hans
1638 3565 1697 3628 pre-

449 3657 521 3718 latis
552 3657 689 3718 condam
723 3655 888 3716 Anthonio
921 3656 986 3716 Rot
1018 3671 1048 3716 et
1079 3655 1200 3737 prefate
1232 3655 1364 3716 domine
1397 3654 1571 3715 Katherine
1601 3652 1696 3713 relicte

449 3764 548 3846 ipsius
573 3763 728 3824 Anthonii
755 3764 817 3823 Rot
836 3763 1110 3843 inpignoratarum
1138 3763 1208 3844 ipsi,
1226 3762 1317 3844 jurati
1343 3781 1441 3844 penes
1457 3761 1526 3842 jura
1549 3779 1603 3841 per
1625 3759 1697 3838 ipsas

448 3883 553 3953 partes
577 3889 686 3930 coram
711 3870 804 3930 nobis
829 3869 968 3929 exhibita
992 3869 1098 3930 taliter
1115 3868 1393 3949 adjudicaverunt,
1418 3869 1505 3950 quod
1531 3868 1595 3948 ipse
1619 3865 1697 3924 Hans

450 3977 603 4058 depositis
628 3977 715 4056 prius
740 3976 817 4058 ipsis
841 3989 968 4036 centum
987 3975 1056 4036 flor.
1081 3977 1161 4054 auri,
1184 3995 1243 4057 pro
1262 3975 1379 4056 quibus
1403 3975 1614 4057 possessiones
1635 3989 1696 4052 pre·

449 4083 544 4143 misse
569 4095 642 4143 sunt
659 4083 704 4142 eis
728 4082 930 4163 inpignorate
949 4081 1054 4142 eidem
1077 4082 1196 4160 relicte,
1213 4081 1325 4142 eadem
1345 4081 1472 4142 easdem
1498 4077 1696 4162 possessiones

449 4189 555 4249 eidem
573 4190 663 4249 Hans
680 4189 841 4249 remittere
858 4189 1038 4264 tenebitur;
1062 4187 1116 4248 sed
1140 4188 1209 4268 ipso
1226 4188 1319 4269 jurati
1336 4187 1507 4269 peccunias
1523 4205 1598 4267 quus
1612 4199 1695 4262 super

449 4298 532 4378 ipsas
555 4296 773 4378 possessiones
790 4309 1007 4377 exposuerunt
1023 4309 1054 4356 et
1072 4295 1260 4356 edificarunt
1283 4294 1323 4355 ad
1340 4295 1464 4356 stabula
1490 4295 1555 4376 ipse
1572 4287 1694 4353 condam

449 4403 632 4464 Anthonius
657 4403 734 4463 Rott
758 4417 788 4463 et
813 4402 944 4463 domina
969 4402 1079 4462 relicta
1103 4401 1247 4463 eiusdem
1269 4414 1364 4483 prout
1389 4401 1466 4483 ipsis
1490 4400 1595 4480 juratis
1618 4394 1693 4456 vide·

449 4511 551 4587 batur,
576 4508 696 4569 eisdem
721 4509 846 4569 solvere
871 4528 935 4569 non
961 4521 1087 4569 tenetur
1104 4529 1140 4568 ex
1166 4527 1215 4586 eo,
1240 4508 1315 4588 quia
1334 4508 1402 4590 ipse
1428 4507 1563 4569 condam
1585 4501 1692 4565 Antho-

448 4617 521 4676 nius
545 4617 624 4677 Rott
641 4628 671 4676 et
695 4616 762 4696 ipsa
787 4615 897 4676 relicta
914 4634 969 4676 sua
986 4615 1129 4697 percepit
1158 4613 1277 4676 fructus
1295 4627 1325 4674 et
1349 4614 1502 4676 utilitates
1526 4608 1690 4674 earumdem

449 4722 621 4783 domorum
646 4735 676 4783 ct
708 4723 842 4783 aliarum
875 4722 1114 4803 possessionum
1148 4722 1223 4803 ipsis
1254 4720 1549 4802 inpignoratarum3
1580 4718 1691 4794 dequo

450 4828 571 4909 judicio
596 4829 663 4909 ipsa
689 4829 797 4888 relicta
823 4827 923 4908 ipsius
954 4828 1091 4890 condam
1117 4827 1274 4890 Anthonii
1300 4827 1364 4887 Rot
1388 4841 1419 4888 et
1443 4827 1601 4889 lohannes
1622 4820 1692 4882 filius

449 4935 593 4996 eiusdem
619 4935 749 4995 domine
774 4935 883 4995 relicte
912 4954 976 4996 non
1012 4935 1164 5013 contenti,
1190 4933 1324 4999 eandem
1359 4952 1486 4998 causam
1512 4931 1692 5020 appellarunt

448 5043 488 5110 ad
513 5041 655 5108 seniores
679 5041 803 5124 judices
832 5041 916 5103 dicte
941 5041 1087 5112 civitatis,
