<?xml version="1.0" encoding="UTF-8"?>
<!DOCTYPE html PUBLIC "-//W3C//DTD XHTML 1.0 Transitional//EN"
    "http://www.w3.org/TR/xhtml1/DTD/xhtml1-transitional.dtd">
<html xmlns="http://www.w3.org/1999/xhtml" xml:lang="en" lang="en">
 <head>
  <title>
</title>
<meta http-equiv="Content-Type" content="text/html;charset=utf-8" />
  <meta name='ocr-system' content='tesseract 3.04.00' />
  <meta name='ocr-capabilities' content='ocr_page ocr_carea ocr_par ocr_line ocrx_word'/>
</head>
<body>
  <div class='ocr_page' id='page_1' title='image "./monumentahistor13laszgoog_0117.png"; bbox 0 0 3738 5786; ppageno 0'>
   <div class='ocr_carea' id='block_1_1' title="bbox 619 547 1465 624">
    <p class='ocr_par' dir='ltr' id='par_1_1' title="bbox 619 547 1465 624">
     <span class='ocr_line' id='line_1_1' title="bbox 619 547 1465 624; baseline -0.008 -18"><span class='ocrx_word' id='word_1_1' title='bbox 619 549 708 606; x_wconf 81' lang='lat' dir='ltr'>Anno</span> <span class='ocrx_word' id='word_1_2' title='bbox 731 559 821 624; x_wconf 71' lang='lat'><em>1453.</em></span> <span class='ocrx_word' id='word_1_3' title='bbox 847 581 886 589; x_wconf 82' lang='grc'>-</span> <span class='ocrx_word' id='word_1_4' title='bbox 906 561 940 622; x_wconf 78' lang='lat'>3.</span> <span class='ocrx_word' id='word_1_5' title='bbox 957 547 1042 621; x_wconf 82' lang='lat' dir='ltr'>julii.</span> <span class='ocrx_word' id='word_1_6' title='bbox 1426 561 1465 624; x_wconf 85' lang='lat'>57</span> 
     </span>
    </p>
   </div>
   <div class='ocr_carea' id='block_1_2' title="bbox 199 757 1508 1590">
    <p class='ocr_par' dir='ltr' id='par_1_2' title="bbox 199 757 1508 1163">
     <span class='ocr_line' id='line_1_2' title="bbox 199 757 1466 843; baseline -0.006 -20"><span class='ocrx_word' id='word_1_7' title='bbox 199 763 298 843; x_wconf 91' lang='lat' dir='ltr'>ipsius</span> <span class='ocrx_word' id='word_1_8' title='bbox 323 763 499 843; x_wconf 88' lang='lat' dir='ltr'>Mayczene</span> <span class='ocrx_word' id='word_1_9' title='bbox 524 761 556 822; x_wconf 93' lang='lat' dir='ltr'>in</span> <span class='ocrx_word' id='word_1_10' title='bbox 587 759 782 822; x_wconf 81' lang='lat' dir='ltr'>adulterium</span> <span class='ocrx_word' id='word_1_11' title='bbox 815 758 855 820; x_wconf 89' lang='lat' dir='ltr'>ad</span> <span class='ocrx_word' id='word_1_12' title='bbox 892 757 1066 840; x_wconf 78' lang='lat' dir='ltr'><strong>quemdam</strong></span> <span class='ocrx_word' id='word_1_13' title='bbox 1098 757 1327 839; x_wconf 91' lang='lat' dir='ltr'>presbiterum,</span> <span class='ocrx_word' id='word_1_14' title='bbox 1359 773 1466 816; x_wconf 92' lang='lat' dir='ltr'>coram</span> 
     </span>
     <span class='ocr_line' id='line_1_3' title="bbox 201 860 1508 950; baseline -0.007 -20"><span class='ocrx_word' id='word_1_15' title='bbox 201 871 311 948; x_wconf 85' lang='lat' dir='ltr'>juratis</span> <span class='ocrx_word' id='word_1_16' title='bbox 342 884 478 947; x_wconf 88' lang='lat' dir='ltr'>motam,</span> <span class='ocrx_word' id='word_1_17' title='bbox 509 887 567 950; x_wconf 94' lang='lat' dir='ltr'>pro</span> <span class='ocrx_word' id='word_1_18' title='bbox 599 866 685 928; x_wconf 87' lang='lat' dir='ltr'>finali</span> <span class='ocrx_word' id='word_1_19' title='bbox 717 866 817 949; x_wconf 91' lang='lat' dir='ltr'>ipsius</span> <span class='ocrx_word' id='word_1_20' title='bbox 848 863 1086 927; x_wconf 82' lang='lat' dir='ltr'>deliberacione</span> <span class='ocrx_word' id='word_1_21' title='bbox 1118 862 1156 924; x_wconf 93' lang='lat' dir='ltr'>ad</span> <span class='ocrx_word' id='word_1_22' title='bbox 1190 860 1301 924; x_wconf 83' lang='lat' dir='ltr'>seriam</span> <span class='ocrx_word' id='word_1_23' title='bbox 1333 861 1465 924; x_wconf 85' lang='lat' dir='ltr'>terciam</span> <span class='ocrx_word' id='word_1_24' title='bbox 1505 900 1508 908; x_wconf 87' lang='lat'>·</span> 
     </span>
     <span class='ocr_line' id='line_1_4' title="bbox 200 968 1464 1059; baseline -0.007 -21"><span class='ocrx_word' id='word_1_25' title='bbox 200 977 378 1059; x_wconf 78' lang='lat' dir='ltr'><strong>proximam</strong></span> <span class='ocrx_word' id='word_1_26' title='bbox 397 975 683 1058; x_wconf 81' lang='lat' dir='ltr'>prolongaverunt,</span> <span class='ocrx_word' id='word_1_27' title='bbox 696 991 839 1056; x_wconf 93' lang='lat' dir='ltr'>quasque</span> <span class='ocrx_word' id='word_1_28' title='bbox 857 971 937 1034; x_wconf 91' lang='lat' dir='ltr'>duas</span> <span class='ocrx_word' id='word_1_29' title='bbox 954 970 1105 1032; x_wconf 91' lang='lat' dir='ltr'>mulieres</span> <span class='ocrx_word' id='word_1_30' title='bbox 1118 969 1150 1030; x_wconf 93' lang='lat' dir='ltr'>in</span> <span class='ocrx_word' id='word_1_31' title='bbox 1164 987 1323 1031; x_wconf 88' lang='lat' dir='ltr'>carcerem</span> <span class='ocrx_word' id='word_1_32' title='bbox 1337 968 1464 1030; x_wconf 87' lang='lat' dir='ltr'>interim</span> 
     </span>
     <span class='ocr_line' id='line_1_5' title="bbox 201 1073 1465 1163; baseline -0.006 -19"><span class='ocrx_word' id='word_1_33' title='bbox 201 1082 322 1144; x_wconf 91' lang='lat' dir='ltr'>recludi</span> <span class='ocrx_word' id='word_1_34' title='bbox 344 1081 490 1143; x_wconf 86' lang='lat' dir='ltr'>iecerunt</span> <span class='ocrx_word' id='word_1_35' title='bbox 507 1099 676 1163; x_wconf 88' lang='lat' dir='ltr'>quousque</span> <span class='ocrx_word' id='word_1_36' title='bbox 701 1080 768 1162; x_wconf 90' lang='lat' dir='ltr'>ipsa</span> <span class='ocrx_word' id='word_1_37' title='bbox 782 1097 875 1140; x_wconf 90' lang='lat' dir='ltr'>causa</span> <span class='ocrx_word' id='word_1_38' title='bbox 894 1076 1103 1140; x_wconf 88' lang='lat' dir='ltr'>concludetur</span> <span class='ocrx_word' id='word_1_39' title='bbox 1127 1074 1239 1137; x_wconf 88' lang='lat' dir='ltr'>eadem</span> <span class='ocrx_word' id='word_1_40' title='bbox 1257 1073 1335 1136; x_wconf 84' lang='lat' dir='ltr'>seria</span> <span class='ocrx_word' id='word_1_41' title='bbox 1358 1073 1465 1136; x_wconf 87' lang='lat' dir='ltr'>tercia.</span> 
     </span>
    </p>

    <p class='ocr_par' dir='ltr' id='par_1_3' title="bbox 203 1181 1466 1590">
     <span class='ocr_line' id='line_1_6' title="bbox 308 1181 1466 1266; baseline -0.008 -15"><span class='ocrx_word' id='word_1_42' title='bbox 308 1189 387 1252; x_wconf 89' lang='lat' dir='ltr'>ltem</span> <span class='ocrx_word' id='word_1_43' title='bbox 412 1188 530 1266; x_wconf 86' lang='lat' dir='ltr'>jurabit</span> <span class='ocrx_word' id='word_1_44' title='bbox 563 1187 744 1250; x_wconf 86' lang='lat' dir='ltr'>Demetrius</span> <span class='ocrx_word' id='word_1_45' title='bbox 767 1185 889 1266; x_wconf 89' lang='lat' dir='ltr'>juratus</span> <span class='ocrx_word' id='word_1_46' title='bbox 920 1183 987 1246; x_wconf 87' lang='lat' dir='ltr'>sola</span> <span class='ocrx_word' id='word_1_47' title='bbox 1012 1203 1067 1246; x_wconf 93' lang='lat' dir='ltr'>sua</span> <span class='ocrx_word' id='word_1_48' title='bbox 1101 1183 1132 1244; x_wconf 93' lang='lat' dir='ltr'>in</span> <span class='ocrx_word' id='word_1_49' title='bbox 1165 1201 1300 1265; x_wconf 92' lang='lat' dir='ltr'>persona</span> <span class='ocrx_word' id='word_1_50' title='bbox 1324 1201 1381 1263; x_wconf 89' lang='lat' dir='ltr'>per</span> <span class='ocrx_word' id='word_1_51' title='bbox 1411 1181 1466 1242; x_wconf 89' lang='lat' dir='ltr'>ad-</span> 
     </span>
     <span class='ocr_line' id='line_1_7' title="bbox 203 1291 1466 1376; baseline -0.007 -19"><span class='ocrx_word' id='word_1_52' title='bbox 203 1296 435 1376; x_wconf 87' lang='lat' dir='ltr'>judicacionem</span> <span class='ocrx_word' id='word_1_53' title='bbox 462 1294 636 1376; x_wconf 80' lang='lat' dir='ltr'>juratorum</span> <span class='ocrx_word' id='word_1_54' title='bbox 673 1291 751 1354; x_wconf 80' lang='lat' dir='ltr'>feria</span> <span class='ocrx_word' id='word_1_55' title='bbox 783 1292 879 1354; x_wconf 89' lang='lat' dir='ltr'>tercia</span> <span class='ocrx_word' id='word_1_56' title='bbox 904 1291 1049 1373; x_wconf 83' lang='lat' dir='ltr'>proxime</span> <span class='ocrx_word' id='word_1_57' title='bbox 1081 1301 1214 1351; x_wconf 90' lang='lat' dir='ltr'>ventura</span> <span class='ocrx_word' id='word_1_58' title='bbox 1238 1306 1333 1370; x_wconf 89' lang='lat' dir='ltr'>super</span> <span class='ocrx_word' id='word_1_59' title='bbox 1357 1306 1407 1366; x_wconf 92' lang='lat' dir='ltr'>eo,</span> <span class='ocrx_word' id='word_1_60' title='bbox 1431 1301 1466 1349; x_wconf 94' lang='lat' dir='ltr'>ut</span> 
     </span>
     <span class='ocr_line' id='line_1_8' title="bbox 204 1394 1465 1485; baseline -0.008 -21"><span class='ocrx_word' id='word_1_61' title='bbox 204 1404 268 1485; x_wconf 88' lang='lat' dir='ltr'>ipse</span> <span class='ocrx_word' id='word_1_62' title='bbox 292 1402 397 1465; x_wconf 90' lang='lat' dir='ltr'>nullas</span> <span class='ocrx_word' id='word_1_63' title='bbox 413 1421 465 1464; x_wconf 86' lang='lat' dir='ltr'>res</span> <span class='ocrx_word' id='word_1_64' title='bbox 481 1400 615 1462; x_wconf 90' lang='lat' dir='ltr'>Fabiani</span> <span class='ocrx_word' id='word_1_65' title='bbox 632 1399 737 1483; x_wconf 89' lang='lat' dir='ltr'>jurati,</span> <span class='ocrx_word' id='word_1_66' title='bbox 758 1397 861 1460; x_wconf 87' lang='lat' dir='ltr'>fratris</span> <span class='ocrx_word' id='word_1_67' title='bbox 877 1399 938 1477; x_wconf 92' lang='lat' dir='ltr'>sui,</span> <span class='ocrx_word' id='word_1_68' title='bbox 960 1397 1045 1480; x_wconf 92' lang='lat' dir='ltr'>apud</span> <span class='ocrx_word' id='word_1_69' title='bbox 1063 1417 1096 1459; x_wconf 92' lang='lat' dir='ltr'>se</span> <span class='ocrx_word' id='word_1_70' title='bbox 1113 1395 1244 1458; x_wconf 90' lang='lat' dir='ltr'>haberet</span> <span class='ocrx_word' id='word_1_71' title='bbox 1260 1413 1334 1456; x_wconf 87' lang='lat' dir='ltr'>cum</span> <span class='ocrx_word' id='word_1_72' title='bbox 1348 1394 1465 1475; x_wconf 92' lang='lat' dir='ltr'>quibus</span> 
     </span>
     <span class='ocr_line' id='line_1_9' title="bbox 203 1503 1200 1590; baseline -0.006 -20"><span class='ocrx_word' id='word_1_73' title='bbox 203 1508 374 1590; x_wconf 83' lang='lat' dir='ltr'>terragium</span> <span class='ocrx_word' id='word_1_74' title='bbox 400 1507 579 1570; x_wconf 90' lang='lat' dir='ltr'>Clementis</span> <span class='ocrx_word' id='word_1_75' title='bbox 603 1504 771 1587; x_wconf 86' lang='lat' dir='ltr'>freniparis</span> <span class='ocrx_word' id='word_1_76' title='bbox 795 1505 888 1588; x_wconf 89' lang='lat' dir='ltr'>jurati</span> <span class='ocrx_word' id='word_1_77' title='bbox 912 1504 972 1566; x_wconf 87' lang='lat' dir='ltr'>sibi</span> <span class='ocrx_word' id='word_1_78' title='bbox 995 1503 1200 1587; x_wconf 76' lang='lat' dir='ltr'>persolveret.</span> 
     </span>
    </p>
   </div>
   <div class='ocr_carea' id='block_1_3' title="bbox 229 1705 1442 1920">
    <p class='ocr_par' dir='ltr' id='par_1_4' title="bbox 229 1705 1442 1920">
     <span class='ocr_line' id='line_1_10' title="bbox 229 1705 1442 1798; baseline -0.005 -16"><span class='ocrx_word' id='word_1_79' title='bbox 229 1707 324 1782; x_wconf 79' lang='lat' dir='ltr'>ieris</span> <span class='ocrx_word' id='word_1_80' title='bbox 351 1711 463 1782; x_wconf 85' lang='lat' dir='ltr'>tercia</span> <span class='ocrx_word' id='word_1_81' title='bbox 491 1710 645 1798; x_wconf 84' lang='lat' dir='ltr'>proxima</span> <span class='ocrx_word' id='word_1_82' title='bbox 671 1715 749 1796; x_wconf 89' lang='lat' dir='ltr'>post</span> <span class='ocrx_word' id='word_1_83' title='bbox 785 1707 908 1778; x_wconf 83' lang='lat' dir='ltr'>festum</span> <span class='ocrx_word' id='word_1_84' title='bbox 937 1705 1158 1777; x_wconf 76' lang='lat' dir='ltr'>visitacionis</span> <span class='ocrx_word' id='word_1_85' title='bbox 1187 1705 1283 1776; x_wconf 84' lang='lat' dir='ltr'>beate</span> <span class='ocrx_word' id='word_1_86' title='bbox 1311 1722 1442 1795; x_wconf 82' lang='lat' dir='ltr'>semper</span> 
     </span>
     <span class='ocr_line' id='line_1_11' title="bbox 693 1831 980 1920; baseline -0.01 -17"><span class='ocrx_word' id='word_1_87' title='bbox 693 1833 835 1920; x_wconf 85' lang='lat' dir='ltr'>virginis</span> <span class='ocrx_word' id='word_1_88' title='bbox 864 1831 980 1902; x_wconf 85' lang='lat' dir='ltr'>llarie.</span> 
     </span>
    </p>
   </div>
   <div class='ocr_carea' id='block_1_4' title="bbox 202 1983 1470 5098">
    <p class='ocr_par' dir='ltr' id='par_1_5' title="bbox 753 1983 918 2064">
     <span class='ocr_line' id='line_1_12' title="bbox 753 1983 918 2064; baseline 0.012 -2"><span class='ocrx_word' id='word_1_89' title='bbox 753 1991 798 2063; x_wconf 72' lang='lat' dir='ltr'>ts·</span> <span class='ocrx_word' id='word_1_90' title='bbox 815 1983 918 2064; x_wconf 64' lang='lat' dir='ltr'>Miri·</span> 
     </span>
    </p>

    <p class='ocr_par' dir='ltr' id='par_1_6' title="bbox 202 2139 1470 4354">
     <span class='ocr_line' id='line_1_13' title="bbox 306 2139 1467 2226; baseline -0.005 -18"><span class='ocrx_word' id='word_1_91' title='bbox 306 2143 385 2209; x_wconf 91' lang='lat' dir='ltr'>item</span> <span class='ocrx_word' id='word_1_92' title='bbox 412 2145 488 2208; x_wconf 89' lang='lat' dir='ltr'>licet</span> <span class='ocrx_word' id='word_1_93' title='bbox 511 2144 651 2226; x_wconf 85' lang='lat' dir='ltr'>predicte</span> <span class='ocrx_word' id='word_1_94' title='bbox 682 2143 835 2206; x_wconf 90' lang='lat' dir='ltr'>mulieres</span> <span class='ocrx_word' id='word_1_95' title='bbox 866 2141 968 2204; x_wconf 87' lang='lat' dir='ltr'>Eiena</span> <span class='ocrx_word' id='word_1_96' title='bbox 997 2161 1131 2204; x_wconf 86' lang='lat' dir='ltr'>consors</span> <span class='ocrx_word' id='word_1_97' title='bbox 1163 2139 1317 2224; x_wconf 83' lang='lat' dir='ltr'>Stephani</span> <span class='ocrx_word' id='word_1_98' title='bbox 1350 2141 1467 2203; x_wconf 91' lang='lat' dir='ltr'>sutoris</span> 
     </span>
     <span class='ocr_line' id='line_1_14' title="bbox 204 2247 1467 2335; baseline -0.005 -21"><span class='ocrx_word' id='word_1_99' title='bbox 204 2254 293 2316; x_wconf 88' lang='lat' dir='ltr'>aliter</span> <span class='ocrx_word' id='word_1_100' title='bbox 317 2253 494 2335; x_wconf 89' lang='lat' dir='ltr'>Mayczena</span> <span class='ocrx_word' id='word_1_101' title='bbox 518 2263 631 2312; x_wconf 82' lang='lat' dir='ltr'>vocata</span> <span class='ocrx_word' id='word_1_102' title='bbox 655 2264 687 2312; x_wconf 90' lang='lat' dir='ltr'>et</span> <span class='ocrx_word' id='word_1_103' title='bbox 711 2249 834 2330; x_wconf 86' lang='lat' dir='ltr'>Agatha</span> <span class='ocrx_word' id='word_1_104' title='bbox 863 2249 955 2310; x_wconf 93' lang='lat' dir='ltr'>aliter</span> <span class='ocrx_word' id='word_1_105' title='bbox 978 2251 1108 2331; x_wconf 82' lang='lat' dir='ltr'>Agycza</span> <span class='ocrx_word' id='word_1_106' title='bbox 1131 2261 1242 2310; x_wconf 89' lang='lat' dir='ltr'>vocata</span> <span class='ocrx_word' id='word_1_107' title='bbox 1268 2266 1399 2310; x_wconf 87' lang='lat' dir='ltr'>consors</span> <span class='ocrx_word' id='word_1_108' title='bbox 1423 2247 1467 2308; x_wconf 89' lang='lat' dir='ltr'>le·</span> 
     </span>
     <span class='ocr_line' id='line_1_15' title="bbox 202 2353 1468 2442; baseline -0.005 -21"><span class='ocrx_word' id='word_1_109' title='bbox 202 2361 325 2442; x_wconf 86' lang='lat' dir='ltr'>gittima</span> <span class='ocrx_word' id='word_1_110' title='bbox 350 2357 508 2421; x_wconf 85' lang='lat' dir='ltr'>iohannis</span> <span class='ocrx_word' id='word_1_111' title='bbox 533 2359 663 2419; x_wconf 89' lang='lat' dir='ltr'>sartoris</span> <span class='ocrx_word' id='word_1_112' title='bbox 680 2358 712 2418; x_wconf 94' lang='lat' dir='ltr'>in</span> <span class='ocrx_word' id='word_1_113' title='bbox 730 2353 900 2418; x_wconf 80' lang='lat' dir='ltr'>manifesto</span> <span class='ocrx_word' id='word_1_114' title='bbox 918 2356 1149 2418; x_wconf 88' lang='lat' dir='ltr'>conduccionis</span> <span class='ocrx_word' id='word_1_115' title='bbox 1169 2369 1200 2419; x_wconf 92' lang='lat' dir='ltr'>et</span> <span class='ocrx_word' id='word_1_116' title='bbox 1217 2355 1468 2438; x_wconf 89' lang='lat' dir='ltr'>perpetracionis</span> 
     </span>
     <span class='ocr_line' id='line_1_16' title="bbox 203 2461 1468 2547; baseline -0.005 -19"><span class='ocrx_word' id='word_1_117' title='bbox 203 2467 349 2528; x_wconf 91' lang='lat' dir='ltr'>adulterii</span> <span class='ocrx_word' id='word_1_118' title='bbox 381 2485 420 2526; x_wconf 84' lang='lat' dir='ltr'>ex</span> <span class='ocrx_word' id='word_1_119' title='bbox 450 2465 656 2526; x_wconf 89' lang='lat' dir='ltr'>attestacione</span> <span class='ocrx_word' id='word_1_120' title='bbox 689 2463 831 2547; x_wconf 88' lang='lat' dir='ltr'>plurium</span> <span class='ocrx_word' id='word_1_121' title='bbox 865 2463 1008 2526; x_wconf 93' lang='lat' dir='ltr'>virorum</span> <span class='ocrx_word' id='word_1_122' title='bbox 1041 2462 1280 2544; x_wconf 89' lang='lat' dir='ltr'>fidedignorum</span> <span class='ocrx_word' id='word_1_123' title='bbox 1314 2475 1344 2524; x_wconf 93' lang='lat' dir='ltr'>et</span> <span class='ocrx_word' id='word_1_124' title='bbox 1369 2461 1468 2523; x_wconf 91' lang='lat' dir='ltr'>hone·</span> 
     </span>
     <span class='ocr_line' id='line_1_17' title="bbox 203 2569 1467 2654; baseline -0.005 -19"><span class='ocrx_word' id='word_1_125' title='bbox 203 2587 323 2635; x_wconf 89' lang='lat' dir='ltr'>storum</span> <span class='ocrx_word' id='word_1_126' title='bbox 347 2573 491 2634; x_wconf 89' lang='lat' dir='ltr'>virorum</span> <span class='ocrx_word' id='word_1_127' title='bbox 523 2571 674 2650; x_wconf 88' lang='lat' dir='ltr'>veridica,</span> <span class='ocrx_word' id='word_1_128' title='bbox 706 2584 852 2654; x_wconf 90' lang='lat' dir='ltr'>repperte</span> <span class='ocrx_word' id='word_1_129' title='bbox 883 2584 958 2632; x_wconf 91' lang='lat' dir='ltr'>sunt</span> <span class='ocrx_word' id='word_1_130' title='bbox 989 2583 1020 2632; x_wconf 91' lang='lat' dir='ltr'>et</span> <span class='ocrx_word' id='word_1_131' title='bbox 1044 2571 1183 2648; x_wconf 88' lang='lat' dir='ltr'>invente,</span> <span class='ocrx_word' id='word_1_132' title='bbox 1216 2589 1278 2651; x_wconf 89' lang='lat' dir='ltr'>que</span> <span class='ocrx_word' id='word_1_133' title='bbox 1302 2569 1377 2631; x_wconf 92' lang='lat' dir='ltr'>licet</span> <span class='ocrx_word' id='word_1_134' title='bbox 1409 2587 1467 2651; x_wconf 93' lang='lat' dir='ltr'>pro</span> 
     </span>
     <span class='ocr_line' id='line_1_18' title="bbox 204 2674 1468 2761; baseline -0.004 -21"><span class='ocrx_word' id='word_1_135' title='bbox 204 2679 353 2761; x_wconf 86' lang='lat' dir='ltr'>predictis</span> <span class='ocrx_word' id='word_1_136' title='bbox 377 2679 443 2740; x_wconf 86' lang='lat' dir='ltr'>suis</span> <span class='ocrx_word' id='word_1_137' title='bbox 479 2675 644 2739; x_wconf 89' lang='lat' dir='ltr'>maleficiis</span> <span class='ocrx_word' id='word_1_138' title='bbox 677 2696 792 2760; x_wconf 92' lang='lat' dir='ltr'>penam</span> <span class='ocrx_word' id='word_1_139' title='bbox 824 2676 1014 2739; x_wconf 88' lang='lat' dir='ltr'>horribilem</span> <span class='ocrx_word' id='word_1_140' title='bbox 1039 2689 1070 2738; x_wconf 93' lang='lat' dir='ltr'>et</span> <span class='ocrx_word' id='word_1_141' title='bbox 1101 2690 1285 2739; x_wconf 88' lang='lat' dir='ltr'>consvetam</span> <span class='ocrx_word' id='word_1_142' title='bbox 1317 2675 1382 2758; x_wconf 89' lang='lat' dir='ltr'>pari</span> <span class='ocrx_word' id='word_1_143' title='bbox 1413 2674 1468 2736; x_wconf 89' lang='lat' dir='ltr'>de·</span> 
     </span>
     <span class='ocr_line' id='line_1_19' title="bbox 204 2782 1469 2867; baseline -0.005 -19"><span class='ocrx_word' id='word_1_144' title='bbox 204 2786 355 2864; x_wconf 88' lang='lat' dir='ltr'>buissent,</span> <span class='ocrx_word' id='word_1_145' title='bbox 378 2799 487 2847; x_wconf 88' lang='lat' dir='ltr'>tamen</span> <span class='ocrx_word' id='word_1_146' title='bbox 520 2785 595 2866; x_wconf 92' lang='lat' dir='ltr'>quia</span> <span class='ocrx_word' id='word_1_147' title='bbox 620 2803 679 2867; x_wconf 94' lang='lat' dir='ltr'>pro</span> <span class='ocrx_word' id='word_1_148' title='bbox 710 2783 831 2846; x_wconf 90' lang='lat' dir='ltr'>eisdem</span> <span class='ocrx_word' id='word_1_149' title='bbox 866 2783 1056 2846; x_wconf 89' lang='lat' dir='ltr'>mulieribus</span> <span class='ocrx_word' id='word_1_150' title='bbox 1088 2783 1181 2845; x_wconf 89' lang='lat' dir='ltr'>nobis</span> <span class='ocrx_word' id='word_1_151' title='bbox 1205 2801 1263 2864; x_wconf 93' lang='lat' dir='ltr'>pro</span> <span class='ocrx_word' id='word_1_152' title='bbox 1286 2782 1392 2864; x_wconf 85' lang='lat' dir='ltr'>gracia</span> <span class='ocrx_word' id='word_1_153' title='bbox 1423 2782 1469 2842; x_wconf 90' lang='lat' dir='ltr'>eis</span> 
     </span>
     <span class='ocr_line' id='line_1_20' title="bbox 204 2887 1467 2974; baseline -0.004 -20"><span class='ocrx_word' id='word_1_154' title='bbox 204 2911 259 2974; x_wconf 92' lang='lat' dir='ltr'>per</span> <span class='ocrx_word' id='word_1_155' title='bbox 281 2911 341 2954; x_wconf 91' lang='lat' dir='ltr'>nos</span> <span class='ocrx_word' id='word_1_156' title='bbox 364 2889 471 2953; x_wconf 86' lang='lat' dir='ltr'>fienda</span> <span class='ocrx_word' id='word_1_157' title='bbox 494 2910 550 2973; x_wconf 93' lang='lat' dir='ltr'>per</span> <span class='ocrx_word' id='word_1_158' title='bbox 581 2891 689 2973; x_wconf 90' lang='lat' dir='ltr'>plures</span> <span class='ocrx_word' id='word_1_159' title='bbox 720 2889 952 2953; x_wconf 89' lang='lat' dir='ltr'>ecclesiasticos</span> <span class='ocrx_word' id='word_1_160' title='bbox 977 2904 1008 2952; x_wconf 91' lang='lat' dir='ltr'>et</span> <span class='ocrx_word' id='word_1_161' title='bbox 1038 2890 1198 2952; x_wconf 89' lang='lat' dir='ltr'>seculares</span> <span class='ocrx_word' id='word_1_162' title='bbox 1230 2889 1333 2951; x_wconf 92' lang='lat' dir='ltr'>bonos</span> <span class='ocrx_word' id='word_1_163' title='bbox 1357 2899 1388 2951; x_wconf 91' lang='lat' dir='ltr'>et</span> <span class='ocrx_word' id='word_1_164' title='bbox 1411 2887 1467 2949; x_wconf 92' lang='lat' dir='ltr'>ho-</span> 
     </span>
     <span class='ocr_line' id='line_1_21' title="bbox 205 2995 1469 3080; baseline -0.003 -20"><span class='ocrx_word' id='word_1_165' title='bbox 205 3011 311 3061; x_wconf 87' lang='lat' dir='ltr'>nestos</span> <span class='ocrx_word' id='word_1_166' title='bbox 334 2997 421 3059; x_wconf 90' lang='lat' dir='ltr'>viros</span> <span class='ocrx_word' id='word_1_167' title='bbox 444 3011 491 3060; x_wconf 88' lang='lat' dir='ltr'>est</span> <span class='ocrx_word' id='word_1_168' title='bbox 514 2997 632 3060; x_wconf 88' lang='lat' dir='ltr'>devote</span> <span class='ocrx_word' id='word_1_169' title='bbox 656 3011 686 3058; x_wconf 92' lang='lat' dir='ltr'>et</span> <span class='ocrx_word' id='word_1_170' title='bbox 717 2997 945 3059; x_wconf 87' lang='lat' dir='ltr'>instantissime</span> <span class='ocrx_word' id='word_1_171' title='bbox 978 2997 1204 3080; x_wconf 88' lang='lat' dir='ltr'>supplicatum,</span> <span class='ocrx_word' id='word_1_172' title='bbox 1236 2995 1378 3077; x_wconf 91' lang='lat' dir='ltr'>ideoque</span> <span class='ocrx_word' id='word_1_173' title='bbox 1410 3014 1469 3056; x_wconf 89' lang='lat' dir='ltr'>nos</span> 
     </span>
     <span class='ocr_line' id='line_1_22' title="bbox 205 3101 1468 3188; baseline -0.004 -20"><span class='ocrx_word' id='word_1_174' title='bbox 205 3119 279 3188; x_wconf 88' lang='lat' dir='ltr'>puta</span> <span class='ocrx_word' id='word_1_175' title='bbox 302 3105 447 3166; x_wconf 85' lang='lat' dir='ltr'>seniores</span> <span class='ocrx_word' id='word_1_176' title='bbox 470 3103 602 3184; x_wconf 86' lang='lat' dir='ltr'>judices,</span> <span class='ocrx_word' id='word_1_177' title='bbox 620 3101 780 3185; x_wconf 87' lang='lat' dir='ltr'>juratique</span> <span class='ocrx_word' id='word_1_178' title='bbox 805 3122 840 3164; x_wconf 93' lang='lat' dir='ltr'>ac</span> <span class='ocrx_word' id='word_1_179' title='bbox 865 3103 1041 3165; x_wconf 87' lang='lat' dir='ltr'>modernus</span> <span class='ocrx_word' id='word_1_180' title='bbox 1059 3101 1153 3180; x_wconf 77' lang='lat' dir='ltr'>judex</span> <span class='ocrx_word' id='word_1_181' title='bbox 1178 3117 1209 3164; x_wconf 91' lang='lat' dir='ltr'>et</span> <span class='ocrx_word' id='word_1_182' title='bbox 1232 3102 1324 3184; x_wconf 83' lang='lat' dir='ltr'>jurati</span> <span class='ocrx_word' id='word_1_183' title='bbox 1350 3121 1385 3164; x_wconf 93' lang='lat' dir='ltr'>ac</span> <span class='ocrx_word' id='word_1_184' title='bbox 1401 3111 1468 3164; x_wconf 87' lang='lat' dir='ltr'>tota</span> 
     </span>
     <span class='ocr_line' id='line_1_23' title="bbox 205 3210 1470 3293; baseline -0.002 -20"><span class='ocrx_word' id='word_1_185' title='bbox 205 3212 420 3274; x_wconf 89' lang='lat' dir='ltr'>communitas</span> <span class='ocrx_word' id='word_1_186' title='bbox 436 3211 555 3273; x_wconf 91' lang='lat' dir='ltr'>civium</span> <span class='ocrx_word' id='word_1_187' title='bbox 573 3211 710 3272; x_wconf 87' lang='lat' dir='ltr'>civitatis</span> <span class='ocrx_word' id='word_1_188' title='bbox 727 3223 894 3293; x_wconf 90' lang='lat' dir='ltr'>prenotate</span> <span class='ocrx_word' id='word_1_189' title='bbox 912 3210 1008 3272; x_wconf 83' lang='lat' dir='ltr'>simul</span> <span class='ocrx_word' id='word_1_190' title='bbox 1026 3211 1058 3272; x_wconf 91' lang='lat' dir='ltr'>in</span> <span class='ocrx_word' id='word_1_191' title='bbox 1076 3229 1176 3272; x_wconf 90' lang='lat' dir='ltr'>unum</span> <span class='ocrx_word' id='word_1_192' title='bbox 1194 3210 1284 3272; x_wconf 90' lang='lat' dir='ltr'>dives</span> <span class='ocrx_word' id='word_1_193' title='bbox 1301 3223 1331 3272; x_wconf 90' lang='lat' dir='ltr'>et</span> <span class='ocrx_word' id='word_1_194' title='bbox 1347 3227 1470 3292; x_wconf 87' lang='lat' dir='ltr'>pauper</span> 
     </span>
     <span class='ocr_line' id='line_1_24' title="bbox 204 3316 1468 3400; baseline -0.002 -20"><span class='ocrx_word' id='word_1_195' title='bbox 204 3318 269 3400; x_wconf 85' lang='lat' dir='ltr'>pari</span> <span class='ocrx_word' id='word_1_196' title='bbox 294 3332 327 3381; x_wconf 89' lang='lat' dir='ltr'>et</span> <span class='ocrx_word' id='word_1_197' title='bbox 351 3317 497 3379; x_wconf 90' lang='lat' dir='ltr'>unanimi</span> <span class='ocrx_word' id='word_1_198' title='bbox 521 3317 687 3380; x_wconf 86' lang='lat' dir='ltr'>voluntate</span> <span class='ocrx_word' id='word_1_199' title='bbox 711 3316 834 3378; x_wconf 88' lang='lat' dir='ltr'>eisdem</span> <span class='ocrx_word' id='word_1_200' title='bbox 858 3317 1051 3379; x_wconf 89' lang='lat' dir='ltr'>mulieribus</span> <span class='ocrx_word' id='word_1_201' title='bbox 1079 3318 1237 3379; x_wconf 92' lang='lat' dir='ltr'>moderna</span> <span class='ocrx_word' id='word_1_202' title='bbox 1262 3317 1331 3378; x_wconf 90' lang='lat' dir='ltr'>vice</span> <span class='ocrx_word' id='word_1_203' title='bbox 1356 3330 1387 3378; x_wconf 90' lang='lat' dir='ltr'>et</span> <span class='ocrx_word' id='word_1_204' title='bbox 1410 3335 1468 3398; x_wconf 90' lang='lat' dir='ltr'>pro</span> 
     </span>
     <span class='ocr_line' id='line_1_25' title="bbox 205 3421 1470 3506; baseline -0.001 -21"><span class='ocrx_word' id='word_1_205' title='bbox 205 3425 342 3506; x_wconf 88' lang='lat' dir='ltr'>presenti</span> <span class='ocrx_word' id='word_1_206' title='bbox 365 3439 510 3506; x_wconf 90' lang='lat' dir='ltr'>tempore</span> <span class='ocrx_word' id='word_1_207' title='bbox 542 3443 600 3506; x_wconf 94' lang='lat' dir='ltr'>pro</span> <span class='ocrx_word' id='word_1_208' title='bbox 624 3421 753 3506; x_wconf 86' lang='lat' dir='ltr'>prefatis</span> <span class='ocrx_word' id='word_1_209' title='bbox 784 3423 958 3486; x_wconf 89' lang='lat' dir='ltr'>sceleribus</span> <span class='ocrx_word' id='word_1_210' title='bbox 993 3437 1024 3485; x_wconf 91' lang='lat' dir='ltr'>et</span> <span class='ocrx_word' id='word_1_211' title='bbox 1054 3421 1219 3486; x_wconf 83' lang='lat' dir='ltr'>maleficiis</span> <span class='ocrx_word' id='word_1_212' title='bbox 1251 3423 1316 3484; x_wconf 89' lang='lat' dir='ltr'>suis</span> <span class='ocrx_word' id='word_1_213' title='bbox 1347 3423 1470 3484; x_wconf 88' lang='lat' dir='ltr'>miseri·</span> 
     </span>
     <span class='ocr_line' id='line_1_26' title="bbox 206 3527 1469 3612; baseline 0.001 -22"><span class='ocrx_word' id='word_1_214' title='bbox 206 3531 347 3592; x_wconf 92' lang='lat' dir='ltr'>cordiam</span> <span class='ocrx_word' id='word_1_215' title='bbox 381 3543 412 3592; x_wconf 87' lang='lat' dir='ltr'>et</span> <span class='ocrx_word' id='word_1_216' title='bbox 435 3529 574 3610; x_wconf 88' lang='lat' dir='ltr'>graciam</span> <span class='ocrx_word' id='word_1_217' title='bbox 607 3527 741 3592; x_wconf 81' lang='lat' dir='ltr'>fecimus</span> <span class='ocrx_word' id='word_1_218' title='bbox 772 3529 1022 3611; x_wconf 88' lang='lat' dir='ltr'>specialem,.ut</span> <span class='ocrx_word' id='word_1_219' title='bbox 1054 3530 1120 3612; x_wconf 91' lang='lat' dir='ltr'>ipse</span> <span class='ocrx_word' id='word_1_220' title='bbox 1145 3530 1296 3592; x_wconf 91' lang='lat' dir='ltr'>mulieres</span> <span class='ocrx_word' id='word_1_221' title='bbox 1327 3529 1469 3612; x_wconf 89' lang='lat' dir='ltr'>predicta</span> 
     </span>
     <span class='ocr_line' id='line_1_27' title="bbox 207 3634 1469 3698; baseline 0 -2"><span class='ocrx_word' id='word_1_222' title='bbox 207 3634 285 3698; x_wconf 86' lang='lat' dir='ltr'>facta</span> <span class='ocrx_word' id='word_1_223' title='bbox 309 3655 367 3697; x_wconf 86' lang='lat' dir='ltr'>sua</span> <span class='ocrx_word' id='word_1_224' title='bbox 392 3634 475 3696; x_wconf 88' lang='lat' dir='ltr'>mala</span> <span class='ocrx_word' id='word_1_225' title='bbox 507 3635 622 3696; x_wconf 91' lang='lat' dir='ltr'>iterum</span> <span class='ocrx_word' id='word_1_226' title='bbox 657 3653 721 3696; x_wconf 93' lang='lat' dir='ltr'>non</span> <span class='ocrx_word' id='word_1_227' title='bbox 756 3649 911 3697; x_wconf 84' lang='lat' dir='ltr'>renovent</span> <span class='ocrx_word' id='word_1_228' title='bbox 935 3649 966 3698; x_wconf 92' lang='lat' dir='ltr'>et</span> <span class='ocrx_word' id='word_1_229' title='bbox 989 3636 1107 3698; x_wconf 88' lang='lat' dir='ltr'>similia</span> <span class='ocrx_word' id='word_1_230' title='bbox 1139 3635 1200 3698; x_wconf 91' lang='lat' dir='ltr'>hiis</span> <span class='ocrx_word' id='word_1_231' title='bbox 1225 3651 1255 3697; x_wconf 89' lang='lat' dir='ltr'>et</span> <span class='ocrx_word' id='word_1_232' title='bbox 1279 3635 1340 3698; x_wconf 88' lang='lat' dir='ltr'>alia</span> <span class='ocrx_word' id='word_1_233' title='bbox 1365 3648 1469 3698; x_wconf 91' lang='lat' dir='ltr'>cetera</span> 
     </span>
     <span class='ocr_line' id='line_1_28' title="bbox 207 3739 1469 3824; baseline 0 -22"><span class='ocrx_word' id='word_1_234' title='bbox 207 3741 288 3802; x_wconf 86' lang='lat' dir='ltr'>mala</span> <span class='ocrx_word' id='word_1_235' title='bbox 313 3741 354 3802; x_wconf 95' lang='lat' dir='ltr'>de</span> <span class='ocrx_word' id='word_1_236' title='bbox 379 3754 485 3803; x_wconf 92' lang='lat' dir='ltr'>cetero</span> <span class='ocrx_word' id='word_1_237' title='bbox 510 3759 574 3802; x_wconf 93' lang='lat' dir='ltr'>non</span> <span class='ocrx_word' id='word_1_238' title='bbox 598 3740 810 3820; x_wconf 86' lang='lat' dir='ltr'>committant,</span> <span class='ocrx_word' id='word_1_239' title='bbox 836 3761 942 3823; x_wconf 88' lang='lat' dir='ltr'>neque</span> <span class='ocrx_word' id='word_1_240' title='bbox 961 3741 1037 3824; x_wconf 89' lang='lat' dir='ltr'>ipsis</span> <span class='ocrx_word' id='word_1_241' title='bbox 1059 3742 1192 3804; x_wconf 89' lang='lat' dir='ltr'>testibus</span> <span class='ocrx_word' id='word_1_242' title='bbox 1215 3741 1270 3824; x_wconf 92' lang='lat' dir='ltr'>qui</span> <span class='ocrx_word' id='word_1_243' title='bbox 1293 3742 1325 3802; x_wconf 92' lang='lat' dir='ltr'>in</span> <span class='ocrx_word' id='word_1_244' title='bbox 1349 3739 1469 3823; x_wconf 87' lang='lat' dir='ltr'>prefata</span> 
     </span>
     <span class='ocr_line' id='line_1_29' title="bbox 208 3847 1470 3930; baseline 0 -22"><span class='ocrx_word' id='word_1_245' title='bbox 208 3848 413 3911; x_wconf 88' lang='lat' dir='ltr'>attestacione</span> <span class='ocrx_word' id='word_1_246' title='bbox 438 3847 514 3908; x_wconf 91' lang='lat' dir='ltr'>dicti</span> <span class='ocrx_word' id='word_1_247' title='bbox 538 3847 669 3909; x_wconf 88' lang='lat' dir='ltr'>sceleris</span> <span class='ocrx_word' id='word_1_248' title='bbox 692 3860 723 3908; x_wconf 91' lang='lat' dir='ltr'>et</span> <span class='ocrx_word' id='word_1_249' title='bbox 745 3847 894 3910; x_wconf 87' lang='lat' dir='ltr'>adulterii</span> <span class='ocrx_word' id='word_1_250' title='bbox 919 3849 951 3909; x_wconf 93' lang='lat' dir='ltr'>in</span> <span class='ocrx_word' id='word_1_251' title='bbox 976 3849 1097 3930; x_wconf 89' lang='lat' dir='ltr'>judicio</span> <span class='ocrx_word' id='word_1_252' title='bbox 1121 3849 1234 3910; x_wconf 87' lang='lat' dir='ltr'>eadem</span> <span class='ocrx_word' id='word_1_253' title='bbox 1259 3847 1415 3910; x_wconf 89' lang='lat' dir='ltr'>adulteria</span> <span class='ocrx_word' id='word_1_254' title='bbox 1439 3861 1470 3908; x_wconf 92' lang='lat' dir='ltr'>et</span> 
     </span>
     <span class='ocr_line' id='line_1_30' title="bbox 207 3952 1470 4037; baseline 0.002 -24"><span class='ocrx_word' id='word_1_255' title='bbox 207 3955 323 4016; x_wconf 86' lang='lat' dir='ltr'>scelera</span> <span class='ocrx_word' id='word_1_256' title='bbox 337 3954 509 4016; x_wconf 87' lang='lat' dir='ltr'>commissa</span> <span class='ocrx_word' id='word_1_257' title='bbox 531 3952 601 4016; x_wconf 86' lang='lat' dir='ltr'>lore</span> <span class='ocrx_word' id='word_1_258' title='bbox 625 3954 857 4034; x_wconf 88' lang='lat' dir='ltr'>attestantibus,</span> <span class='ocrx_word' id='word_1_259' title='bbox 880 3957 979 4017; x_wconf 87' lang='lat' dir='ltr'>verbo</span> <span class='ocrx_word' id='word_1_260' title='bbox 1004 3975 1109 4037; x_wconf 89' lang='lat' dir='ltr'>neque</span> <span class='ocrx_word' id='word_1_261' title='bbox 1134 3954 1218 4016; x_wconf 88' lang='lat' dir='ltr'>facto</span> <span class='ocrx_word' id='word_1_262' title='bbox 1243 3975 1308 4016; x_wconf 92' lang='lat' dir='ltr'>non</span> <span class='ocrx_word' id='word_1_263' title='bbox 1333 3967 1470 4016; x_wconf 88' lang='lat' dir='ltr'>noceant</span> 
     </span>
     <span class='ocr_line' id='line_1_31' title="bbox 208 4059 1469 4142; baseline 0.001 -23"><span class='ocrx_word' id='word_1_264' title='bbox 208 4079 310 4140; x_wconf 87' lang='lat' dir='ltr'>neque</span> <span class='ocrx_word' id='word_1_265' title='bbox 335 4059 509 4139; x_wconf 89' lang='lat' dir='ltr'>minentur,</span> <span class='ocrx_word' id='word_1_266' title='bbox 533 4079 596 4142; x_wconf 90' lang='lat' dir='ltr'>que</span> <span class='ocrx_word' id='word_1_267' title='bbox 620 4061 645 4120; x_wconf 92' lang='lat' dir='ltr'>si</span> <span class='ocrx_word' id='word_1_268' title='bbox 670 4059 710 4121; x_wconf 91' lang='lat' dir='ltr'>de</span> <span class='ocrx_word' id='word_1_269' title='bbox 735 4073 840 4122; x_wconf 89' lang='lat' dir='ltr'>cetero</span> <span class='ocrx_word' id='word_1_270' title='bbox 867 4061 897 4122; x_wconf 95' lang='lat' dir='ltr'>in</span> <span class='ocrx_word' id='word_1_271' title='bbox 923 4061 1109 4123; x_wconf 91' lang='lat' dir='ltr'>huiusmodi</span> <span class='ocrx_word' id='word_1_272' title='bbox 1135 4059 1299 4122; x_wconf 89' lang='lat' dir='ltr'>maleficiis</span> <span class='ocrx_word' id='word_1_273' title='bbox 1323 4073 1469 4142; x_wconf 88' lang='lat' dir='ltr'>repperte</span> 
     </span>
     <span class='ocr_line' id='line_1_32' title="bbox 209 4163 1466 4250; baseline 0.001 -25"><span class='ocrx_word' id='word_1_274' title='bbox 209 4163 335 4244; x_wconf 85' lang='lat' dir='ltr'>suerint,</span> <span class='ocrx_word' id='word_1_275' title='bbox 361 4183 436 4227; x_wconf 86' lang='lat' dir='ltr'>mox</span> <span class='ocrx_word' id='word_1_276' title='bbox 460 4163 547 4247; x_wconf 83' lang='lat' dir='ltr'>juxta</span> <span class='ocrx_word' id='word_1_277' title='bbox 571 4185 681 4228; x_wconf 86' lang='lat' dir='ltr'>earum</span> <span class='ocrx_word' id='word_1_278' title='bbox 707 4165 860 4228; x_wconf 86' lang='lat' dir='ltr'>demerita</span> <span class='ocrx_word' id='word_1_279' title='bbox 884 4165 969 4248; x_wconf 86' lang='lat' dir='ltr'>juxta</span> <span class='ocrx_word' id='word_1_280' title='bbox 992 4181 1142 4229; x_wconf 88' lang='lat' dir='ltr'>contenta</span> <span class='ocrx_word' id='word_1_281' title='bbox 1165 4166 1324 4250; x_wconf 85' lang='lat' dir='ltr'>privilegii</span> <span class='ocrx_word' id='word_1_282' title='bbox 1350 4185 1466 4249; x_wconf 90' lang='lat' dir='ltr'>penam</span> 
     </span>
     <span class='ocr_line' id='line_1_33' title="bbox 208 4271 1097 4354; baseline 0.003 -21"><span class='ocrx_word' id='word_1_283' title='bbox 208 4290 302 4352; x_wconf 90' lang='lat' dir='ltr'>quam</span> <span class='ocrx_word' id='word_1_284' title='bbox 327 4271 546 4334; x_wconf 90' lang='lat' dir='ltr'>demeruerint</span> <span class='ocrx_word' id='word_1_285' title='bbox 568 4271 829 4335; x_wconf 90' lang='lat' dir='ltr'>irremissibiliter</span> <span class='ocrx_word' id='word_1_286' title='bbox 850 4285 1097 4354; x_wconf 88' lang='lat' dir='ltr'>consequentur.</span> 
     </span>
    </p>

    <p class='ocr_par' dir='ltr' id='par_1_7' title="bbox 206 4377 1469 4568">
     <span class='ocr_line' id='line_1_34' title="bbox 310 4377 1469 4462; baseline 0 -22"><span class='ocrx_word' id='word_1_287' title='bbox 310 4377 389 4440; x_wconf 90' lang='lat' dir='ltr'>Item</span> <span class='ocrx_word' id='word_1_288' title='bbox 414 4379 553 4440; x_wconf 90' lang='lat' dir='ltr'>Barbara</span> <span class='ocrx_word' id='word_1_289' title='bbox 579 4397 657 4440; x_wconf 87' lang='lat' dir='ltr'>uxor</span> <span class='ocrx_word' id='word_1_290' title='bbox 683 4378 838 4440; x_wconf 82' lang='lat' dir='ltr'>lobannis</span> <span class='ocrx_word' id='word_1_291' title='bbox 868 4379 1027 4442; x_wconf 86' lang='lat' dir='ltr'>sellatoris</span> <span class='ocrx_word' id='word_1_292' title='bbox 1058 4391 1169 4441; x_wconf 91' lang='lat' dir='ltr'>contra</span> <span class='ocrx_word' id='word_1_293' title='bbox 1195 4379 1392 4462; x_wconf 86' lang='lat' dir='ltr'>Stephanum</span> <span class='ocrx_word' id='word_1_294' title='bbox 1418 4397 1469 4440; x_wconf 88' lang='lat' dir='ltr'>su-</span> 
     </span>
     <span class='ocr_line' id='line_1_35' title="bbox 206 4485 860 4568; baseline 0.002 -23"><span class='ocrx_word' id='word_1_295' title='bbox 206 4495 307 4546; x_wconf 92' lang='lat' dir='ltr'>torem</span> <span class='ocrx_word' id='word_1_296' title='bbox 330 4485 437 4568; x_wconf 91' lang='lat' dir='ltr'>primo</span> <span class='ocrx_word' id='word_1_297' title='bbox 463 4485 554 4547; x_wconf 88' lang='lat' dir='ltr'>citata</span> <span class='ocrx_word' id='word_1_298' title='bbox 580 4505 643 4546; x_wconf 92' lang='lat' dir='ltr'>non</span> <span class='ocrx_word' id='word_1_299' title='bbox 670 4485 860 4568; x_wconf 90' lang='lat' dir='ltr'>comparuit.</span> 
     </span>
    </p>

    <p class='ocr_par' dir='ltr' id='par_1_8' title="bbox 209 4589 1470 5098">
     <span class='ocr_line' id='line_1_36' title="bbox 310 4589 1470 4674; baseline 0.002 -23"><span class='ocrx_word' id='word_1_300' title='bbox 310 4591 389 4653; x_wconf 91' lang='lat' dir='ltr'>Item</span> <span class='ocrx_word' id='word_1_301' title='bbox 423 4610 518 4652; x_wconf 86' lang='lat' dir='ltr'>causa</span> <span class='ocrx_word' id='word_1_302' title='bbox 552 4589 700 4672; x_wconf 89' lang='lat' dir='ltr'>Gregorii</span> <span class='ocrx_word' id='word_1_303' title='bbox 732 4590 913 4674; x_wconf 90' lang='lat' dir='ltr'>Jagychych</span> <span class='ocrx_word' id='word_1_304' title='bbox 947 4605 977 4653; x_wconf 91' lang='lat' dir='ltr'>et</span> <span class='ocrx_word' id='word_1_305' title='bbox 1009 4591 1186 4653; x_wconf 91' lang='lat' dir='ltr'>Clementis</span> <span class='ocrx_word' id='word_1_306' title='bbox 1216 4591 1313 4652; x_wconf 92' lang='lat' dir='ltr'>vicini</span> <span class='ocrx_word' id='word_1_307' title='bbox 1349 4593 1398 4653; x_wconf 92' lang='lat' dir='ltr'>sui</span> <span class='ocrx_word' id='word_1_308' title='bbox 1433 4610 1470 4654; x_wconf 91' lang='lat' dir='ltr'>ac</span> 
     </span>
     <span class='ocr_line' id='line_1_37' title="bbox 210 4695 1469 4781; baseline 0.003 -25"><span class='ocrx_word' id='word_1_309' title='bbox 210 4695 407 4778; x_wconf 85' lang='lat' dir='ltr'>Margarethe</span> <span class='ocrx_word' id='word_1_310' title='bbox 434 4697 541 4759; x_wconf 78' lang='lat' dir='ltr'>uxoris</span> <span class='ocrx_word' id='word_1_311' title='bbox 573 4697 716 4758; x_wconf 86' lang='lat' dir='ltr'>eiusdem</span> <span class='ocrx_word' id='word_1_312' title='bbox 743 4697 921 4760; x_wconf 90' lang='lat' dir='ltr'>Clementis</span> <span class='ocrx_word' id='word_1_313' title='bbox 946 4698 978 4759; x_wconf 94' lang='lat' dir='ltr'>in</span> <span class='ocrx_word' id='word_1_314' title='bbox 1011 4697 1095 4760; x_wconf 84' lang='lat' dir='ltr'>iacto</span> <span class='ocrx_word' id='word_1_315' title='bbox 1119 4697 1350 4760; x_wconf 89' lang='lat' dir='ltr'>subtraccionis</span> <span class='ocrx_word' id='word_1_316' title='bbox 1374 4717 1469 4781; x_wconf 89' lang='lat' dir='ltr'>pecu·</span> 
     </span>
     <span class='ocr_line' id='line_1_38' title="bbox 209 4801 1469 4888; baseline 0.004 -26"><span class='ocrx_word' id='word_1_317' title='bbox 209 4801 331 4865; x_wconf 87' lang='lat' dir='ltr'>uiarum</span> <span class='ocrx_word' id='word_1_318' title='bbox 356 4805 500 4866; x_wconf 87' lang='lat' dir='ltr'>eiusdem</span> <span class='ocrx_word' id='word_1_319' title='bbox 528 4803 676 4886; x_wconf 92' lang='lat' dir='ltr'>Gregorii</span> <span class='ocrx_word' id='word_1_320' title='bbox 710 4804 892 4888; x_wconf 83' lang='lat' dir='ltr'>Jagychych</span> <span class='ocrx_word' id='word_1_321' title='bbox 928 4825 984 4887; x_wconf 93' lang='lat' dir='ltr'>per</span> <span class='ocrx_word' id='word_1_322' title='bbox 1008 4805 1128 4887; x_wconf 89' lang='lat' dir='ltr'>juratos</span> <span class='ocrx_word' id='word_1_323' title='bbox 1158 4806 1198 4867; x_wconf 90' lang='lat' dir='ltr'>ad</span> <span class='ocrx_word' id='word_1_324' title='bbox 1222 4807 1362 4888; x_wconf 91' lang='lat' dir='ltr'>primum</span> <span class='ocrx_word' id='word_1_325' title='bbox 1387 4807 1469 4887; x_wconf 80' lang='lat' dir='ltr'>judi·</span> 
     </span>
     <span class='ocr_line' id='line_1_39' title="bbox 211 4909 1469 4996; baseline 0.006 -28"><span class='ocrx_word' id='word_1_326' title='bbox 211 4909 293 4970; x_wconf 90' lang='lat' dir='ltr'>cium</span> <span class='ocrx_word' id='word_1_327' title='bbox 324 4911 470 4992; x_wconf 82' lang='lat' dir='ltr'>proxime</span> <span class='ocrx_word' id='word_1_328' title='bbox 501 4929 671 4972; x_wconf 88' lang='lat' dir='ltr'>occurrens</span> <span class='ocrx_word' id='word_1_329' title='bbox 703 4925 750 4974; x_wconf 92' lang='lat' dir='ltr'>est</span> <span class='ocrx_word' id='word_1_330' title='bbox 780 4911 971 4994; x_wconf 84' lang='lat' dir='ltr'>prolongata</span> <span class='ocrx_word' id='word_1_331' title='bbox 1004 4932 1062 4994; x_wconf 93' lang='lat' dir='ltr'>pro</span> <span class='ocrx_word' id='word_1_332' title='bbox 1094 4912 1221 4974; x_wconf 90' lang='lat' dir='ltr'>meliori</span> <span class='ocrx_word' id='word_1_333' title='bbox 1254 4913 1352 4996; x_wconf 89' lang='lat' dir='ltr'>ipsius</span> <span class='ocrx_word' id='word_1_334' title='bbox 1376 4932 1469 4975; x_wconf 88' lang='lat' dir='ltr'>cause</span> 
     </span>
     <span class='ocr_line' id='line_1_40' title="bbox 211 5013 1367 5098; baseline 0.002 -23"><span class='ocrx_word' id='word_1_335' title='bbox 211 5013 460 5098; x_wconf 86' lang='lat' dir='ltr'>investigacione</span> <span class='ocrx_word' id='word_1_336' title='bbox 484 5033 515 5078; x_wconf 83' lang='lat' dir='ltr'>et</span> <span class='ocrx_word' id='word_1_337' title='bbox 543 5017 788 5081; x_wconf 88' lang='lat' dir='ltr'>deliberacione.</span> <span class='ocrx_word' id='word_1_338' title='bbox 1364 5017 1367 5024; x_wconf 84' lang='lat'>&#39;</span> 
     </span>
    </p>
   </div>
   <div class='ocr_carea' id='block_1_5' title="bbox 0 0 1885 5780">
    <p class='ocr_par' dir='ltr' id='par_1_9' title="bbox 0 0 1885 5780">
     <span class='ocr_line' id='line_1_41' title="bbox 0 0 1885 5780; baseline 0 0"><span class='ocrx_word' id='word_1_339' title='bbox 0 0 1885 5780; x_wconf 95' lang='lat' dir='ltr'> </span> 
     </span>
    </p>
   </div>
  </div>
 </body>
</html>
