3694 5782
416 547 477 608 282
791 550 879 607 Anno
901 545 993 627 1465.
1019 583 1060 591 -
1081 563 1114 625 9.
1139 549 1307 610 novembris.

415 781 484 822 rum
510 763 683 844 recepisset
706 783 761 824 seu
786 763 884 845 recipi
909 762 1051 838 fecissem
1077 763 1117 826 de
1141 782 1207 846 quo
1224 763 1344 844 judicio
1370 763 1436 846 ipse
1462 761 1579 824 Paulus
1595 761 1675 822 auri·

414 866 504 932 saber
528 889 593 930 non
619 884 788 932 contentus
812 870 852 931 ad
876 870 1017 932 seniores
1041 871 1233 953 appellasset
1256 869 1388 952 judices.

521 976 597 1038 ltem
624 997 751 1038 causam
777 977 859 1039 inter
883 977 1027 1040 relictam
1059 977 1197 1038 condam
1223 977 1347 1038 Bencze
1371 974 1428 1037 filii
1454 975 1592 1036 condam
1615 972 1676 1038 De·

414 1084 518 1145 metrii
543 1084 636 1166 jurati
662 1097 693 1145 et
725 1084 805 1145 inter
831 1084 972 1146 Blasium
1005 1082 1201 1165 lutifigulum
1236 1083 1364 1145 racione
1396 1083 1562 1144 cuiusdam
1587 1081 1676 1159 silve,

414 1191 508 1272 jurati
534 1190 768 1272 adjudicarunt,
793 1192 881 1273 quod
907 1192 973 1274 ipsa
1006 1191 1085 1252 silva
1111 1191 1207 1252 debet
1230 1191 1326 1252 vendi
1360 1205 1391 1253 et
1414 1190 1570 1252 medietas
1594 1188 1674 1250 dicte

414 1297 568 1380 peccunia
593 1297 661 1358 dari
686 1297 781 1359 debet
806 1299 914 1360 relicte
939 1298 1038 1380 ipsius
1066 1298 1204 1376 Bencze,
1228 1299 1289 1360 alia
1314 1317 1390 1360 vero
1415 1297 1569 1359 medietas
1593 1296 1675 1357 dicte

414 1405 567 1486 peccunie
592 1424 651 1486 pro
675 1405 844 1465 animabus
868 1405 998 1467 illorum
1024 1424 1162 1486 quorum
1188 1403 1258 1484 luit,
1282 1405 1409 1487 exponi.

480 1607 625 1680 Sabbalo
654 1606 805 1697 proximo
834 1619 910 1698 post
939 1609 1062 1680 testum
1091 1607 1181 1680 beati
1209 1607 1369 1682 leonardi
1398 1605 1612 1680 confessoris.

923 1747 966 1820 (9.
989 1743 1174 1820 novmbris).

520 1867 597 1928 ltem
623 1869 765 1930 seniores
796 1867 918 1949 judices
950 1887 1078 1929 eausam
1111 1887 1167 1949 per
1199 1867 1320 1947 juratos
1344 1865 1428 1928 dicte
1451 1865 1589 1928 civitatis
1621 1865 1676 1926 ad-

413 1973 585 2055 judicatam
612 1975 694 2036 inter
710 1975 879 2036 dominum
902 1974 1082 2035 lohannem
1099 1974 1291 2035 canonicum
1309 1973 1443 2035 ecclesie
1461 1972 1676 2053 zagtabiensis

414 2095 444 2141 et
469 2081 691 2159 koucharium,
716 2101 752 2142 ex
778 2095 866 2163 parte
891 2081 1098 2142 dominorum
1128 2081 1357 2142 canonicorum
1382 2079 1413 2140 in
1440 2077 1563 2140 koucha
1592 2091 1676 2140 extra

415 2201 539 2269 portam
572 2186 768 2266 carnificum,
800 2202 835 2250 ut
858 2203 1009 2266 actorem,
1040 2202 1070 2248 et
1094 2188 1175 2248 inter
1206 2186 1349 2248 Blasium
1382 2186 1559 2247 institorem
1593 2185 1675 2246 dicte

415 2295 561 2374 civitatis,
585 2308 620 2356 ut
644 2296 675 2356 in
700 2315 828 2358 causam
860 2308 1039 2374 attractum,
1068 2295 1197 2356 racione
1230 2293 1462 2374 vituperiorum
1488 2312 1543 2374 per
1568 2293 1674 2375 ipsum

414 2402 556 2463 Blasium
581 2417 690 2464 contra
715 2404 818 2484 ipsum
845 2403 1013 2464 dominum
1040 2400 1219 2462 lohannem
1243 2397 1401 2462 factorum
1427 2413 1457 2460 et
1481 2399 1520 2460 ad
1546 2419 1608 2460 nos
1631 2418 1677 2460 se·

414 2510 520 2570 niores
543 2509 665 2590 judices
689 2529 745 2590 per
770 2510 873 2591 ipsum
907 2509 1075 2570 dominum
1103 2507 1282 2568 iohannem
1315 2505 1519 2588 appellatam,
1545 2525 1607 2567 nos
1630 2525 1675 2567 se-

413 2617 520 2676 niores
545 2615 666 2694 judices
690 2615 795 2676 taliter
812 2614 1078 2694 adjudicavimus,
1104 2613 1190 2694 quod
1216 2613 1283 2694 ipse
1300 2611 1426 2673 Blasius
1448 2612 1576 2673 institor
1593 2611 1677 2692 juxta

412 2722 717 2803 comprobacionem
745 2722 873 2782 testium
900 2721 999 2802 ipsius
1023 2720 1146 2782 domini
1172 2719 1338 2796 Johauuis,
1363 2732 1472 2779 contra
1497 2719 1604 2799 ipsum
1623 2718 1677 2779 do-

412 2829 536 2888 minum
561 2826 740 2889 lohannem
766 2828 932 2889 convictus
957 2841 1003 2889 est
1028 2828 1058 2888 in
1085 2827 1197 2888 decem
1216 2827 1332 2886 marcis
1355 2825 1574 2904 denariorum,
1599 2839 1677 2886 tam·

412 2953 509 3014 quarn
534 2949 643 2995 contra
668 2954 768 2995 unum
794 2955 831 2994 ex
849 2935 1008 3016 judicibus
1033 2934 1116 2996 dicte
1141 2932 1313 3014 (civitatis),
1331 2952 1466 3013 quarum
1492 2931 1555 2994 due
1574 2947 1677 3015 partes

412 3041 490 3120 leso,
514 3041 610 3103 tercia
636 3061 707 3122 pars
732 3040 955 3102 communitati
981 3041 1065 3101 dicte
1089 3040 1236 3101 civitatis.

517 3147 595 3209 ltem
620 3167 679 3208 nos
711 3147 853 3208 seniores
884 3146 1006 3228 judices
1038 3166 1166 3208 causam
1200 3147 1282 3207 inter
1314 3146 1490 3207 Matrinum
1515 3147 1675 3207 seniorem

410 3253 550 3334 judicem
575 3254 657 3315 dicte
682 3253 828 3332 civitatis,
854 3267 888 3314 ut
920 3266 1060 3314 actorem
1086 3255 1126 3314 ab
1152 3272 1226 3330 una,
1259 3265 1290 3313 et
1314 3253 1483 3334 providam
1509 3252 1676 3314 dominam

411 3360 612 3440 Margaretha
634 3374 791 3439 vocatam,
816 3360 970 3437 relictam,
1007 3373 1038 3421 et
1069 3358 1153 3420 filios
1177 3359 1315 3420 condam
1348 3359 1445 3420 Blasii
1470 3358 1597 3438 judicis,
1622 3357 1676 3420 filii

412 3467 513 3540 Pauli,
539 3480 573 3527 ut
605 3467 637 3527 in
671 3487 800 3528 causam
834 3481 994 3546 attractos,
1018 3487 1075 3550 per
1107 3467 1227 3547 juratos
1260 3467 1343 3529 dicte
1371 3467 1507 3528 civitatis
1530 3481 1676 3549 tempore

410 3571 569 3650 judicatus
593 3573 653 3633 viri
678 3573 805 3654 providi
824 3573 920 3634 Blasii
939 3573 1165 3656 Ztoymylych,
1190 3573 1326 3635 senioris
1343 3573 1468 3653 judicis,
1494 3571 1572 3636 feria
1591 3587 1675 3634 sexta

410 3693 481 3758 post
505 3677 620 3740 festum
658 3679 889 3742 Conversionis
924 3682 1007 3743 beati
1045 3681 1135 3742 Pauli
1168 3681 1318 3763 apostoli,
1351 3681 1390 3742 de
1424 3701 1509 3742 anuo
1542 3681 1675 3743 Domini

410 3783 624 3846 MCCCCLX
649 3787 765 3867 primo,
799 3787 998 3869 aliquamdiu
1033 3788 1202 3870 preteritis,
1234 3789 1363 3850 racione
1388 3787 1567 3850 ablacionis
1600 3807 1676 3869 qua-

410 3890 556 3951 rumdam
575 3906 726 3954 resumet
743 3895 902 3954 bonorum
921 3895 1138 3976 adjudicatam
1155 3908 1186 3956 et
1202 3914 1258 3977 per
1282 3909 1472 3956 annotatum
1498 3895 1673 3956 Matrinum

408 3996 546 4076 judicem
572 3997 611 4057 ad
642 4018 700 4060 nos
724 3998 865 4059 seniores
897 4000 1019 4080 judices
1050 4001 1256 4083 appellatam,
1289 4021 1347 4063 nos
1383 4003 1526 4063 seniores
1550 4001 1674 4081 judiees

410 4100 492 4164 lacto
518 4104 549 4163 in
574 4105 730 4184 premisso
755 4106 859 4166 taliter
884 4107 1139 4186 adjudicavimus
1164 4123 1194 4170 et
1212 4109 1405 4188 invenimus,
1430 4110 1505 4190 quia
1530 4109 1591 4191 ipsi
1617 4109 1671 4170 do·

409 4209 495 4269 mine
520 4209 628 4270 relicte
654 4211 752 4291 ipsius
769 4212 905 4273 condam
932 4213 1029 4275 Blasii
1053 4214 1168 4294 judicis
1185 4215 1405 4294 adjudicatum
1429 4212 1490 4277 fuit
1513 4215 1675 4295 juramen·

409 4327 478 4375 tum
503 4317 667 4378 terciemet
690 4319 755 4378 suis
779 4339 851 4380 cum
877 4323 1034 4382 consociis
1061 4323 1183 4384 civissis
1215 4325 1298 4385 dicte
1323 4324 1471 4400 civitatis,
1499 4323 1589 4405 quod
1614 4341 1672 4384 nec

408 4422 475 4502 ipsa
498 4423 554 4484 sed
579 4443 639 4484 nec
664 4424 804 4505 prefatus
828 4428 965 4488 condam
987 4429 1111 4490 Blasius
1129 4430 1224 4510 judex
1249 4429 1289 4491 de
1315 4433 1409 4491 rebus
1427 4430 1525 4512 ipsius
1543 4429 1672 4491 Martini

408 4527 521 4606 judicis
545 4549 609 4588 non
635 4532 829 4612 recepissent
861 4553 919 4594 nec
951 4535 1061 4616 aliqua
1086 4535 1224 4618 dampna
1259 4536 1452 4614 intulissent,
1478 4536 1669 4617 premissum

408 4631 623 4712 juramentum
649 4650 695 4698 est
728 4637 946 4718 adjudicatum
980 4641 1039 4722 ipsi
1065 4641 1204 4703 Martino
1237 4641 1347 4722 judici,
1372 4643 1448 4723 quia
1473 4641 1582 4723 aliqua
1607 4641 1673 4723 ipsa

409 4738 539 4801 domina
565 4762 629 4802 non
662 4745 801 4825 negavit,
833 4746 979 4808 similiter
1012 4749 1180 4811 terciomet
1203 4747 1280 4810 feria
1313 4762 1400 4811 sexta
1433 4750 1579 4831 proxima
1604 4763 1673 4832 post

408 4844 523 4907 festum
549 4849 633 4910 beati
660 4851 788 4912 Martini
813 4852 845 4912 in
871 4873 923 4914 ara
948 4869 1055 4916 sancte
1082 4853 1205 4919 Crucis.

514 4953 592 5014 Item
617 4976 744 5016 causam
778 4957 860 5019 inter
885 4959 1020 5021 Paulum
1054 4960 1263 5042 aurifabrum,
1289 4976 1324 5024 ut
1355 4977 1495 5025 actorem
1531 4965 1571 5025 ab
1596 4981 1668 5038 una,

409 5070 439 5115 et
464 5057 545 5118 inter
570 5058 757 5122 Conradum
782 5063 922 5143 Rawsar‚
947 5067 1106 5128 seniorem
1131 5069 1282 5150 judicem,
1315 5083 1345 5130 et
1370 5071 1517 5132 concives
1540 5085 1666 5131 nostros

1828 681 1829 708 t

1827 711 1829 748 l
