3852 5814
404 489 468 552 472
819 465 1021 546 Ann01478.
1045 501 1088 512 -—
1112 465 1143 528 8.
1166 467 1252 529 maii.

407 684 513 766 posuit
537 681 752 763 juramentum
777 700 872 762 super
894 699 943 756 eo,
975 679 1063 760 quod
1095 677 1236 761 prefatus
1260 679 1406 742 Thomas
1429 680 1469 741 ad
1494 681 1668 741 terminum

405 790 466 851 sibi
491 787 646 870 prefixum
672 807 729 869 pro
754 786 894 868 quadam
919 785 1043 866 justicia
1067 787 1127 847 sibi
1155 785 1384 848 aministranda
1409 787 1441 847 in
1466 783 1550 848 lacto
1567 787 1666 848 Marci

407 895 629 958 Gwralxowicz
654 914 720 956 non
744 895 832 954 venit
855 912 961 974 neque
978 893 1074 971 misit,
1099 912 1204 976 neque
1229 893 1351 954 curavit
1368 894 1493 956 mittere
1517 893 1669 956 videlicet

406 1015 477 1085 post
501 1015 651 1062 octavum
676 1001 761 1062 diem
782 999 842 1060 sibi
867 997 1034 1081 prefixum.

512 1109 588 1170 ltem
614 1127 708 1170 causa
733 1107 814 1169 inter
839 1107 1040 1168 Anthonium
1061 1103 1257 1186 lutiligulum
1279 1121 1311 1168 et
1335 1107 1477 1170 Blasium
1501 1121 1668 1185 sartorem,

407 1217 474 1299 ipse
498 1215 622 1278 Blasius
652 1229 753 1276 sartor
784 1213 921 1295 prestitit
951 1212 1167 1294 juramentum
1196 1211 1274 1274 leria
1306 1226 1391 1276 sexta
1417 1215 1562 1296 proxima
1595 1227 1668 1296 post

406 1337 534 1384 octavas
558 1323 665 1400 Pasce,
690 1321 754 1402 jam
771 1321 916 1402 proxime
932 1320 1131 1402 preteritum,
1155 1339 1321 1401 supereo,
1345 1319 1433 1402 quod
1458 1321 1525 1402 ipse
1544 1321 1669 1382 Blasius

409 1429 531 1491 nullam
556 1429 742 1490 societatem
766 1426 879 1488 habuit
903 1445 976 1487 cum
1001 1425 1072 1488 Elia
1096 1425 1283 1508 presbitero.

513 1535 590 1598 ltem
625 1534 762 1596 Michael
795 1532 880 1596 filius
911 1531 1002 1594 Pauli
1035 1531 1198 1614 Jagathicz
1230 1533 1452 1615 comprobavit
1482 1533 1668 1596 testimonio

407 1641 583 1724 fidedign0,
608 1641 759 1702 videlicet
783 1640 832 1700 isti
865 1653 958 1700 testes
990 1653 1063 1700 sunt
1096 1638 1180 1717 lassi,
1204 1637 1354 1700 videlicet
1385 1639 1503 1702 Paulek
1529 1640 1668 1702 carnifex

408 1763 437 1810 et
464 1747 599 1811 Mathias
625 1746 763 1809 carnifex
789 1747 937 1808 concives
962 1746 1060 1807 nostri
1086 1760 1117 1807 et
1139 1745 1260 1807 Petricz
1285 1745 1497 1808 Bedeltowicz
1521 1747 1669 1808 similiter

406 1856 548 1918 concivis
571 1857 630 1918 isto
656 1855 766 1932 mod0,
790 1853 878 1936 quod
903 1853 970 1935 ipse
996 1852 1113 1914 Paulus
1146 1853 1285 1933 Jagaticz
1311 1853 1342 1913 in
1366 1853 1431 1914 suis
1455 1853 1606 1916 extremis
1623 1854 1670 1915 le·

407 1962 495 2042 gavit
526 1961 731 2023 medietatem
756 1959 858 2020 civilis
890 1959 993 2020 eidem
1028 1957 1176 2020 Michaeli
1211 1971 1242 2020 et
1274 1959 1409 2020 Nicolao
1434 1957 1508 2020 filiis
1539 1961 1604 2020 suis
1628 1959 1669 2023 de

408 2069 509 2150 prima
523 2067 660 2148 conjuge
678 2067 769 2144 natis,
787 2067 882 2127 aliam
900 2066 1103 2127 medietatem
1119 2066 1208 2126 uxori
1222 2085 1277 2126 sue
1295 2065 1449 2128 moderna
1475 2081 1505 2128 et
1529 2065 1669 2128 lobanni

407 2189 438 2237 et
462 2173 662 2255 Margarethe
688 2173 831 2255 prolibus
855 2174 920 2232 suis
945 2172 984 2232 de
1013 2172 1072 2233 hac
1105 2171 1216 2233 ultima
1242 2191 1339 2232 uxore
1371 2173 1562 2252 procreatis;
1589 2172 1667 2234 item

406 2295 523 2343 terram
543 2280 694 2340 arabilem
714 2277 916 2340 larchenicza
934 2293 1078 2338 vocatam
1100 2277 1219 2358 legavit
1237 2277 1385 2339 Michaeli
1409 2277 1477 2339 filio
1494 2297 1570 2355 suo;
1588 2278 1665 2340 item

406 2387 534 2446 vineam
550 2385 798 2447 Stechowzchak
812 2385 963 2446 omnibus
980 2383 1106 2445 nullum
1124 2384 1332 2465 excipiendo;
1356 2384 1433 2446 item
1449 2397 1566 2446 terram
1583 2385 1666 2447 circa

407 2491 603 2575 Cyrltwisca,
621 2492 824 2554 medietatem
839 2491 929 2551 uxori
944 2491 1026 2551 Nesa
1044 2505 1165 2568 vocate,
1179 2491 1276 2551 aliam
1296 2491 1501 2553 medietatem
1513 2490 1668 2572 prolibus.

513 2599 589 2660 ltem
622 2599 654 2660 in
688 2618 780 2659 causa
814 2598 895 2659 inter
927 2596 1135 2658 Valentinum
1171 2598 1382 2680 Koey..icz
1414 2611 1445 2660 et
1477 2595 1670 2660 Michaelem

408 2705 585 2788 Opraanicz
621 2724 679 2787 pro
712 2705 851 2786 quadarn
887 2716 969 2764 terra
1006 2704 1036 2764 in
1073 2717 1264 2765 testamento
1296 2703 1375 2765 alias
1408 2723 1463 2786 per
1494 2704 1668 2785 quemdam

409 2812 539 2875 Gallum
571 2826 711 2874 sutorem
742 2812 846 2892 legata
879 2809 1007 2871 cuidam
1039 2810 1219 2890 juventule,
1251 2826 1323 2892 post
1354 2823 1491 2872 mortem
1524 2811 1668 2872 eiusdem

408 2919 577 3001 juvencule
602 2939 658 3000 per
682 2919 802 3001 judices
826 2931 857 2979 et
874 2916 994 2997 juratos
1017 2930 1064 2978 est
1080 2916 1260 2998 adjudicata
1283 2913 1406 2998 prefato
1432 2915 1580 2979 Michaeli
1599 2916 1667 2980 lilio

409 3025 596 3108 Opraanicz.

513 3132 590 3194 ltem
609 3132 642 3192 in
667 3129 749 3192 facto
774 3130 878 3192 Kirini
896 3149 968 3192 cum
985 3127 1135 3192 fratribus
1151 3130 1250 3192 sancti
1276 3129 1436 3191 Francisci
1453 3149 1511 3211 pro
1528 3129 1670 3211 quadam

409 3253 502 3318 terra,
527 3237 744 3318 adjudicatum
759 3251 804 3297 est
827 3257 883 3318 per
900 3224 1029 3316 juratos,
1054 3235 1142 3318 quod
1159 3235 1288 3297 terciam
1310 3247 1432 3316 partem
1449 3255 1505 3298 seu
1522 3236 1670 3317 precium

409 3345 507 3406 tercie
531 3344 628 3425 partis
656 3342 800 3403 eiusdem
825 3357 906 3403 terre
930 3342 1033 3404 solvat
1055 3339 1205 3404 fratribus
1229 3341 1388 3424 predictis.

513 3451 590 3512 ltem
615 3451 646 3510 in
672 3447 756 3510 lacto
780 3469 838 3530 pro
863 3449 1005 3530 quodam
1035 3450 1118 3510 bove
1143 3449 1228 3510 Luce
1261 3448 1410 3510 Ribaricz
1436 3469 1509 3510 cum
1534 3449 1670 3511 domino

407 3557 564 3634 Bernaba,
588 3555 808 3636 adjudicatum
833 3569 889 3634 est,
914 3555 1002 3636 quod
1027 3555 1085 3616 bos
1110 3556 1253 3616 manebit
1277 3555 1363 3616 Luce
1388 3569 1419 3617 et
1443 3555 1576 3617 domino
1595 3557 1669 3618 Bar·

408 3665 490 3724 nabe
514 3661 649 3743 pecunia
673 3660 826 3724 redditur.

514 3768 593 3830 ltem
617 3767 650 3828 in
674 3765 758 3828 facto
775 3766 894 3848 Filippi
909 3766 1033 3851 Dwdey
1050 3786 1123 3828 cum
1141 3765 1238 3846 Beda,
1256 3767 1475 3850 adjudicatum
1493 3782 1540 3830 est
1563 3767 1670 3830 eidem

410 3875 496 3936 Bede
522 3875 673 3935 Katerina
704 3887 816 3936 vocate
848 3887 987 3956 prestare
1020 3873 1252 3954 juramentum,
1287 3877 1376 3956 quod
1408 3876 1475 3958 ipsa
1508 3895 1573 3936 non
1597 3895 1669 3958 per·

411 3981 508 4043 cussit
531 3981 705 4062 quamdam
730 3981 898 4042 mulierem
923 3981 955 4040 in
981 3980 1080 4041 domo
1105 3981 1213 4062 ipsius,
1238 3981 1294 4042 sed
1317 3982 1423 4044 solum
1446 3982 1548 4043 trusit.

515 4089 593 4151 ltem
618 4089 650 4149 in
676 4087 759 4150 lacto
784 4088 912 4149 Andree
937 4086 1064 4170 (fratris)
1085 4087 1210 4150 domini
1233 4089 1388 4152 Johannis
1412 4091 1540 4152 racione
1565 4090 1670 4152 cuius-

409 4196 482 4256 dam
508 4196 624 4256 domus
647 4195 745 4256 Marci
772 4193 993 4256 Gwraltowicz
1026 4194 1245 4276 adjudicatum
1277 4210 1333 4275 est,
1358 4197 1445 4278 quod
1471 4197 1670 4279 quicumque

409 4315 464 4363 aut
487 4301 512 4361 si
538 4301 690 4362 Nicolaus
716 4301 872 4362 Horwath
897 4299 965 4362 vult
986 4299 1101 4362 habere
1126 4302 1302 4382 predictam
1321 4303 1454 4364 domum
1479 4317 1596 4365 extunc
1612 4323 1666 4385 pe-

409 4408 537 4469 cuniam
561 4427 617 4470 seu
642 4407 786 4468 debitum
811 4407 956 4469 eiusdem
988 4407 1117 4468 Andree
1146 4407 1307 4491 deponere
1340 4421 1496 4488 teneatur,
1520 4409 1670 4472 videlicet

410 4513 579 4595 pecuniam
604 4532 701 4594 quarn
726 4513 829 4574 solvat
853 4513 962 4574 comiti
987 4527 1096 4575 nostro
1121 4528 1152 4575 et
1179 4534 1268 4576 suam
1293 4515 1463 4597 pecuniam
1487 4515 1584 4577 aliam
1608 4517 1669 4578 sibi

409 4620 569 4696 debitam;
594 4619 661 4700 ipse
685 4620 838 4680 Nicolaus
863 4639 927 4680 non
952 4632 1120 4680 contentus
1141 4620 1316 4702 appellavit
1340 4622 1379 4682 ad
1405 4620 1549 4684 altiores.

515 4725 593 4786 ltem
617 4725 770 4787 Nicolaus
794 4723 881 4787 saber
913 4726 1064 4788 citaverat
1088 4726 1262 4788 Martinam
1288 4727 1445 4810 Spilusicz
1470 4727 1510 4788 ad
1534 4727 1670 4789 tercium

409 4831 576 4913 judicium,
601 4831 656 4892 sed
682 4831 834 4893 Nicolaus
858 4829 946 4895 laber
970 4851 1034 4894 non
1058 4833 1237 4916 comparuit
1254 4834 1310 4916 qui
1335 4834 1487 4896 citaverat
1504 4833 1670 4915 Mathiam,

410 4957 511 5020 usque
536 4937 633 5000 finem
659 4940 849 5022 comparuit,
874 4953 904 5002 et
928 4939 988 5004 hoc
1013 4938 1073 5002 fuit
1096 4960 1155 5023 pro
1180 4941 1271 5003 milio
1296 4941 1391 5004 unius
1416 4941 1511 5004 diere.
