3738 5786
410 541 453 620 64
785 543 986 619 Anno1454.
1011 575 1055 586 -
1078 536 1129 601 18.
1146 541 1296 617 januarii.

412 751 480 833 ipse
505 751 670 832 quoddam
695 749 792 812 fenile
818 770 891 813 cum
914 765 997 813 terra
1021 751 1052 812 in
1074 769 1189 832 campo
1214 761 1244 812 et
1267 750 1429 813 territorio
1453 750 1589 812 civitatis
1606 769 1676 832 pre·

414 857 497 921 dicte
521 857 662 920 habitam
688 858 794 940 ipsum
818 857 953 939 juridice
971 871 1218 920 concernentem
1235 857 1361 940 prelato
1385 857 1528 940 Georgio
1547 857 1675 941 pellifici

410 964 547 1045 legasset
570 964 639 1046 jure
663 963 851 1047 perhennali
876 963 1117 1046 possidendam,
1147 964 1287 1046 ideoque
1312 984 1371 1026 uos
1395 978 1511 1026 terram
1536 977 1567 1026 et
1590 964 1674 1028 idem

410 1069 508 1134 fenile
533 1071 564 1132 in
589 1071 750 1134 territorio
776 1069 913 1134 civitatis
936 1070 1081 1132 habitum
1115 1089 1189 1132 cum
1213 1071 1278 1132 suis
1310 1069 1504 1133 utilitatibus
1526 1083 1557 1132 et
1580 1071 1675 1154 perti·

410 1179 533 1240 nenciis
557 1178 715 1240 universis
738 1175 862 1260 prelato
885 1175 1028 1259 Georgio
1053 1177 1157 1259 jurato
1182 1197 1218 1240 ac
1242 1197 1389 1259 pereum
1413 1177 1479 1239 suis
1503 1176 1675 1240 heredibus

409 1286 578 1348 statuimus
609 1298 641 1346 et
672 1283 933 1346 confirmavimus
965 1297 1122 1366 perpetuo
1163 1283 1395 1366 possidendum
1428 1298 1458 1344 et
1493 1283 1676 1365 quomodo·

411 1410 550 1474 cumque
572 1391 711 1453 voluerit
735 1391 986 1472 disponendum.

517 1497 595 1560 ltem
613 1496 791 1580 Elyzabeth
805 1496 950 1558 obstitrix
968 1496 1051 1557 dicta
1067 1495 1308 1579 Sluobothycza
1323 1515 1379 1578 per
1397 1495 1675 1578 adjudicationem

410 1603 587 1684 juratorum
619 1603 723 1685 jurare
755 1602 916 1664 tenebitur
946 1615 1061 1664 octavo
1094 1602 1146 1664 die
1179 1622 1275 1684 super
1303 1621 1352 1682 eo,
1385 1616 1420 1664 ut
1444 1621 1546 1684 nepos
1577 1602 1677 1684 ipsius

411 1708 589 1792 Elyzabeth
615 1708 759 1771 mulieris
784 1708 870 1791 ipsos
894 1708 977 1770 duos
1008 1707 1150 1770 florenos
1173 1709 1242 1770 auri
1274 1721 1305 1771 et
1328 1709 1385 1770 XL
1410 1708 1571 1787 denarios,
1596 1726 1677 1790 quos

411 1815 597 1899 peripsum
629 1829 779 1898 nepotem
813 1815 965 1877 dominus
998 1815 1095 1898 Elyas
1126 1815 1281 1897 presbiter
1305 1835 1322 1876 a
1348 1835 1380 1876 se
1412 1815 1604 1876 subtraxisse
1629 1813 1675 1875 di-

412 1923 514 2001 cebat,
546 1923 586 1984 ab
619 1922 689 2004 ipso
721 1935 839 2006 nepote
863 1941 922 1983 suo
954 1941 1020 1983 non
1052 1922 1196 2004 percepit
1229 1940 1287 1984 uec
1321 1922 1388 2003 ipse
1412 1939 1513 2004 nepos
1538 1941 1593 1983 eos
1616 1919 1675 1982 sibi

412 2029 601 2112 apportavit.

433 2229 531 2303 Feria
560 2239 659 2303 sexta
687 2233 841 2319 proxima
870 2235 947 2320 post
974 2230 1096 2302 festum
1127 2230 1216 2300 beati
1247 2226 1406 2302 lothorii
1436 2230 1649 2302 confessoris.

911 2379 978 2461 (18.
995 2383 1167 2459 junuarii).

516 2521 594 2584 ltem
624 2523 717 2606 jurati
749 2523 973 2606 adjudicarunt
1005 2541 1133 2585 causam
1166 2522 1305 2586 Emerici
1337 2521 1430 2604 jurati
1456 2521 1513 2585 filii
1546 2522 1674 2585 Thome

411 2631 551 2709 sartoris,
584 2631 710 2713 nepotis
741 2631 873 2692 domine
906 2630 1017 2710 Elene,
1050 2631 1132 2692 inter
1164 2630 1269 2712 ipsum
1299 2641 1330 2691 et
1361 2631 1443 2692 inter
1472 2629 1674 2694 Anthonium

413 2735 602 2819 Oprasnycb
627 2757 663 2800 ac
688 2736 892 2800 Clementem
916 2737 955 2797 de
981 2737 1103 2817 Posega
1128 2751 1159 2798 et
1187 2737 1269 2798 inter
1293 2736 1467 2797 Martinum
1494 2737 1676 2798 Kordinecz

412 2861 519 2904 coram
538 2843 584 2904 eis
600 2855 631 2904 et
648 2861 754 2905 coram
781 2843 874 2904 nobis
898 2857 1030 2922 motam,
1055 2842 1110 2904 tali
1129 2842 1238 2920 modo,
1263 2856 1298 2905 ut
1322 2843 1389 2924 ipse
1415 2842 1580 2904 Emericus
1605 2842 1676 2904 lite·

412 2961 498 3010 ratus
522 2948 747 3026 aldomasium,
772 2949 860 3030 quod
885 2949 961 3032 ipsis
989 2948 1167 3028 Anthonio,
1192 2948 1354 3011 Clementi
1380 2961 1411 3010 et
1436 2949 1576 3010 Martino
1600 2948 1676 3010 dare

412 3053 560 3136 promisit
584 3054 659 3116 dare
684 3053 789 3132 debet,
808 3055 959 3137 ipsosque
981 3054 1194 3132 Anthonium,
1219 3053 1422 3117 Clementem
1448 3067 1479 3116 et
1503 3055 1686 3116 Martinum-

413 3161 453 3222 ab
478 3160 623 3224 ulteriori
656 3161 849 3244 inpetitione
882 3161 981 3243 ipsius
1014 3161 1152 3222 Emerici
1177 3161 1292 3224 literati
1328 3160 1529 3222 reddidimus
1553 3160 1680 3241 quietos

413 3280 445 3328 et
470 3267 654 3349 expeditos;
679 3267 831 3349 idemque
857 3268 956 3329 eciam
977 3267 1143 3330 Emericus
1167 3268 1310 3329 literatus
1334 3266 1374 3328 de
1391 3266 1595 3348 obligacione
1613 3265 1680 3344 illa,

413 3373 453 3434 ad
479 3392 575 3454 quam
601 3393 634 3436 se
658 3373 815 3455 obligavit
838 3393 932 3436 causa
957 3375 988 3435 in
1010 3375 1176 3456 premissa,
1201 3371 1298 3454 judici
1325 3388 1356 3435 et
1380 3373 1490 3454 juratis
1514 3371 1681 3434 modernis

413 3498 514 3560 usque
539 3493 687 3542 octavum
713 3483 800 3541 diem
824 3479 921 3541 debet
944 3479 1120 3562 inpendere
1145 3477 1413 3541 satisfaccionem.

518 3585 594 3647 Item
629 3587 704 3668 quia
729 3584 890 3667 Georgius
923 3601 1025 3648 sartor
1056 3586 1159 3647 dictus
1184 3583 1412 3647 Kerchmarich
1444 3585 1476 3645 in
1508 3581 1681 3646 manifesto

413 3690 498 3753 furtu
523 3707 682 3754 certorum
714 3691 878 3774 lignorum
904 3691 1052 3773 Gregorii
1086 3691 1238 3774 lutifiguli
1271 3691 1347 3753 dicti
1373 3692 1483 3773 Zaylro
1508 3689 1681 3772 compatris

411 3797 460 3858 sui
484 3810 530 3858 est
548 3811 714 3880 reppertus
738 3818 756 3858 a
780 3811 877 3877 certo,
903 3799 1055 3879 idemque
1074 3799 1184 3880 Zayko
1210 3796 1386 3878 Gregorius
1409 3797 1531 3859 dictum
1557 3795 1678 3858 lurtum

413 3917 461 3966 ter
474 3904 649 3986 repetendo
666 3919 775 3966 contra
794 3905 898 3986 ipsum
917 3903 1095 3986 Georgium
1110 3924 1217 3966 coram
1236 3905 1329 3966 nobis
1342 3904 1519 3987 proposuit,
1537 3903 1679 3985 ideoque

414 4009 507 4093 jurati
539 4010 763 4092 adjudicarunt
793 4012 894 4093 ipsam
924 4031 1051 4072 causam
1084 4011 1160 4072 dicti
1192 4009 1266 4072 lurti
1299 4011 1355 4072 tali
1391 4010 1501 4089 modo,
1537 4023 1572 4071 ut
1603 4010 1680 4072 licet

413 4118 480 4199 ipse
500 4115 661 4198 Georgius
685 4137 743 4200 pro
760 4117 904 4200 predicto
927 4116 1013 4178 furtu
1038 4117 1189 4200 suspendi
1208 4117 1381 4196 debuisset,
1405 4132 1512 4178 tamen
1530 4135 1676 4177 commu·

415 4225 497 4286 nitas
521 4237 586 4286 tota
603 4224 664 4286 sibi
689 4225 785 4286 talem
801 4225 942 4306 graciam
959 4223 1104 4303 lecimus,
1128 4223 1216 4305 quod
1234 4223 1302 4306 ipse
1320 4222 1480 4305 Georgius
1497 4241 1555 4304 pro
1573 4221 1678 4304 prima

412 4330 616 4392 correccione
641 4329 758 4412 expelli
784 4331 879 4391 debet
903 4330 942 4390 de
968 4330 1095 4392 civitate
1120 4345 1151 4391 et
1174 4329 1300 4391 deeius
1324 4329 1495 4408 territorio,
1519 4341 1617 4411 prout
1633 4341 1682 4390 est

413 4435 622 4498 effectualiter
645 4436 806 4518 expulsus,
830 4437 1066 4498 committentes
1090 4437 1150 4497 sibi
1179 4436 1234 4498 tali
1260 4435 1371 4514 modo,
1395 4447 1430 4496 ut
1454 4434 1494 4496 de
1518 4447 1624 4496 cetero
1648 4448 1682 4497 et

412 4541 632 4625 peramplius
657 4541 742 4603 idem
767 4541 927 4623 Georgius
951 4541 990 4603 ad
1017 4543 1178 4603 civitatem
1195 4557 1226 4603 et
1249 4541 1318 4603 eius
1342 4541 1538 4604 territorium
1563 4540 1603 4601 de
1628 4559 1681 4602 ce·

412 4661 481 4710 tero
507 4668 571 4710 non
597 4649 713 4710 debeat
737 4649 863 4728 intrare,
888 4650 944 4730 qui
961 4649 986 4710 si
1012 4650 1044 4710 in
1069 4649 1195 4712 civitate
1221 4663 1252 4710 et
1269 4649 1337 4710 eius
1360 4647 1522 4711 territorio
1539 4646 1682 4730 amplius

414 4769 579 4837 reppertus
595 4753 701 4833 luerit,
718 4755 804 4836 juxta
821 4774 876 4816 sua
895 4755 1048 4817 demerita
1062 4774 1178 4838 penam
1197 4775 1294 4838 quam
1313 4753 1508 4816 demeruerit
1524 4753 1680 4836 pacietur.

941 4961 1151 4980 ψ
