3738 5786
577 575 779 656 Ans01456.
805 613 846 622 —
864 591 898 656 5.
923 579 1093 640 novembris.
1402 601 1455 641 ιιι

298 790 381 852 ltem
399 789 493 872 jurati
512 789 780 872 adjudicaverunt
796 811 926 854 causam
939 793 1021 854 inter
1039 791 1249 854 Benedictum
1264 789 1461 854 aurifabrum

192 911 225 958 ut
257 911 418 975 actorem,
443 911 474 960 et
505 897 587 959 inter
621 897 813 980 Dyonisium
838 915 992 960 sartorem
1018 912 1051 960 ut
1084 899 1115 960 in
1140 919 1268 960 causam
1293 913 1461 978 attactum,

192 1024 301 1067 coram
316 1004 396 1086 ipsis
414 1017 547 1083 motam,
564 1004 619 1066 tali
637 1003 747 1083 modo,
765 1019 799 1068 ut
815 1025 910 1087 super
927 1024 1134 1086 quocumque
1152 1018 1183 1066 et
1199 1005 1458 1086 quantiscunque

192 1112 224 1172 in
250 1110 344 1173 factis
361 1129 573 1193 expensarum
598 1111 776 1194 peripsum
802 1111 1012 1174 Benedictum
1030 1109 1228 1173 aurifabrum
1247 1111 1278 1172 in
1304 1111 1358 1172 lite
1376 1111 1458 1172 inter

192 1218 278 1300 ipsos
303 1217 337 1278 in
370 1215 455 1278 facto
479 1216 579 1278 debiti
611 1230 684 1279 octo
721 1215 790 1281 flor.
825 1217 892 1279 auri
918 1231 1032 1279 octavo
1058 1217 1108 1278 die
1140 1237 1235 1300 super
1260 1236 1346 1278 aram
1373 1216 1455 1297 jura·

193 1325 283 1403 verit,
315 1323 478 1386 tenebitur
508 1323 633 1385 solvere
666 1323 733 1405 ipse
758 1323 933 1407 Dyonisius
966 1337 1070 1386 sartor
1095 1324 1269 1386 benedicto
1294 1321 1456 1384 aurifabro

192 1445 382 1514 prenotat0;
418 1430 458 1492 de
483 1448 549 1512 quo
580 1429 701 1510 judicio
737 1431 804 1512 ipse
838 1429 1011 1513 Dyonisius
1043 1443 1144 1493 sartor
1176 1451 1240 1492 non
1274 1443 1453 1506 contentus,

192 1538 368 1622 appellavit
400 1536 537 1600 eandem
569 1555 698 1598 causam
729 1537 761 1598 in
795 1537 994 1619 presenciam
1025 1537 1190 1598 seniorum
1222 1535 1366 1618 judicum
1399 1556 1458 1617 pro

192 1645 280 1707 finali
305 1657 338 1706 et
361 1643 487 1705 meliori
511 1642 612 1725 ipsius
636 1661 730 1704 cause
755 1643 1039 1706 determinacione.
1234 1711 1239 1722 ,

299 1751 379 1814 Item
404 1749 545 1833 predicte
569 1761 675 1832 partes
705 1751 800 1811 ambe
825 1769 881 1832 per
913 1749 1188 1833 composicionem
1221 1749 1385 1812 seniorum
1410 1749 1456 1830 ju·

192 1859 300 1920 dicum
327 1857 368 1918 ad
393 1875 494 1918 unum
519 1855 588 1918 flor.
613 1856 891 1918 concordaverunt
914 1876 973 1938 pro
1002 1857 1149 1940 expensis
1173 1855 1334 1938 predictis,
1359 1875 1457 1938 quem

192 1966 353 2027 florenum
377 1963 444 2044 ipse
470 1961 646 2046 Dyouisius
669 1975 771 2026 sartor
805 1961 949 2044 predicto
974 1962 1151 2025 Benedicto
1174 1961 1339 2025 aurifabro
1364 1963 1460 2024 debet

191 2071 330 2134 solvere.

299 2177 379 2238 ltem
403 2176 478 2258 quia
504 2174 664 2256 Georgius
687 2173 772 2236 filius
796 2175 952 2238 Anthonii
978 2175 1017 2237 de
1046 2176 1177 2238 Bacbun
1214 2175 1288 2238 licet
1312 2177 1343 2238 in
1369 2175 1456 2240 furtu

191 2283 360 2346 cuiusdam
378 2281 495 2365 patelle
513 2295 544 2343 et
567 2282 751 2364 zynzybery
768 2301 804 2344 ac
821 2281 1051 2344 cariofolorum
1076 2295 1107 2344 et
1131 2281 1268 2344 duarum
1286 2283 1453 2344 bursarum

191 2409 362 2474 parvarum
382 2389 524 2451 etunius
547 2401 613 2450 sete
630 2401 661 2450 et
678 2387 812 2450 duarum
832 2407 987 2450 zonarum
1012 2389 1045 2450 in
1063 2388 1216 2450 nundinis
1233 2387 1293 2450 fori
1310 2389 1458 2452 annualis

192 2496 261 2559 festi
286 2495 389 2558 sancti
407 2494 492 2576 regis
509 2493 662 2576 Stephani
681 2492 849 2556 manifeste
866 2507 1033 2578 reppertus
1049 2507 1105 2573 est,
1130 2495 1186 2577 qui
1203 2509 1333 2577 propter
1349 2496 1455 2578 ipsum

193 2603 314 2666 furtum
339 2600 492 2684 suspendi
511 2600 684 2679 debuisset,
707 2615 816 2662 tamen
843 2601 918 2683 quia
937 2621 993 2683 per
1009 2602 1129 2683 probos
1153 2615 1183 2663 et
1201 2600 1353 2664 honestos
1370 2602 1456 2663 viros

195 2709 289 2772 nobis
314 2728 373 2791 pro
400 2727 439 2770 eo
456 2706 672 2790 supplicatum
698 2707 810 2784 extitit,
837 2721 871 2769 ut
892 2707 952 2768 sibi
985 2707 1126 2788 graciam
1150 2720 1181 2769 et
1205 2707 1458 2770 misericordiam

192 2815 296 2879 facere
322 2815 540 2896 dignaremur,
565 2812 705 2895 ideoque
739 2832 797 2875 nos
829 2812 1049 2875 misericordia
1075 2813 1127 2876 dei
1160 2815 1239 2875 moti
1264 2833 1300 2876 ac
1325 2815 1456 2897 peticio·

192 2923 286 2984 nibus
312 2921 456 3004 ipsorum
481 2920 658 3002 proborum
692 2934 723 2980 et
752 2919 962 2980 honestorum
997 2919 1140 2982 virorum
1174 2919 1329 2998 inclinati,
1353 2921 1457 2982 eidem

194 3025 338 3108 Georgio
362 3026 503 3107 graciam
529 3039 560 3088 ct
583 3025 837 3086 misericordiam
863 3024 997 3086 fecimus
1013 3025 1122 3102 talem,
1147 3041 1182 3086 ut
1206 3025 1272 3108 ipse
1298 3025 1459 3108 Georgius

194 3132 335 3215 predicta
349 3130 431 3194 facta
454 3151 511 3193 sua
535 3130 620 3192 mala
638 3130 753 3192 defleat
777 3144 808 3192 et
833 3131 966 3192 ulterius
983 3130 1043 3192 hiis
1060 3132 1178 3194 similia
1203 3151 1267 3193 non
1294 3147 1453 3214 perpetret

195 3259 297 3320 neque
323 3238 514 3316 committat,
538 3238 594 3320 qui
619 3237 644 3298 si
668 3237 736 3320 ipsa
761 3236 843 3300 facta
867 3255 923 3298 sua
948 3237 1032 3298 mala
1057 3238 1259 3300 renovaverit
1283 3251 1313 3300 et
1338 3237 1398 3299 biis
1423 3238 1454 3299 in

194 3345 356 3406 similibus
388 3357 554 3426 reppertus
586 3341 692 3422 fuerit,
724 3361 798 3405 mox
831 3342 915 3424 juxta
945 3363 1000 3405 sua
1026 3343 1179 3406 demerita
1212 3363 1328 3426 penam
1360 3364 1457 3426 quam

195 3449 390 3513 demeruerit
414 3463 629 3531 consequetur
654 3451 775 3531 absque
800 3449 889 3511 omni
916 3449 1061 3511 ulteriori
1085 3450 1202 3530 gracia.

89 3763 94 3772 .
195 3667 291 3742 Faria
329 3677 428 3741 sexta
464 3671 620 3758 proxima
657 3679 733 3758 post
770 3668 893 3740 festum
921 3669 1148 3758 Deposiciouis
1186 3669 1276 3740 beati
1314 3667 1457 3743 limerlcl

777 3791 882 3864 ducis.

700 3949 745 4022 (5.
770 3943 957 4024 novembris).

300 4085 377 4148 ltem
410 4085 611 4166 Augustinus
643 4085 754 4146 Kusne
786 4085 928 4148 secundo
958 4085 1066 4146 citavit
1100 4086 1270 4148 Nicolaum
1303 4099 1458 4149 sartorem

194 4191 425 4274 supradictum,
457 4192 589 4274 ipseque
625 4191 778 4254 Nicolaus
807 4205 908 4253 sartor
934 4205 1044 4253 contra
1075 4194 1215 4254 eundem
1240 4194 1457 4276 Augustinum

195 4298 305 4360 Kusne
328 4299 468 4380 juratum
491 4298 635 4360 secundo
659 4317 744 4359 nunc
770 4297 884 4360 citatus
907 4317 973 4359 non
999 4299 1190 4380 comparuit.

299 4404 377 4467 ltem
404 4404 498 4486 jurati
522 4403 788 4487 adjudicaverunt
812 4404 844 4465 in
869 4423 963 4466 causa
981 4403 1081 4466 debiti
1105 4404 1162 4466 Xll
1187 4403 1256 4468 flor.
1281 4404 1349 4465 auri
1376 4405 1458 4466 inter

195 4509 357 4594 Mstbyam
383 4510 545 4572 literatum
570 4508 700 4572 fratrem
725 4509 863 4572 condam
888 4509 1043 4572 Johannis
1077 4509 1244 4590 carnificis,
1268 4511 1357 4592 olym
1381 4529 1456 4572 con·

194 4617 273 4678 civis
295 4617 406 4695 nostri,
432 4629 463 4679 et
486 4616 568 4678 iuter
592 4616 736 4678 Blasium
757 4614 938 4678 carnificem
963 4615 1066 4678 filium
1084 4617 1182 4698 ipsius
1207 4617 1361 4678 lobannis
1388 4637 1456 4678 car·

195 4719 307 4802 nificis,
330 4741 440 4785 coram
465 4721 575 4804 juratis
598 4723 675 4806 ipsis
700 4735 832 4800 motam,
856 4723 912 4784 tali
937 4722 1047 4801 modo,
1072 4737 1106 4784 ut
1130 4724 1196 4805 ipse
1222 4723 1367 4805 Matbyas
1384 4724 1455 4786 lite·

194 4839 282 4889 ratus
304 4828 343 4890 de
367 4829 461 4890 dictis
492 4827 549 4889 Xll
573 4827 643 4892 flor.
677 4828 756 4906 auri,
781 4828 898 4909 quibus
929 4827 989 4889 sibi
1021 4827 1162 4910 prefatus
1194 4829 1356 4890 Jobannes
1388 4849 1456 4890 car·

195 4931 283 4994 nifex
306 4935 481 4997 literatorie
513 4935 727 5016 obligabatur,
756 4954 821 4996 non
853 4935 995 5016 percepit
1018 4935 1091 5017 plus
1115 4936 1174 4996 nisi
1209 4936 1247 4997 lll
1273 4935 1342 4998 flor.
1375 4935 1455 5014 auri,

194 5039 298 5118 jurare
322 5061 417 5122 super
441 5060 481 5102 eo
504 5040 665 5102 tenebitur
689 5054 804 5103 octavo
828 5041 879 5102 die
912 5060 1008 5123 super
1032 5061 1119 5104 aram
1143 5057 1250 5105 sancte
1275 5041 1398 5120 Crucis,
1425 5057 1456 5103 et
