<?xml version="1.0" encoding="UTF-8"?>
<!DOCTYPE html PUBLIC "-//W3C//DTD XHTML 1.0 Transitional//EN"
    "http://www.w3.org/TR/xhtml1/DTD/xhtml1-transitional.dtd">
<html xmlns="http://www.w3.org/1999/xhtml" xml:lang="en" lang="en">
 <head>
  <title>
</title>
<meta http-equiv="Content-Type" content="text/html;charset=utf-8" />
  <meta name='ocr-system' content='tesseract 3.04.00' />
  <meta name='ocr-capabilities' content='ocr_page ocr_carea ocr_par ocr_line ocrx_word'/>
</head>
<body>
  <div class='ocr_page' id='page_1' title='image "./monumentahistor13laszgoog_0082.png"; bbox 0 0 3818 5786; ppageno 0'>
   <div class='ocr_carea' id='block_1_1' title="bbox 374 544 1640 1059">
    <p class='ocr_par' dir='ltr' id='par_1_1' title="bbox 374 544 1640 1059">
     <span class='ocr_line' id='line_1_1' title="bbox 780 544 1228 628; baseline -0.002 -18"><span class='ocrx_word' id='word_1_1' title='bbox 780 553 867 610; x_wconf 85' lang='lat' dir='ltr'><strong>Anno</strong></span> <span class='ocrx_word' id='word_1_2' title='bbox 889 562 978 628; x_wconf 82' lang='lat'><em>1451.</em></span> <span class='ocrx_word' id='word_1_3' title='bbox 1004 583 1045 592; x_wconf 88' lang='lat'><strong>—</strong></span> <span class='ocrx_word' id='word_1_4' title='bbox 1068 544 1123 608; x_wconf 87' lang='lat'><strong>28.</strong></span> <span class='ocrx_word' id='word_1_5' title='bbox 1147 551 1228 610; x_wconf 67' lang='lat' dir='ltr'><strong>maa.</strong></span> 
     </span>
     <span class='ocr_line' id='line_1_2' title="bbox 375 758 1640 846; baseline -0.006 -19"><span class='ocrx_word' id='word_1_6' title='bbox 375 785 439 828; x_wconf 89' lang='lat' dir='ltr'><strong>non</strong></span> <span class='ocrx_word' id='word_1_7' title='bbox 471 766 585 844; x_wconf 92' lang='lat' dir='ltr'><strong>tenuit,</strong></span> <span class='ocrx_word' id='word_1_8' title='bbox 617 763 673 827; x_wconf 88' lang='lat' dir='ltr'><strong>sed</strong></span> <span class='ocrx_word' id='word_1_9' title='bbox 697 783 756 846; x_wconf 91' lang='lat' dir='ltr'><strong>pro</strong></span> <span class='ocrx_word' id='word_1_10' title='bbox 780 762 981 826; x_wconf 90' lang='lat' dir='ltr'><strong>fideiussoria</strong></span> <span class='ocrx_word' id='word_1_11' title='bbox 1011 760 1164 824; x_wconf 86' lang='lat' dir='ltr'><strong>caucione</strong></span> <span class='ocrx_word' id='word_1_12' title='bbox 1198 779 1257 843; x_wconf 92' lang='lat' dir='ltr'><strong>pro</strong></span> <span class='ocrx_word' id='word_1_13' title='bbox 1289 779 1353 842; x_wconf 90' lang='lat' dir='ltr'><strong>qua</strong></span> <span class='ocrx_word' id='word_1_14' title='bbox 1377 758 1490 821; x_wconf 87' lang='lat' dir='ltr'><strong>eadem</strong></span> <span class='ocrx_word' id='word_1_15' title='bbox 1525 759 1640 820; x_wconf 90' lang='lat' dir='ltr'><strong>mulier</strong></span> 
     </span>
     <span class='ocr_line' id='line_1_3' title="bbox 374 864 1638 950; baseline -0.008 -15"><span class='ocrx_word' id='word_1_16' title='bbox 374 872 505 935; x_wconf 90' lang='lat' dir='ltr'><strong>eosdem</strong></span> <span class='ocrx_word' id='word_1_17' title='bbox 530 873 629 934; x_wconf 87' lang='lat' dir='ltr'><strong>boves</strong></span> <span class='ocrx_word' id='word_1_18' title='bbox 660 871 720 932; x_wconf 89' lang='lat' dir='ltr'>sibi</span> <span class='ocrx_word' id='word_1_19' title='bbox 753 870 833 932; x_wconf 86' lang='lat' dir='ltr'>dixit</span> <span class='ocrx_word' id='word_1_20' title='bbox 863 883 972 932; x_wconf 90' lang='lat' dir='ltr'><strong>tenere</strong></span> <span class='ocrx_word' id='word_1_21' title='bbox 1005 887 1175 950; x_wconf 85' lang='lat' dir='ltr'><strong>quousque</strong></span> <span class='ocrx_word' id='word_1_22' title='bbox 1206 887 1266 950; x_wconf 89' lang='lat' dir='ltr'><strong>pro</strong></span> <span class='ocrx_word' id='word_1_23' title='bbox 1290 865 1403 929; x_wconf 85' lang='lat' dir='ltr'><strong>eadem</strong></span> <span class='ocrx_word' id='word_1_24' title='bbox 1436 864 1638 928; x_wconf 82' lang='lat' dir='ltr'><strong>fideiussoris</strong></span> 
     </span>
     <span class='ocr_line' id='line_1_4' title="bbox 374 975 1033 1059; baseline -0.006 -18"><span class='ocrx_word' id='word_1_25' title='bbox 374 977 529 1042; x_wconf 90' lang='lat' dir='ltr'><strong>caucione</strong></span> <span class='ocrx_word' id='word_1_26' title='bbox 553 976 731 1042; x_wconf 80' lang='lat' dir='ltr'><strong>satisfaccio</strong></span> <span class='ocrx_word' id='word_1_27' title='bbox 755 975 866 1039; x_wconf 85' lang='lat' dir='ltr'><strong>fuisset</strong></span> <span class='ocrx_word' id='word_1_28' title='bbox 890 977 1033 1059; x_wconf 85' lang='lat' dir='ltr'><strong>inpensa.</strong></span> 
     </span>
    </p>
   </div>
   <div class='ocr_carea' id='block_1_2' title="bbox 374 1195 1639 1429">
    <p class='ocr_par' dir='ltr' id='par_1_2' title="bbox 374 1195 1639 1429">
     <span class='ocr_line' id='line_1_5' title="bbox 374 1195 1639 1290; baseline -0.006 -18"><span class='ocrx_word' id='word_1_29' title='bbox 374 1195 471 1273; x_wconf 83' lang='lat' dir='ltr'><strong>leria</strong></span> <span class='ocrx_word' id='word_1_30' title='bbox 499 1206 597 1272; x_wconf 86' lang='lat' dir='ltr'><strong>sexta</strong></span> <span class='ocrx_word' id='word_1_31' title='bbox 617 1201 770 1290; x_wconf 85' lang='lat' dir='ltr'><strong>proxima</strong></span> <span class='ocrx_word' id='word_1_32' title='bbox 790 1206 866 1288; x_wconf 88' lang='lat' dir='ltr'><strong>post</strong></span> <span class='ocrx_word' id='word_1_33' title='bbox 893 1197 1016 1270; x_wconf 85' lang='lat' dir='ltr'><strong>lestum</strong></span> <span class='ocrx_word' id='word_1_34' title='bbox 1036 1196 1125 1269; x_wconf 86' lang='lat' dir='ltr'><strong>beati</strong></span> <span class='ocrx_word' id='word_1_35' title='bbox 1156 1195 1281 1267; x_wconf 85' lang='lat' dir='ltr'><strong>Vrbani</strong></span> <span class='ocrx_word' id='word_1_36' title='bbox 1303 1213 1387 1284; x_wconf 87' lang='lat' dir='ltr'><strong>pape</strong></span> <span class='ocrx_word' id='word_1_37' title='bbox 1415 1201 1448 1265; x_wconf 92' lang='lat' dir='ltr'><strong>et</strong></span> <span class='ocrx_word' id='word_1_38' title='bbox 1472 1196 1639 1266; x_wconf 85' lang='lat' dir='ltr'><strong>martiris.</strong></span> 
     </span>
     <span class='ocr_line' id='line_1_6' title="bbox 916 1347 1099 1429; baseline 0.011 -19"><span class='ocrx_word' id='word_1_39' title='bbox 916 1347 983 1429; x_wconf 83' lang='lat'><em>(28.</em></span> <span class='ocrx_word' id='word_1_40' title='bbox 1004 1351 1099 1428; x_wconf 74' lang='lat' dir='ltr'><strong>mair).</strong></span> 
     </span>
    </p>
   </div>
   <div class='ocr_carea' id='block_1_3' title="bbox 373 1489 1645 5094">
    <p class='ocr_par' dir='ltr' id='par_1_3' title="bbox 375 1489 1640 1681">
     <span class='ocr_line' id='line_1_7' title="bbox 482 1489 1640 1572; baseline -0.006 -15"><span class='ocrx_word' id='word_1_41' title='bbox 482 1495 560 1557; x_wconf 87' lang='lat' dir='ltr'><strong>ltem</strong></span> <span class='ocrx_word' id='word_1_42' title='bbox 582 1494 755 1556; x_wconf 81' lang='lat' dir='ltr'><strong>lohannes</strong></span> <span class='ocrx_word' id='word_1_43' title='bbox 786 1491 927 1555; x_wconf 84' lang='lat' dir='ltr'>carnifex</span> <span class='ocrx_word' id='word_1_44' title='bbox 959 1491 1044 1554; x_wconf 88' lang='lat' dir='ltr'><strong>filius</strong></span> <span class='ocrx_word' id='word_1_45' title='bbox 1076 1490 1186 1554; x_wconf 88' lang='lat' dir='ltr'><strong>Guralt</strong></span> <span class='ocrx_word' id='word_1_46' title='bbox 1210 1505 1320 1553; x_wconf 91' lang='lat' dir='ltr'><strong>contra</strong></span> <span class='ocrx_word' id='word_1_47' title='bbox 1352 1489 1561 1552; x_wconf 81' lang='lat' dir='ltr'><strong>Valentinum</strong></span> <span class='ocrx_word' id='word_1_48' title='bbox 1592 1489 1640 1572; x_wconf 86' lang='lat' dir='ltr'><strong>ju·</strong></span> 
     </span>
     <span class='ocr_line' id='line_1_8' title="bbox 375 1598 1091 1681; baseline -0.004 -18"><span class='ocrx_word' id='word_1_49' title='bbox 375 1602 481 1663; x_wconf 91' lang='lat' dir='ltr'><strong>dicem</strong></span> <span class='ocrx_word' id='word_1_50' title='bbox 506 1600 649 1664; x_wconf 87' lang='lat' dir='ltr'><strong>secundo</strong></span> <span class='ocrx_word' id='word_1_51' title='bbox 674 1601 787 1663; x_wconf 87' lang='lat' dir='ltr'><strong>citatus</strong></span> <span class='ocrx_word' id='word_1_52' title='bbox 811 1618 876 1661; x_wconf 94' lang='lat' dir='ltr'><strong>non</strong></span> <span class='ocrx_word' id='word_1_53' title='bbox 901 1598 1091 1681; x_wconf 80' lang='lat' dir='ltr'><strong>comparuit.</strong></span> 
     </span>
    </p>

    <p class='ocr_par' dir='ltr' id='par_1_4' title="bbox 373 1702 1640 1900">
     <span class='ocr_line' id='line_1_9' title="bbox 481 1702 1640 1788; baseline -0.004 -19"><span class='ocrx_word' id='word_1_54' title='bbox 481 1708 559 1769; x_wconf 91' lang='lat' dir='ltr'><strong>ltem</strong></span> <span class='ocrx_word' id='word_1_55' title='bbox 586 1707 767 1788; x_wconf 79' lang='lat' dir='ltr'><strong>Stephanus</strong></span> <span class='ocrx_word' id='word_1_56' title='bbox 782 1725 881 1787; x_wconf 83' lang='lat' dir='ltr'><strong>gener</strong></span> <span class='ocrx_word' id='word_1_57' title='bbox 898 1703 1074 1785; x_wconf 87' lang='lat' dir='ltr'><strong>Chernecz,</strong></span> <span class='ocrx_word' id='word_1_58' title='bbox 1099 1716 1198 1783; x_wconf 89' lang='lat' dir='ltr'><strong>sutor,</strong></span> <span class='ocrx_word' id='word_1_59' title='bbox 1222 1716 1332 1765; x_wconf 90' lang='lat' dir='ltr'><strong>contra</strong></span> <span class='ocrx_word' id='word_1_60' title='bbox 1350 1702 1444 1787; x_wconf 91' lang='lat' dir='ltr'><strong>Gyan</strong></span> <span class='ocrx_word' id='word_1_61' title='bbox 1468 1702 1640 1787; x_wconf 86' lang='lat' dir='ltr'><strong>pellificem</strong></span> 
     </span>
     <span class='ocr_line' id='line_1_10' title="bbox 373 1813 923 1900; baseline -0.011 -20"><span class='ocrx_word' id='word_1_62' title='bbox 373 1817 480 1900; x_wconf 89' lang='lat' dir='ltr'><strong>primo</strong></span> <span class='ocrx_word' id='word_1_63' title='bbox 505 1816 619 1878; x_wconf 88' lang='lat' dir='ltr'><strong>citatus</strong></span> <span class='ocrx_word' id='word_1_64' title='bbox 642 1831 707 1876; x_wconf 93' lang='lat' dir='ltr'><strong>non</strong></span> <span class='ocrx_word' id='word_1_65' title='bbox 733 1813 923 1896; x_wconf 81' lang='lat' dir='ltr'><strong>comparuit.</strong></span> 
     </span>
    </p>

    <p class='ocr_par' dir='ltr' id='par_1_5' title="bbox 374 1917 1640 2113">
     <span class='ocr_line' id='line_1_11' title="bbox 481 1917 1640 2004; baseline -0.005 -20"><span class='ocrx_word' id='word_1_66' title='bbox 481 1922 558 1984; x_wconf 90' lang='lat' dir='ltr'><strong>ltem</strong></span> <span class='ocrx_word' id='word_1_67' title='bbox 585 1921 681 2004; x_wconf 88' lang='lat' dir='ltr'><strong>Elyas</strong></span> <span class='ocrx_word' id='word_1_68' title='bbox 704 1935 793 1983; x_wconf 91' lang='lat' dir='ltr'><strong>sutor</strong></span> <span class='ocrx_word' id='word_1_69' title='bbox 817 1932 927 1982; x_wconf 91' lang='lat' dir='ltr'><strong>contra</strong></span> <span class='ocrx_word' id='word_1_70' title='bbox 951 1917 1113 1980; x_wconf 90' lang='lat' dir='ltr'><strong>Andream</strong></span> <span class='ocrx_word' id='word_1_71' title='bbox 1139 1931 1280 1980; x_wconf 90' lang='lat' dir='ltr'><strong>sutorem</strong></span> <span class='ocrx_word' id='word_1_72' title='bbox 1306 1917 1411 2000; x_wconf 88' lang='lat' dir='ltr'><strong>primo</strong></span> <span class='ocrx_word' id='word_1_73' title='bbox 1436 1917 1550 1979; x_wconf 87' lang='lat' dir='ltr'><strong>citatus</strong></span> <span class='ocrx_word' id='word_1_74' title='bbox 1574 1937 1640 1979; x_wconf 93' lang='lat' dir='ltr'><strong>non</strong></span> 
     </span>
     <span class='ocr_line' id='line_1_12' title="bbox 374 2030 564 2113; baseline 0 -20"><span class='ocrx_word' id='word_1_75' title='bbox 374 2030 564 2113; x_wconf 85' lang='lat' dir='ltr'><strong>comparuit.</strong></span> 
     </span>
    </p>

    <p class='ocr_par' dir='ltr' id='par_1_6' title="bbox 374 2129 1642 2732">
     <span class='ocr_line' id='line_1_13' title="bbox 481 2129 1642 2216; baseline -0.003 -18"><span class='ocrx_word' id='word_1_76' title='bbox 481 2137 558 2198; x_wconf 87' lang='lat' dir='ltr'><strong>ltem</strong></span> <span class='ocrx_word' id='word_1_77' title='bbox 591 2133 685 2216; x_wconf 90' lang='lat' dir='ltr'><strong>jurati</strong></span> <span class='ocrx_word' id='word_1_78' title='bbox 718 2132 985 2214; x_wconf 79' lang='lat' dir='ltr'><strong>adjudicaverunt</strong></span> <span class='ocrx_word' id='word_1_79' title='bbox 1016 2151 1142 2194; x_wconf 88' lang='lat' dir='ltr'><strong>causam</strong></span> <span class='ocrx_word' id='word_1_80' title='bbox 1176 2132 1258 2194; x_wconf 88' lang='lat' dir='ltr'><strong>inter</strong></span> <span class='ocrx_word' id='word_1_81' title='bbox 1290 2131 1425 2193; x_wconf 89' lang='lat' dir='ltr'><strong>Paulum</strong></span> <span class='ocrx_word' id='word_1_82' title='bbox 1451 2129 1579 2193; x_wconf 84' lang='lat' dir='ltr'><strong>fabrum</strong></span> <span class='ocrx_word' id='word_1_83' title='bbox 1610 2146 1642 2194; x_wconf 91' lang='lat' dir='ltr'><strong>et</strong></span> 
     </span>
     <span class='ocr_line' id='line_1_14' title="bbox 375 2238 1640 2321; baseline -0.006 -14"><span class='ocrx_word' id='word_1_84' title='bbox 375 2245 456 2307; x_wconf 89' lang='lat' dir='ltr'><strong>inter</strong></span> <span class='ocrx_word' id='word_1_85' title='bbox 481 2241 687 2304; x_wconf 88' lang='lat' dir='ltr'><strong>Franciscum</strong></span> <span class='ocrx_word' id='word_1_86' title='bbox 711 2239 874 2301; x_wconf 87' lang='lat' dir='ltr'><strong>literatum</strong></span> <span class='ocrx_word' id='word_1_87' title='bbox 899 2259 935 2300; x_wconf 91' lang='lat' dir='ltr'><strong>ac</strong></span> <span class='ocrx_word' id='word_1_88' title='bbox 960 2239 1160 2302; x_wconf 89' lang='lat' dir='ltr'><strong>Ztankonem</strong></span> <span class='ocrx_word' id='word_1_89' title='bbox 1177 2257 1350 2321; x_wconf 84' lang='lat' dir='ltr'><strong>preconem</strong></span> <span class='ocrx_word' id='word_1_90' title='bbox 1375 2251 1406 2299; x_wconf 89' lang='lat' dir='ltr'><strong>et</strong></span> <span class='ocrx_word' id='word_1_91' title='bbox 1429 2238 1510 2300; x_wconf 90' lang='lat' dir='ltr'><strong>alios</strong></span> <span class='ocrx_word' id='word_1_92' title='bbox 1533 2239 1640 2300; x_wconf 85' lang='lat' dir='ltr'><strong>socios</strong></span> 
     </span>
     <span class='ocr_line' id='line_1_15' title="bbox 375 2344 1639 2434; baseline -0.006 -21"><span class='ocrx_word' id='word_1_93' title='bbox 375 2351 516 2434; x_wconf 88' lang='lat' dir='ltr'><strong>ipsorum</strong></span> <span class='ocrx_word' id='word_1_94' title='bbox 542 2350 575 2410; x_wconf 91' lang='lat' dir='ltr'><strong>in</strong></span> <span class='ocrx_word' id='word_1_95' title='bbox 607 2345 691 2409; x_wconf 89' lang='lat' dir='ltr'><strong>lacto</strong></span> <span class='ocrx_word' id='word_1_96' title='bbox 723 2345 953 2427; x_wconf 87' lang='lat' dir='ltr'><strong>captivacionis</strong></span> <span class='ocrx_word' id='word_1_97' title='bbox 985 2345 1151 2407; x_wconf 91' lang='lat' dir='ltr'><strong>cuiusdam</strong></span> <span class='ocrx_word' id='word_1_98' title='bbox 1177 2346 1357 2428; x_wconf 87' lang='lat' dir='ltr'><strong>presbiteri,</strong></span> <span class='ocrx_word' id='word_1_99' title='bbox 1388 2365 1427 2406; x_wconf 92' lang='lat' dir='ltr'><strong>eo</strong></span> <span class='ocrx_word' id='word_1_100' title='bbox 1453 2344 1551 2406; x_wconf 94' lang='lat' dir='ltr'><strong>modo</strong></span> <span class='ocrx_word' id='word_1_101' title='bbox 1583 2345 1639 2407; x_wconf 90' lang='lat' dir='ltr'><strong>ad-</strong></span> 
     </span>
     <span class='ocr_line' id='line_1_16' title="bbox 374 2451 1641 2538; baseline -0.005 -20"><span class='ocrx_word' id='word_1_102' title='bbox 374 2457 608 2538; x_wconf 91' lang='lat' dir='ltr'><strong>judicaverunt,</strong></span> <span class='ocrx_word' id='word_1_103' title='bbox 633 2467 668 2516; x_wconf 91' lang='lat' dir='ltr'><strong>ut</strong></span> <span class='ocrx_word' id='word_1_104' title='bbox 692 2453 752 2534; x_wconf 90' lang='lat' dir='ltr'><strong>ipsi</strong></span> <span class='ocrx_word' id='word_1_105' title='bbox 776 2471 890 2514; x_wconf 91' lang='lat' dir='ltr'><strong>omnes</strong></span> <span class='ocrx_word' id='word_1_106' title='bbox 907 2465 1069 2532; x_wconf 90' lang='lat' dir='ltr'><strong>quotquot</strong></span> <span class='ocrx_word' id='word_1_107' title='bbox 1092 2451 1222 2514; x_wconf 88' lang='lat' dir='ltr'><strong>luerunt</strong></span> <span class='ocrx_word' id='word_1_108' title='bbox 1239 2453 1270 2514; x_wconf 92' lang='lat' dir='ltr'><strong>in</strong></span> <span class='ocrx_word' id='word_1_109' title='bbox 1289 2453 1356 2534; x_wconf 93' lang='lat' dir='ltr'><strong>ipsa</strong></span> <span class='ocrx_word' id='word_1_110' title='bbox 1381 2451 1532 2513; x_wconf 88' lang='lat' dir='ltr'><strong>societate</strong></span> <span class='ocrx_word' id='word_1_111' title='bbox 1557 2451 1641 2514; x_wconf 89' lang='lat' dir='ltr'><strong>dicte</strong></span> 
     </span>
     <span class='ocr_line' id='line_1_17' title="bbox 374 2557 1642 2646; baseline -0.002 -21"><span class='ocrx_word' id='word_1_112' title='bbox 374 2561 604 2646; x_wconf 80' lang='lat' dir='ltr'><strong>captivationis</strong></span> <span class='ocrx_word' id='word_1_113' title='bbox 628 2579 741 2622; x_wconf 87' lang='lat' dir='ltr'><strong>omnes</strong></span> <span class='ocrx_word' id='word_1_114' title='bbox 765 2557 884 2620; x_wconf 91' lang='lat' dir='ltr'><strong>debent</strong></span> <span class='ocrx_word' id='word_1_115' title='bbox 907 2559 1058 2641; x_wconf 90' lang='lat' dir='ltr'><strong>quitquid</strong></span> <span class='ocrx_word' id='word_1_116' title='bbox 1077 2560 1241 2642; x_wconf 81' lang='lat' dir='ltr'><strong>continget</strong></span> <span class='ocrx_word' id='word_1_117' title='bbox 1262 2561 1338 2642; x_wconf 91' lang='lat' dir='ltr'><strong>ipsis</strong></span> <span class='ocrx_word' id='word_1_118' title='bbox 1361 2560 1497 2639; x_wconf 87' lang='lat' dir='ltr'><strong>solvere,</strong></span> <span class='ocrx_word' id='word_1_119' title='bbox 1521 2560 1642 2623; x_wconf 91' lang='lat' dir='ltr'><strong>debent</strong></span> 
     </span>
     <span class='ocr_line' id='line_1_18' title="bbox 374 2667 696 2732; baseline -0.012 0"><span class='ocrx_word' id='word_1_120' title='bbox 374 2669 480 2732; x_wconf 88' lang='lat' dir='ltr'><strong>subire</strong></span> <span class='ocrx_word' id='word_1_121' title='bbox 505 2682 536 2731; x_wconf 89' lang='lat' dir='ltr'><strong>et</strong></span> <span class='ocrx_word' id='word_1_122' title='bbox 560 2667 696 2730; x_wconf 88' lang='lat' dir='ltr'><strong>solvere.</strong></span> 
     </span>
    </p>

    <p class='ocr_par' dir='ltr' id='par_1_7' title="bbox 375 2771 1641 3073">
     <span class='ocr_line' id='line_1_19' title="bbox 481 2771 1641 2856; baseline -0.002 -20"><span class='ocrx_word' id='word_1_123' title='bbox 481 2775 559 2838; x_wconf 91' lang='lat' dir='ltr'><strong>ltem</strong></span> <span class='ocrx_word' id='word_1_124' title='bbox 585 2774 703 2836; x_wconf 88' lang='lat' dir='ltr'><strong>Paulus</strong></span> <span class='ocrx_word' id='word_1_125' title='bbox 727 2771 816 2835; x_wconf 81' lang='lat' dir='ltr'><strong>faber</strong></span> <span class='ocrx_word' id='word_1_126' title='bbox 840 2785 871 2834; x_wconf 91' lang='lat' dir='ltr'><strong>et</strong></span> <span class='ocrx_word' id='word_1_127' title='bbox 888 2773 1077 2834; x_wconf 88' lang='lat' dir='ltr'><strong>Franciscus</strong></span> <span class='ocrx_word' id='word_1_128' title='bbox 1101 2773 1245 2834; x_wconf 90' lang='lat' dir='ltr'><strong>literatus</strong></span> <span class='ocrx_word' id='word_1_129' title='bbox 1269 2793 1305 2834; x_wconf 90' lang='lat' dir='ltr'><strong>ac</strong></span> <span class='ocrx_word' id='word_1_130' title='bbox 1323 2771 1471 2856; x_wconf 89' lang='lat' dir='ltr'><strong>Mychael</strong></span> <span class='ocrx_word' id='word_1_131' title='bbox 1496 2773 1641 2856; x_wconf 83' lang='lat' dir='ltr'><strong>Dwoyelr</strong></span> 
     </span>
     <span class='ocr_line' id='line_1_20' title="bbox 375 2878 1641 2964; baseline -0.002 -19"><span class='ocrx_word' id='word_1_132' title='bbox 375 2901 448 2945; x_wconf 91' lang='lat' dir='ltr'><strong>cum</strong></span> <span class='ocrx_word' id='word_1_133' title='bbox 466 2881 560 2943; x_wconf 90' lang='lat' dir='ltr'><strong>sociis</strong></span> <span class='ocrx_word' id='word_1_134' title='bbox 580 2900 703 2958; x_wconf 92' lang='lat' dir='ltr'><strong>eorum,</strong></span> <span class='ocrx_word' id='word_1_135' title='bbox 728 2892 838 2942; x_wconf 91' lang='lat' dir='ltr'><strong>contra</strong></span> <span class='ocrx_word' id='word_1_136' title='bbox 863 2899 944 2961; x_wconf 90' lang='lat' dir='ltr'><strong>quos</strong></span> <span class='ocrx_word' id='word_1_137' title='bbox 968 2878 1114 2942; x_wconf 86' lang='lat' dir='ltr'><strong>Thomas</strong></span> <span class='ocrx_word' id='word_1_138' title='bbox 1138 2879 1271 2942; x_wconf 87' lang='lat' dir='ltr'><strong>Cheden</strong></span> <span class='ocrx_word' id='word_1_139' title='bbox 1297 2900 1426 2942; x_wconf 89' lang='lat' dir='ltr'><strong>eausam</strong></span> <span class='ocrx_word' id='word_1_140' title='bbox 1451 2899 1542 2942; x_wconf 89' lang='lat' dir='ltr'><strong>suam</strong></span> <span class='ocrx_word' id='word_1_141' title='bbox 1567 2900 1641 2964; x_wconf 89' lang='lat' dir='ltr'><strong>pro-</strong></span> 
     </span>
     <span class='ocr_line' id='line_1_21' title="bbox 375 2985 1369 3073; baseline -0.002 -22"><span class='ocrx_word' id='word_1_142' title='bbox 375 2991 526 3073; x_wconf 90' lang='lat' dir='ltr'><strong>ponebat,</strong></span> <span class='ocrx_word' id='word_1_143' title='bbox 551 3009 583 3049; x_wconf 91' lang='lat' dir='ltr'><strong>se</strong></span> <span class='ocrx_word' id='word_1_144' title='bbox 607 2988 647 3050; x_wconf 89' lang='lat' dir='ltr'><strong>ad</strong></span> <span class='ocrx_word' id='word_1_145' title='bbox 672 2986 830 3068; x_wconf 79' lang='lat' dir='ltr'><strong>justiciam</strong></span> <span class='ocrx_word' id='word_1_146' title='bbox 855 2985 991 3047; x_wconf 88' lang='lat' dir='ltr'><strong>civitatis</strong></span> <span class='ocrx_word' id='word_1_147' title='bbox 1016 2985 1132 3048; x_wconf 91' lang='lat' dir='ltr'><strong>dimitti</strong></span> <span class='ocrx_word' id='word_1_148' title='bbox 1157 2987 1369 3070; x_wconf 89' lang='lat' dir='ltr'><strong>postularunt.</strong></span> 
     </span>
    </p>

    <p class='ocr_par' dir='ltr' id='par_1_8' title="bbox 376 3091 1645 5094">
     <span class='ocr_line' id='line_1_22' title="bbox 482 3091 1639 3174; baseline 0 -18"><span class='ocrx_word' id='word_1_149' title='bbox 482 3095 559 3158; x_wconf 91' lang='lat' dir='ltr'><strong>ltem</strong></span> <span class='ocrx_word' id='word_1_150' title='bbox 585 3112 714 3156; x_wconf 87' lang='lat' dir='ltr'><strong>causam</strong></span> <span class='ocrx_word' id='word_1_151' title='bbox 739 3111 836 3174; x_wconf 92' lang='lat' dir='ltr'><strong>quam</strong></span> <span class='ocrx_word' id='word_1_152' title='bbox 854 3091 972 3154; x_wconf 89' lang='lat' dir='ltr'><strong>Paulus</strong></span> <span class='ocrx_word' id='word_1_153' title='bbox 997 3107 1028 3154; x_wconf 86' lang='lat' dir='ltr'><strong>et</strong></span> <span class='ocrx_word' id='word_1_154' title='bbox 1045 3091 1190 3154; x_wconf 89' lang='lat' dir='ltr'><strong>Thomas</strong></span> <span class='ocrx_word' id='word_1_155' title='bbox 1214 3113 1287 3155; x_wconf 90' lang='lat' dir='ltr'><strong>cum</strong></span> <span class='ocrx_word' id='word_1_156' title='bbox 1312 3093 1463 3155; x_wconf 83' lang='lat' dir='ltr'><strong>fratribus</strong></span> <span class='ocrx_word' id='word_1_157' title='bbox 1487 3093 1562 3174; x_wconf 87' lang='lat' dir='ltr'><strong>suis,</strong></span> <span class='ocrx_word' id='word_1_158' title='bbox 1581 3093 1639 3156; x_wconf 90' lang='lat' dir='ltr'><strong>filii</strong></span> 
     </span>
     <span class='ocr_line' id='line_1_23' title="bbox 376 3199 1641 3282; baseline -0.001 -18"><span class='ocrx_word' id='word_1_159' title='bbox 376 3202 506 3264; x_wconf 89' lang='lat' dir='ltr'><strong>Andree</strong></span> <span class='ocrx_word' id='word_1_160' title='bbox 531 3201 607 3262; x_wconf 91' lang='lat' dir='ltr'><strong>dicti</strong></span> <span class='ocrx_word' id='word_1_161' title='bbox 631 3201 741 3282; x_wconf 89' lang='lat' dir='ltr'><strong>Zayko</strong></span> <span class='ocrx_word' id='word_1_162' title='bbox 766 3199 805 3259; x_wconf 89' lang='lat' dir='ltr'><strong>de</strong></span> <span class='ocrx_word' id='word_1_163' title='bbox 839 3199 997 3278; x_wconf 89' lang='lat' dir='ltr'><strong>Zanabor,</strong></span> <span class='ocrx_word' id='word_1_164' title='bbox 1022 3213 1131 3261; x_wconf 89' lang='lat' dir='ltr'><strong>contra</strong></span> <span class='ocrx_word' id='word_1_165' title='bbox 1166 3199 1330 3282; x_wconf 90' lang='lat' dir='ltr'><strong>Mathyam</strong></span> <span class='ocrx_word' id='word_1_166' title='bbox 1354 3201 1492 3282; x_wconf 90' lang='lat' dir='ltr'><strong>juratum</strong></span> <span class='ocrx_word' id='word_1_167' title='bbox 1518 3200 1641 3263; x_wconf 90' lang='lat' dir='ltr'><strong>dictum</strong></span> 
     </span>
     <span class='ocr_line' id='line_1_24' title="bbox 377 3303 1641 3389; baseline -0.001 -19"><span class='ocrx_word' id='word_1_168' title='bbox 377 3306 597 3389; x_wconf 90' lang='lat' dir='ltr'><strong>Kerzowaych</strong></span> <span class='ocrx_word' id='word_1_169' title='bbox 629 3305 731 3367; x_wconf 89' lang='lat' dir='ltr'><strong>filiurn</strong></span> <span class='ocrx_word' id='word_1_170' title='bbox 763 3303 929 3383; x_wconf 91' lang='lat' dir='ltr'><strong>Johannis,</strong></span> <span class='ocrx_word' id='word_1_171' title='bbox 962 3325 1070 3366; x_wconf 92' lang='lat' dir='ltr'><strong>coram</strong></span> <span class='ocrx_word' id='word_1_172' title='bbox 1103 3306 1198 3367; x_wconf 93' lang='lat' dir='ltr'><strong>nobis</strong></span> <span class='ocrx_word' id='word_1_173' title='bbox 1228 3307 1260 3368; x_wconf 94' lang='lat' dir='ltr'><strong>in</strong></span> <span class='ocrx_word' id='word_1_174' title='bbox 1293 3305 1377 3368; x_wconf 89' lang='lat' dir='ltr'><strong>lacto</strong></span> <span class='ocrx_word' id='word_1_175' title='bbox 1400 3307 1641 3369; x_wconf 91' lang='lat' dir='ltr'><strong>testamentario</strong></span> 
     </span>
     <span class='ocr_line' id='line_1_25' title="bbox 377 3409 1642 3494; baseline -0.001 -19"><span class='ocrx_word' id='word_1_176' title='bbox 377 3413 491 3492; x_wconf 89' lang='lat' dir='ltr'><strong>movit,</strong></span> <span class='ocrx_word' id='word_1_177' title='bbox 514 3412 620 3474; x_wconf 90' lang='lat' dir='ltr'><strong>taliter</strong></span> <span class='ocrx_word' id='word_1_178' title='bbox 643 3409 880 3492; x_wconf 89' lang='lat' dir='ltr'><strong>adjudicarunt,</strong></span> <span class='ocrx_word' id='word_1_179' title='bbox 913 3423 948 3472; x_wconf 95' lang='lat' dir='ltr'><strong>ut</strong></span> <span class='ocrx_word' id='word_1_180' title='bbox 971 3410 1045 3492; x_wconf 90' lang='lat' dir='ltr'><strong>quia</strong></span> <span class='ocrx_word' id='word_1_181' title='bbox 1079 3411 1146 3494; x_wconf 90' lang='lat' dir='ltr'><strong>ipse</strong></span> <span class='ocrx_word' id='word_1_182' title='bbox 1171 3414 1264 3474; x_wconf 88' lang='lat' dir='ltr'><strong>ambe</strong></span> <span class='ocrx_word' id='word_1_183' title='bbox 1296 3425 1401 3494; x_wconf 88' lang='lat' dir='ltr'><strong>partes</strong></span> <span class='ocrx_word' id='word_1_184' title='bbox 1432 3433 1466 3475; x_wconf 89' lang='lat' dir='ltr'><strong>se</strong></span> <span class='ocrx_word' id='word_1_185' title='bbox 1490 3413 1530 3474; x_wconf 89' lang='lat' dir='ltr'><strong>ad</strong></span> <span class='ocrx_word' id='word_1_186' title='bbox 1555 3413 1642 3475; x_wconf 89' lang='lat' dir='ltr'><strong>testi-</strong></span> 
     </span>
     <span class='ocr_line' id='line_1_26' title="bbox 377 3516 1643 3601; baseline 0 -19"><span class='ocrx_word' id='word_1_187' title='bbox 377 3521 525 3582; x_wconf 91' lang='lat' dir='ltr'><strong>monium</strong></span> <span class='ocrx_word' id='word_1_188' title='bbox 542 3539 598 3580; x_wconf 91' lang='lat' dir='ltr'><strong>seu</strong></span> <span class='ocrx_word' id='word_1_189' title='bbox 616 3518 655 3579; x_wconf 90' lang='lat' dir='ltr'><strong>ad</strong></span> <span class='ocrx_word' id='word_1_190' title='bbox 680 3516 920 3580; x_wconf 88' lang='lat' dir='ltr'><strong>attestacionem</strong></span> <span class='ocrx_word' id='word_1_191' title='bbox 939 3516 1071 3579; x_wconf 86' lang='lat' dir='ltr'><strong>domine</strong></span> <span class='ocrx_word' id='word_1_192' title='bbox 1096 3517 1192 3580; x_wconf 86' lang='lat' dir='ltr'><strong>Clare</strong></span> <span class='ocrx_word' id='word_1_193' title='bbox 1215 3519 1308 3581; x_wconf 88' lang='lat' dir='ltr'><strong>aliter</strong></span> <span class='ocrx_word' id='word_1_194' title='bbox 1326 3517 1504 3601; x_wconf 89' lang='lat' dir='ltr'><strong>Gasparina</strong></span> <span class='ocrx_word' id='word_1_195' title='bbox 1529 3534 1643 3582; x_wconf 85' lang='lat' dir='ltr'><strong>vocate</strong></span> 
     </span>
     <span class='ocr_line' id='line_1_27' title="bbox 376 3622 1643 3708; baseline -0.001 -20"><span class='ocrx_word' id='word_1_196' title='bbox 376 3625 604 3704; x_wconf 88' lang='lat' dir='ltr'><strong>submiserunt,</strong></span> <span class='ocrx_word' id='word_1_197' title='bbox 629 3625 762 3707; x_wconf 90' lang='lat' dir='ltr'><strong>ipsaque</strong></span> <span class='ocrx_word' id='word_1_198' title='bbox 786 3622 919 3684; x_wconf 89' lang='lat' dir='ltr'><strong>domina</strong></span> <span class='ocrx_word' id='word_1_199' title='bbox 946 3622 1042 3685; x_wconf 87' lang='lat' dir='ltr'><strong>Clara</strong></span> <span class='ocrx_word' id='word_1_200' title='bbox 1072 3623 1250 3708; x_wconf 89' lang='lat' dir='ltr'><strong>Gasparina</strong></span> <span class='ocrx_word' id='word_1_201' title='bbox 1282 3645 1390 3687; x_wconf 90' lang='lat' dir='ltr'><strong>coram</strong></span> <span class='ocrx_word' id='word_1_202' title='bbox 1415 3626 1508 3688; x_wconf 89' lang='lat' dir='ltr'><strong>certis</strong></span> <span class='ocrx_word' id='word_1_203' title='bbox 1532 3626 1643 3708; x_wconf 90' lang='lat' dir='ltr'><strong>juratis</strong></span> 
     </span>
     <span class='ocr_line' id='line_1_28' title="bbox 377 3729 1642 3815; baseline 0.001 -22"><span class='ocrx_word' id='word_1_204' title='bbox 377 3752 433 3815; x_wconf 90' lang='lat' dir='ltr'><strong>per</strong></span> <span class='ocrx_word' id='word_1_205' title='bbox 457 3751 516 3792; x_wconf 90' lang='lat' dir='ltr'><strong>nos</strong></span> <span class='ocrx_word' id='word_1_206' title='bbox 547 3731 628 3792; x_wconf 91' lang='lat' dir='ltr'><strong>circa</strong></span> <span class='ocrx_word' id='word_1_207' title='bbox 660 3730 761 3812; x_wconf 89' lang='lat' dir='ltr'><strong>ipsam</strong></span> <span class='ocrx_word' id='word_1_208' title='bbox 792 3729 995 3809; x_wconf 88' lang='lat' dir='ltr'><strong>transmissis,</strong></span> <span class='ocrx_word' id='word_1_209' title='bbox 1030 3749 1068 3792; x_wconf 90' lang='lat' dir='ltr'><strong>eo</strong></span> <span class='ocrx_word' id='word_1_210' title='bbox 1103 3730 1202 3792; x_wconf 92' lang='lat' dir='ltr'><strong>modo</strong></span> <span class='ocrx_word' id='word_1_211' title='bbox 1227 3730 1370 3793; x_wconf 85' lang='lat' dir='ltr'><strong>confessa</strong></span> <span class='ocrx_word' id='word_1_212' title='bbox 1403 3745 1459 3811; x_wconf 88' lang='lat' dir='ltr'><strong>est,</strong></span> <span class='ocrx_word' id='word_1_213' title='bbox 1485 3747 1519 3794; x_wconf 94' lang='lat' dir='ltr'><strong>ut</strong></span> <span class='ocrx_word' id='word_1_214' title='bbox 1543 3732 1642 3795; x_wconf 91' lang='lat' dir='ltr'><strong>Lucia</strong></span> 
     </span>
     <span class='ocr_line' id='line_1_29' title="bbox 378 3833 1642 3920; baseline 0.001 -21"><span class='ocrx_word' id='word_1_215' title='bbox 378 3838 486 3900; x_wconf 89' lang='lat' dir='ltr'><strong>relicta</strong></span> <span class='ocrx_word' id='word_1_216' title='bbox 511 3837 647 3899; x_wconf 91' lang='lat' dir='ltr'><strong>condam</strong></span> <span class='ocrx_word' id='word_1_217' title='bbox 673 3834 828 3898; x_wconf 86' lang='lat' dir='ltr'><strong>Anthonii</strong></span> <span class='ocrx_word' id='word_1_218' title='bbox 854 3833 1009 3897; x_wconf 88' lang='lat' dir='ltr'><strong>carnificis</strong></span> <span class='ocrx_word' id='word_1_219' title='bbox 1034 3848 1065 3898; x_wconf 93' lang='lat' dir='ltr'><strong>et</strong></span> <span class='ocrx_word' id='word_1_220' title='bbox 1087 3837 1217 3898; x_wconf 88' lang='lat' dir='ltr'><strong>tandem</strong></span> <span class='ocrx_word' id='word_1_221' title='bbox 1240 3857 1319 3899; x_wconf 85' lang='lat' dir='ltr'><strong>uxor</strong></span> <span class='ocrx_word' id='word_1_222' title='bbox 1343 3839 1476 3920; x_wconf 90' lang='lat' dir='ltr'><strong>predicti</strong></span> <span class='ocrx_word' id='word_1_223' title='bbox 1503 3838 1642 3900; x_wconf 91' lang='lat' dir='ltr'><strong>condam</strong></span> 
     </span>
     <span class='ocr_line' id='line_1_30' title="bbox 379 3941 1643 4028; baseline 0.002 -23"><span class='ocrx_word' id='word_1_224' title='bbox 379 3943 508 4006; x_wconf 86' lang='lat' dir='ltr'><strong>Andree</strong></span> <span class='ocrx_word' id='word_1_225' title='bbox 532 3943 703 4025; x_wconf 86' lang='lat' dir='ltr'><strong>Zaykonis,</strong></span> <span class='ocrx_word' id='word_1_226' title='bbox 728 3941 806 4003; x_wconf 92' lang='lat' dir='ltr'><strong>dum</strong></span> <span class='ocrx_word' id='word_1_227' title='bbox 839 3941 870 4003; x_wconf 94' lang='lat' dir='ltr'><strong>in</strong></span> <span class='ocrx_word' id='word_1_228' title='bbox 905 3944 1054 4004; x_wconf 84' lang='lat' dir='ltr'><strong>extremis</strong></span> <span class='ocrx_word' id='word_1_229' title='bbox 1077 3944 1141 4005; x_wconf 84' lang='lat' dir='ltr'><strong>vite</strong></span> <span class='ocrx_word' id='word_1_230' title='bbox 1166 3965 1223 4006; x_wconf 89' lang='lat' dir='ltr'><strong>sue</strong></span> <span class='ocrx_word' id='word_1_231' title='bbox 1255 3945 1442 4028; x_wconf 89' lang='lat' dir='ltr'><strong>temporalis</strong></span> <span class='ocrx_word' id='word_1_232' title='bbox 1474 3945 1643 4024; x_wconf 87' lang='lat' dir='ltr'><strong>laboravit,</strong></span> 
     </span>
     <span class='ocr_line' id='line_1_31' title="bbox 378 4047 1642 4130; baseline 0.002 -19"><span class='ocrx_word' id='word_1_233' title='bbox 378 4050 509 4111; x_wconf 88' lang='lat' dir='ltr'><strong>totalem</strong></span> <span class='ocrx_word' id='word_1_234' title='bbox 542 4047 728 4130; x_wconf 87' lang='lat' dir='ltr'><strong>porcionem</strong></span> <span class='ocrx_word' id='word_1_235' title='bbox 760 4066 851 4108; x_wconf 90' lang='lat' dir='ltr'><strong>suam</strong></span> <span class='ocrx_word' id='word_1_236' title='bbox 883 4049 915 4108; x_wconf 91' lang='lat' dir='ltr'><strong>in</strong></span> <span class='ocrx_word' id='word_1_237' title='bbox 947 4049 1087 4129; x_wconf 90' lang='lat' dir='ltr'><strong>quadarn</strong></span> <span class='ocrx_word' id='word_1_238' title='bbox 1118 4050 1228 4130; x_wconf 91' lang='lat' dir='ltr'><strong>domo,</strong></span> <span class='ocrx_word' id='word_1_239' title='bbox 1260 4050 1363 4113; x_wconf 91' lang='lat' dir='ltr'><strong>fundo</strong></span> <span class='ocrx_word' id='word_1_240' title='bbox 1392 4065 1423 4112; x_wconf 89' lang='lat' dir='ltr'><strong>et</strong></span> <span class='ocrx_word' id='word_1_241' title='bbox 1454 4052 1572 4114; x_wconf 87' lang='lat' dir='ltr'><strong>celario</strong></span> <span class='ocrx_word' id='word_1_242' title='bbox 1604 4071 1642 4114; x_wconf 88' lang='lat' dir='ltr'><strong>ac</strong></span> 
     </span>
     <span class='ocr_line' id='line_1_32' title="bbox 380 4153 1643 4235; baseline 0.002 -19"><span class='ocrx_word' id='word_1_243' title='bbox 380 4153 536 4216; x_wconf 87' lang='lat' dir='ltr'><strong>hedificiis</strong></span> <span class='ocrx_word' id='word_1_244' title='bbox 558 4153 690 4235; x_wconf 90' lang='lat' dir='ltr'><strong>predicti</strong></span> <span class='ocrx_word' id='word_1_245' title='bbox 716 4154 854 4215; x_wconf 90' lang='lat' dir='ltr'><strong>condam</strong></span> <span class='ocrx_word' id='word_1_246' title='bbox 883 4153 1040 4217; x_wconf 89' lang='lat' dir='ltr'><strong>Anthonii</strong></span> <span class='ocrx_word' id='word_1_247' title='bbox 1073 4155 1230 4218; x_wconf 87' lang='lat' dir='ltr'><strong>carnificis</strong></span> <span class='ocrx_word' id='word_1_248' title='bbox 1254 4157 1286 4218; x_wconf 91' lang='lat' dir='ltr'><strong>in</strong></span> <span class='ocrx_word' id='word_1_249' title='bbox 1312 4158 1396 4220; x_wconf 90' lang='lat' dir='ltr'><strong>dicta</strong></span> <span class='ocrx_word' id='word_1_250' title='bbox 1428 4158 1556 4220; x_wconf 87' lang='lat' dir='ltr'><strong>civitate</strong></span> <span class='ocrx_word' id='word_1_251' title='bbox 1587 4157 1643 4219; x_wconf 91' lang='lat' dir='ltr'><strong>ha-</strong></span> 
     </span>
     <span class='ocr_line' id='line_1_33' title="bbox 380 4259 1643 4346; baseline 0.004 -25"><span class='ocrx_word' id='word_1_252' title='bbox 380 4260 445 4321; x_wconf 88' lang='lat' dir='ltr'><strong>bita</strong></span> <span class='ocrx_word' id='word_1_253' title='bbox 469 4273 500 4320; x_wconf 93' lang='lat' dir='ltr'><strong>et</strong></span> <span class='ocrx_word' id='word_1_254' title='bbox 523 4259 708 4340; x_wconf 91' lang='lat' dir='ltr'><strong>porcionem</strong></span> <span class='ocrx_word' id='word_1_255' title='bbox 726 4279 818 4320; x_wconf 90' lang='lat' dir='ltr'><strong>suam</strong></span> <span class='ocrx_word' id='word_1_256' title='bbox 834 4259 993 4322; x_wconf 86' lang='lat' dir='ltr'><strong>vinealem</strong></span> <span class='ocrx_word' id='word_1_257' title='bbox 1012 4274 1043 4323; x_wconf 89' lang='lat' dir='ltr'><strong>et</strong></span> <span class='ocrx_word' id='word_1_258' title='bbox 1059 4262 1265 4325; x_wconf 90' lang='lat' dir='ltr'><strong>medietatem</strong></span> <span class='ocrx_word' id='word_1_259' title='bbox 1290 4277 1435 4345; x_wconf 87' lang='lat' dir='ltr'><strong>segetum</strong></span> <span class='ocrx_word' id='word_1_260' title='bbox 1460 4278 1491 4326; x_wconf 90' lang='lat' dir='ltr'><strong>et</strong></span> <span class='ocrx_word' id='word_1_261' title='bbox 1514 4264 1643 4346; x_wconf 89' lang='lat' dir='ltr'><strong>suppel-</strong></span> 
     </span>
     <span class='ocr_line' id='line_1_34' title="bbox 380 4365 1642 4453; baseline 0.005 -27"><span class='ocrx_word' id='word_1_262' title='bbox 380 4365 535 4427; x_wconf 88' lang='lat' dir='ltr'><strong>lectilium</strong></span> <span class='ocrx_word' id='word_1_263' title='bbox 560 4378 591 4426; x_wconf 93' lang='lat' dir='ltr'><strong>et</strong></span> <span class='ocrx_word' id='word_1_264' title='bbox 621 4365 807 4426; x_wconf 90' lang='lat' dir='ltr'><strong>utensilium</strong></span> <span class='ocrx_word' id='word_1_265' title='bbox 838 4365 980 4448; x_wconf 90' lang='lat' dir='ltr'><strong>predicte</strong></span> <span class='ocrx_word' id='word_1_266' title='bbox 1013 4367 1129 4430; x_wconf 85' lang='lat' dir='ltr'><strong>domus</strong></span> <span class='ocrx_word' id='word_1_267' title='bbox 1157 4369 1302 4452; x_wconf 91' lang='lat' dir='ltr'><strong>predicto</strong></span> <span class='ocrx_word' id='word_1_268' title='bbox 1334 4369 1464 4433; x_wconf 86' lang='lat' dir='ltr'><strong>Andree</strong></span> <span class='ocrx_word' id='word_1_269' title='bbox 1497 4369 1642 4453; x_wconf 85' lang='lat' dir='ltr'><strong>Zaylroni</strong></span> 
     </span>
     <span class='ocr_line' id='line_1_35' title="bbox 381 4471 1643 4554; baseline 0.006 -24"><span class='ocrx_word' id='word_1_270' title='bbox 381 4471 450 4531; x_wconf 84' lang='lat' dir='ltr'><strong>viro</strong></span> <span class='ocrx_word' id='word_1_271' title='bbox 474 4490 543 4549; x_wconf 91' lang='lat' dir='ltr'><strong>suo,</strong></span> <span class='ocrx_word' id='word_1_272' title='bbox 568 4471 699 4552; x_wconf 87' lang='lat' dir='ltr'><strong>ipseque</strong></span> <span class='ocrx_word' id='word_1_273' title='bbox 717 4472 825 4554; x_wconf 89' lang='lat' dir='ltr'><strong>Zayko</strong></span> <span class='ocrx_word' id='word_1_274' title='bbox 849 4473 995 4536; x_wconf 81' lang='lat' dir='ltr'><strong>Andreas</strong></span> <span class='ocrx_word' id='word_1_275' title='bbox 1016 4474 1094 4536; x_wconf 89' lang='lat' dir='ltr'><strong>dum</strong></span> <span class='ocrx_word' id='word_1_276' title='bbox 1110 4476 1258 4538; x_wconf 89' lang='lat' dir='ltr'><strong>similiter</strong></span> <span class='ocrx_word' id='word_1_277' title='bbox 1282 4477 1314 4538; x_wconf 94' lang='lat' dir='ltr'><strong>in</strong></span> <span class='ocrx_word' id='word_1_278' title='bbox 1332 4477 1481 4539; x_wconf 84' lang='lat' dir='ltr'><strong>extremis</strong></span> <span class='ocrx_word' id='word_1_279' title='bbox 1505 4479 1570 4540; x_wconf 86' lang='lat' dir='ltr'><strong>vite</strong></span> <span class='ocrx_word' id='word_1_280' title='bbox 1586 4497 1643 4540; x_wconf 87' lang='lat' dir='ltr'><strong>sue</strong></span> 
     </span>
     <span class='ocr_line' id='line_1_36' title="bbox 382 4575 1643 4665; baseline 0.007 -28"><span class='ocrx_word' id='word_1_281' title='bbox 382 4576 567 4657; x_wconf 90' lang='lat' dir='ltr'><strong>temporalis</strong></span> <span class='ocrx_word' id='word_1_282' title='bbox 582 4575 749 4655; x_wconf 90' lang='lat' dir='ltr'><strong>laboravit,</strong></span> <span class='ocrx_word' id='word_1_283' title='bbox 765 4591 842 4640; x_wconf 91' lang='lat' dir='ltr'><strong>tunc</strong></span> <span class='ocrx_word' id='word_1_284' title='bbox 864 4580 1024 4660; x_wconf 88' lang='lat' dir='ltr'><strong>predictas</strong></span> <span class='ocrx_word' id='word_1_285' title='bbox 1040 4582 1259 4662; x_wconf 88' lang='lat' dir='ltr'><strong>possessiones</strong></span> <span class='ocrx_word' id='word_1_286' title='bbox 1273 4597 1304 4646; x_wconf 93' lang='lat' dir='ltr'><strong>et</strong></span> <span class='ocrx_word' id='word_1_287' title='bbox 1320 4597 1443 4665; x_wconf 83' lang='lat' dir='ltr'><strong>segetes</strong></span> <span class='ocrx_word' id='word_1_288' title='bbox 1466 4597 1498 4646; x_wconf 92' lang='lat' dir='ltr'><strong>et</strong></span> <span class='ocrx_word' id='word_1_289' title='bbox 1522 4584 1643 4646; x_wconf 90' lang='lat' dir='ltr'><strong>medie-</strong></span> 
     </span>
     <span class='ocr_line' id='line_1_37' title="bbox 382 4682 1645 4774; baseline 0.01 -32"><span class='ocrx_word' id='word_1_290' title='bbox 382 4695 479 4743; x_wconf 90' lang='lat' dir='ltr'><strong>tatem</strong></span> <span class='ocrx_word' id='word_1_291' title='bbox 504 4682 774 4763; x_wconf 86' lang='lat' dir='ltr'><strong>suppellectilium</strong></span> <span class='ocrx_word' id='word_1_292' title='bbox 800 4698 831 4746; x_wconf 96' lang='lat' dir='ltr'><strong>et</strong></span> <span class='ocrx_word' id='word_1_293' title='bbox 854 4687 1040 4749; x_wconf 88' lang='lat' dir='ltr'><strong>utensilium</strong></span> <span class='ocrx_word' id='word_1_294' title='bbox 1058 4689 1200 4771; x_wconf 88' lang='lat' dir='ltr'><strong>predicte</strong></span> <span class='ocrx_word' id='word_1_295' title='bbox 1225 4689 1341 4753; x_wconf 91' lang='lat' dir='ltr'><strong>domus</strong></span> <span class='ocrx_word' id='word_1_296' title='bbox 1358 4691 1418 4774; x_wconf 93' lang='lat' dir='ltr'><strong>ipsi</strong></span> <span class='ocrx_word' id='word_1_297' title='bbox 1442 4691 1572 4754; x_wconf 85' lang='lat' dir='ltr'><strong>Andree</strong></span> <span class='ocrx_word' id='word_1_298' title='bbox 1587 4711 1645 4774; x_wconf 93' lang='lat' dir='ltr'><strong>per</strong></span> 
     </span>
     <span class='ocr_line' id='line_1_38' title="bbox 384 4787 1645 4872; baseline 0.01 -24"><span class='ocrx_word' id='word_1_299' title='bbox 384 4787 560 4870; x_wconf 92' lang='lat' dir='ltr'><strong>predictam</strong></span> <span class='ocrx_word' id='word_1_300' title='bbox 578 4788 708 4850; x_wconf 88' lang='lat' dir='ltr'><strong>Luciam</strong></span> <span class='ocrx_word' id='word_1_301' title='bbox 727 4789 856 4870; x_wconf 86' lang='lat' dir='ltr'><strong>legatas,</strong></span> <span class='ocrx_word' id='word_1_302' title='bbox 880 4792 1009 4872; x_wconf 86' lang='lat' dir='ltr'><strong>prelatis</strong></span> <span class='ocrx_word' id='word_1_303' title='bbox 1033 4794 1133 4858; x_wconf 92' lang='lat' dir='ltr'><strong>Paulo</strong></span> <span class='ocrx_word' id='word_1_304' title='bbox 1148 4810 1178 4857; x_wconf 92' lang='lat' dir='ltr'><strong>et</strong></span> <span class='ocrx_word' id='word_1_305' title='bbox 1194 4796 1323 4859; x_wconf 90' lang='lat' dir='ltr'><strong>Thome</strong></span> <span class='ocrx_word' id='word_1_306' title='bbox 1348 4811 1380 4861; x_wconf 91' lang='lat' dir='ltr'><strong>et</strong></span> <span class='ocrx_word' id='word_1_307' title='bbox 1396 4798 1467 4860; x_wconf 90' lang='lat' dir='ltr'><strong>aliis</strong></span> <span class='ocrx_word' id='word_1_308' title='bbox 1489 4797 1563 4860; x_wconf 86' lang='lat' dir='ltr'><strong>liliis</strong></span> <span class='ocrx_word' id='word_1_309' title='bbox 1579 4799 1645 4860; x_wconf 87' lang='lat' dir='ltr'><strong>suis</strong></span> 
     </span>
     <span class='ocr_line' id='line_1_39' title="bbox 383 4893 1644 4985; baseline 0.013 -33"><span class='ocrx_word' id='word_1_310' title='bbox 383 4893 530 4954; x_wconf 89' lang='lat' dir='ltr'><strong>similiter</strong></span> <span class='ocrx_word' id='word_1_311' title='bbox 553 4896 816 4958; x_wconf 90' lang='lat' dir='ltr'><strong>testamentaliter</strong></span> <span class='ocrx_word' id='word_1_312' title='bbox 840 4899 958 4979; x_wconf 85' lang='lat' dir='ltr'><strong>legavit</strong></span> <span class='ocrx_word' id='word_1_313' title='bbox 989 4915 1145 4983; x_wconf 91' lang='lat' dir='ltr'><strong>perpetuo</strong></span> <span class='ocrx_word' id='word_1_314' title='bbox 1170 4904 1390 4984; x_wconf 87' lang='lat' dir='ltr'><strong>possidendas,</strong></span> <span class='ocrx_word' id='word_1_315' title='bbox 1416 4905 1457 4966; x_wconf 91' lang='lat' dir='ltr'><strong>ita</strong></span> <span class='ocrx_word' id='word_1_316' title='bbox 1482 4905 1644 4985; x_wconf 86' lang='lat' dir='ltr'><strong>videlicet,</strong></span> 
     </span>
     <span class='ocr_line' id='line_1_40' title="bbox 385 4991 1644 5094; baseline 0.013 -33"><span class='ocrx_word' id='word_1_317' title='bbox 385 5000 472 5081; x_wconf 93' lang='lat' dir='ltr'><strong>quod</strong></span> <span class='ocrx_word' id='word_1_318' title='bbox 497 5001 555 5083; x_wconf 91' lang='lat' dir='ltr'><strong>ipsi</strong></span> <span class='ocrx_word' id='word_1_319' title='bbox 581 5000 707 5063; x_wconf 88' lang='lat' dir='ltr'><strong>vineam</strong></span> <span class='ocrx_word' id='word_1_320' title='bbox 732 5002 796 5064; x_wconf 89' lang='lat' dir='ltr'><strong>filie</strong></span> <span class='ocrx_word' id='word_1_321' title='bbox 821 5005 961 5086; x_wconf 90' lang='lat' dir='ltr'><strong>predicte</strong></span> <span class='ocrx_word' id='word_1_322' title='bbox 987 5008 1084 5070; x_wconf 90' lang='lat' dir='ltr'><strong>Lucie</strong></span> <span class='ocrx_word' id='word_1_323' title='bbox 1112 5011 1266 5089; x_wconf 89' lang='lat' dir='ltr'><strong>mulieris,</strong></span> <span class='ocrx_word' id='word_1_324' title='bbox 1292 5031 1389 5093; x_wconf 89' lang='lat' dir='ltr'><strong>quam</strong></span> <span class='ocrx_word' id='word_1_325' title='bbox 1414 4991 1451 5073; x_wconf 86' lang='lat' dir='ltr'><strong>ex</strong></span> <span class='ocrx_word' id='word_1_326' title='bbox 1477 5012 1644 5094; x_wconf 87' lang='lat' dir='ltr'><strong>legacione</strong></span> 
     </span>
    </p>
   </div>
   <div class='ocr_carea' id='block_1_4' title="bbox 0 0 1925 5786">
    <p class='ocr_par' dir='ltr' id='par_1_9' title="bbox 0 0 1925 5786">
     <span class='ocr_line' id='line_1_41' title="bbox 0 0 1925 5786; baseline 0 0"><span class='ocrx_word' id='word_1_327' title='bbox 0 0 1925 5786; x_wconf 95' lang='lat' dir='ltr'><strong> </strong></span> 
     </span>
    </p>
   </div>
  </div>
 </body>
</html>
