3738 5786
485 1509 636 1607 thnno
667 1507 848 1598 Domini
876 1503 1166 1606 mcccccvii).

194 1877 401 1956 Notandum
421 1887 489 1972 est,
514 1879 609 1980 quod
629 1881 663 1956 in
683 1903 777 1956 anno
801 1877 946 1954 Domini
966 1878 1153 1954 millesimo
1182 1877 1459 1978 quadringente-

196 2004 284 2079 simo
303 2005 603 2104 quinquagesimo
624 2005 792 2104 septimo,
811 2003 903 2080 feria
922 2011 1028 2080 sexta
1046 2003 1209 2104 proximo
1227 2009 1312 2078 ante
1328 2001 1460 2078 festum

196 2127 293 2203 beati
323 2125 496 2226 Gregorii
525 2151 618 2228 pape
638 2137 677 2204 et
704 2127 877 2220 doctoris,
905 2144 1070 2228 tempore
1085 2126 1265 2224 judicatus
1285 2126 1349 2202 viri
1378 2149 1459 2226 pro·

195 2251 262 2328 vidi
292 2261 331 2328 et
351 2251 494 2328 honesti
522 2252 693 2328 Anthonii
722 2251 846 2346 judicis
875 2253 992 2328 nostri
1021 2251 1192 2342 moderni,
1222 2248 1281 2326 filii
1310 2249 1460 2342 Thome,

196 2397 346 2474 presens
372 2374 557 2450 katemum
584 2383 642 2452 est
669 2377 912 2476 conscriptum
937 2383 976 2451 et
995 2375 1173 2450 conscribi
1199 2373 1334 2450 factum
1354 2397 1462 2474 super

193 2497 333 2597 judiciis
364 2507 403 2576 et
439 2501 530 2576 actis
563 2507 728 2600 tempore
756 2501 936 2600 presentis
961 2497 1142 2599 judicatus
1175 2497 1307 2600 prefati
1331 2497 1460 2596 judicis

197 2625 310 2700 nostri
346 2623 508 2700 moderni
537 2624 645 2700 modo
674 2631 713 2700 et
750 2623 873 2700 ordine
911 2623 1140 2724 infrascripto
1175 2622 1459 2700 occurrentibus.

716 2891 776 2963 (11.
807 2890 931 2964 martii).

772 3030 882 3092 Jurati.

620 3175 700 3238 Item
724 3173 878 3236 Clemens
902 3171 1053 3236 carnifex.

622 3281 700 3345 Item
725 3280 909 3344 Demetrius
932 3299 1031 3342 rasor.

620 3387 700 3450 Item
726 3386 907 3470 Stephanus
929 3386 1066 3450 institor.

617 3495 696 3557 Item
721 3494 834 3556 Petrus
857 3513 956 3575 gener
980 3491 1189 3576 Bogdanych.

621 3601 699 3664 item
722 3600 919 3662 Lsurencius
942 3617 1062 3682 sporar.

621 3706 699 3770 Item
723 3707 849 3770 Blasius
872 3719 983 3768 sartor.

621 3814 700 3878 Item
726 3815 830 3876 Lucas
853 3827 952 3876 sutor.

622 3921 698 3983 item
724 3920 871 4004 Mathyus
895 3939 1038 4003 arcupar.

737 4151 933 4214 Consiliarii.

622 4295 700 4357 ltem
725 4294 887 4356 Johannes
911 4293 1017 4376 juder.

622 4403 700 4464 Item
725 4401 863 4464 Michsel
888 4401 1042 4464 literatus.

622 4509 699 4569 item
723 4508 825 4590 Frycz
849 4506 1020 4571 aurifaber.

621 4613 699 4676 item
724 4615 875 4695 magister
899 4615 1052 4677 Nicolaus
1076 4615 1230 4680 medicus.

621 4721 699 4783 Item
725 4719 870 4782 Thomas
892 4741 992 4802 gener
1017 4721 1113 4784 Blasii
1138 4721 1262 4804 judicis.

621 4827 699 4890 item
725 4827 905 4910 Stephanus
928 4829 1085 4910 plathnar.

618 4935 697 4997 Item
722 4933 840 4996 Paulus
863 4953 962 5014 gener
987 4933 1175 4998 Clementis.

623 5041 701 5102 item
726 5039 903 5102 Achaczius
926 5059 1089 5103 successor
1114 5041 1287 5125 Eberspek.
