3852 5814
664 603 749 659 Anno
772 611 860 678 1477.
885 635 928 645 —
952 615 1000 676 19.
1024 602 1182 663 decembn's.
1490 601 1555 684 467

292 814 462 878 articulos:
485 815 590 898 primo
613 828 709 897 prout
734 813 818 875 idern
845 815 971 875 Marcus
996 811 1045 874 fur
1070 814 1192 895 absque
1216 816 1384 876 tormentis
1408 829 1438 877 et
1454 817 1554 878 eciam

293 934 364 1002 post
387 920 449 982 hoc
474 921 504 982 in
522 921 690 983 tormentis
709 919 809 981 lassus
833 933 878 981 est
895 919 1034 1002 publice,
1052 920 1140 1000 quod
1158 919 1244 980 idem
1256 919 1351 1000 judex
1368 921 1428 982 sibi
1448 923 1555 983 Marco

293 1024 355 1087 furi
380 1026 550 1088 consilium
576 1026 716 1090 dedisset
748 1039 779 1087 et
810 1026 910 1087 eciam
943 1025 1155 1088 commisisset
1182 1025 1241 1088 sibi
1274 1039 1308 1088 ut
1332 1027 1453 1088 socium
1479 1047 1556 1109 que·

292 1145 375 1194 reret
398 1153 470 1194 cum
505 1153 570 1214 quo
603 1133 669 1214 ipse
702 1132 733 1193 in
767 1131 884 1193 celario
913 1132 1057 1194 eiusdem
1090 1130 1210 1213 prefate
1244 1132 1380 1194 condam
1413 1133 1556 1196 mulieris

293 1239 415 1322 Glazya
442 1239 524 1300 dicte
557 1238 711 1300 effoderet
743 1239 914 1322 peccunias
945 1251 976 1300 et
1008 1239 1092 1300 bona
1117 1238 1142 1298 si
1171 1258 1233 1320 qua
1266 1237 1399 1302 fuissent
1422 1242 1555 1302 abscon·

292 1345 376 1420 dita;
402 1345 489 1426 quod
518 1345 585 1428 ipse
609 1344 771 1406 lohannes
802 1343 898 1426 judex
923 1344 1097 1405 modernus
1122 1345 1260 1424 negavit.
1294 1344 1442 1407 Secundo
1467 1347 1556 1428 quod

292 1449 432 1532 prefatus
456 1450 551 1531 judex
576 1451 616 1511 ad
641 1451 891 1532 requisicionem
924 1449 1088 1512 seniorum
1120 1449 1263 1528 judicum
1289 1465 1320 1512 et
1343 1453 1444 1513 eciam
1468 1472 1556 1514 com·

292 1557 457 1618 munitatis
490 1558 589 1619 dictas
613 1577 663 1619 res
694 1571 724 1618 et
749 1559 833 1618 bona
864 1576 1034 1639 quousque
1066 1570 1164 1635 erant,
1200 1559 1363 1620 extradare
1388 1560 1555 1622 recusavit.

294 1663 413 1724 Tercio
438 1664 569 1745 quando
596 1664 656 1746 ipsi
680 1664 822 1725 seniores
855 1663 1085 1725 commiserunt
1110 1663 1168 1744 ipsi
1201 1663 1339 1725 lohanni
1363 1663 1461 1746 judici
1485 1685 1554 1727 mo·

295 1769 395 1830 derno
421 1771 524 1850 ipsum
551 1771 694 1830 Marcum
727 1768 829 1830 furem
862 1769 1020 1851 captivare
1053 1783 1084 1830 et
1108 1769 1312 1848 incarcerare,
1345 1771 1433 1852 quod
1467 1771 1552 1833 idem

293 1875 390 1955 judex
415 1877 549 1937 omnino
581 1877 746 1938 recusavit.
790 1875 914 1950 Quarto
946 1876 1077 1956 quando
1109 1876 1250 1938 seniores
1282 1891 1312 1938 et
1335 1877 1549 1940 communitas

290 2002 403 2044 ornnes
426 1982 556 2044 insimul
581 1984 612 2044 in
637 1983 826 2044 consistorio
855 1983 1038 2063 congregati
1064 1981 1193 2044 fuerunt
1217 1996 1247 2045 et
1271 1984 1375 2066 ipsum
1407 1985 1550 2046 Marcum

293 2089 395 2150 furem
432 2089 592 2172 captivare
625 2103 655 2150 et
687 2091 881 2151 incarcerare
914 2087 1066 2168 fecerunt,
1097 2101 1174 2150 tunc
1206 2089 1291 2150 idem
1327 2089 1423 2171 judex
1448 2103 1555 2152 noster

292 2196 454 2258 lohannes
491 2196 593 2258 dictus
624 2215 695 2257 sero
727 2195 918 2258 adveniente
950 2195 1089 2257 visitavit
1123 2196 1261 2258 eundem
1294 2194 1397 2258 furem
1420 2197 1474 2258 ubi
1506 2197 1553 2258 in·

291 2317 468 2364 carceratus
492 2317 568 2380 erat,
593 2303 794 2384 presentibus
811 2301 930 2362 ibidem
955 2299 1075 2380 juratis,
1093 2301 1178 2362 idem
1203 2301 1364 2363 lohannes
1381 2301 1476 2382 judex
1492 2303 1553 2364 sibi

290 2405 350 2468 luri
375 2408 493 2469 lectum
519 2407 691 2490 disponere
716 2420 747 2468 et
770 2421 909 2469 sternere
935 2407 1117 2489 procuravit
1133 2421 1163 2468 et
1187 2407 1325 2469 eundem
1351 2407 1452 2469 furem
1477 2428 1553 2471 con·

292 2513 412 2575 fortans
436 2513 541 2574 verbis
574 2532 680 2575 coram
713 2513 823 2592 juratis
854 2513 988 2590 civibus,
1020 2513 1108 2593 quod
1142 2511 1192 2574 fur
1223 2513 1321 2575 nichil
1345 2515 1471 2576 timeret
1502 2515 1553 2576 vel

291 2621 402 2680 timere
427 2620 570 2696 deberet,
589 2640 645 2681 nec
670 2620 793 2700 sibiipsi
811 2621 929 2681 malam
953 2619 1153 2681 voluntatem
1171 2619 1269 2696 daret,
1288 2621 1362 2702 quia
1380 2641 1440 2702 ego
1457 2620 1552 2702 judex

291 2727 443 2807 promitto
479 2727 536 2787 tibi
573 2727 661 2807 quod
697 2725 773 2786 volo
806 2739 838 2787 te
874 2723 1045 2786 defendere
1091 2745 1191 2806 usque
1228 2727 1267 2787 ad
1304 2741 1398 2810 caput
1433 2747 1551 2790 meum.

292 2832 462 2914 Propterea
487 2847 533 2892 est
557 2831 775 2911 adjudicatum
800 2830 1015 2910 juramentum
1042 2832 1100 2912 ipsi
1126 2831 1262 2893 Johanni
1289 2833 1488 2894 Soldinaricz
1505 2833 1552 2914 ju·

290 2937 352 2998 dici
378 2938 534 2998 moderno
560 2937 829 3019 quinquagesimo
854 2957 886 2998 se
911 2938 1034 2998 civibus
1063 2938 1206 2999 eiusdem
1232 2938 1378 3017 civitatis,
1402 2939 1553 3002 videlicet

290 3044 377 3125 quod
405 3044 509 3125 ipsum
534 3043 750 3125 juramentum
775 3041 853 3104 feria
881 3057 964 3104 sexta
999 3045 1143 3125 proxima
1168 3059 1240 3126 post
1263 3043 1378 3106 festum
1412 3045 1551 3127 Epipha-

290 3153 415 3213 niarum
441 3152 572 3214 Domini
596 3152 627 3212 in
653 3151 784 3213 ecclesia
802 3151 902 3212 sancti
927 3151 1024 3212 Marci
1051 3151 1081 3211 in
1099 3171 1151 3211 ara
1169 3151 1289 3212 scilicet
1312 3163 1419 3212 sancte
1436 3151 1549 3213 Crucis

290 3259 452 3340 deponere
478 3257 583 3336 debet,
608 3257 696 3337 quod
729 3256 814 3316 idem
839 3255 935 3336 judex
964 3257 995 3316 in
1021 3256 1161 3318 articulis
1193 3258 1338 3338 superius
1361 3258 1549 3340 expressatis

292 3363 446 3424 innocens
471 3365 510 3424 sit
534 3377 564 3424 et
588 3364 699 3423 existat
724 3362 851 3442 penitus
875 3375 905 3423 et
937 3361 1087 3439 inmunis,
1112 3375 1142 3422 et
1170 3363 1257 3443 quod
1291 3362 1321 3422 in
1348 3363 1437 3423 nullo
1461 3363 1548 3425 malo

291 3469 362 3530 zelo
388 3470 492 3552 ipsum
518 3467 619 3530 furem
653 3467 856 3545 defendebat,
890 3487 947 3529 nec
977 3487 1025 3528 res
1058 3468 1140 3550 ipsas
1163 3469 1286 3529 tamdiu
1317 3469 1376 3529 sub
1407 3469 1549 3546 clavibus

292 3575 390 3657 ipsius
415 3575 514 3637 Marci
539 3589 646 3636 tenere
676 3573 759 3635 lecit.

396 3682 546 3742 Tandem
572 3681 610 3741 ad
640 3680 913 3762 supplicationem
946 3677 1190 3759 magnificorum
1223 3679 1352 3762 Mathey
1379 3679 1484 3742 Gereb
1508 3679 1548 3740 de

289 3787 470 3870 Wyngarth
496 3801 526 3848 et
551 3787 689 3848 Emerici
715 3785 754 3847 de
781 3787 895 3848 Palocz
927 3799 1090 3847 oratorum
1124 3786 1317 3847 serenissimi
1342 3785 1494 3868 principis
1519 3799 1550 3848 et

289 3895 424 3972 domini,
449 3894 572 3956 domini
598 3893 727 3976 Mathye
752 3893 802 3953 dei
827 3894 932 3974 gracia
954 3893 1037 3973 regis
1055 3892 1219 3973 Hungarie
1244 3907 1274 3953 et
1299 3892 1453 3954 Bohemie
1478 3907 1548 3972 etc,

289 4001 411 4062 domini
437 4001 535 4062 nostri
561 3999 715 4060 naturalis
738 4011 768 4060 et
791 3999 1028 4080 graciosissimi,
1057 4018 1093 4059 ac
1118 3998 1309 4061 venerabilis
1334 3997 1436 4060 fratris
1460 3998 1547 4060 Alle-

289 4106 400 4167 xandri
426 4106 549 4168 abbatis
568 4105 606 4166 de
632 4103 827 4166 ththowo
851 4103 974 4186 prelato
993 4105 1100 4165 Marco
1125 4102 1185 4166 luri
1203 4123 1258 4186 per
1283 4105 1546 4166 communitatem

287 4213 392 4293 gracia
418 4211 498 4274 facta
524 4225 570 4272 est
593 4212 688 4293 capiti
706 4231 764 4272 nec
789 4231 854 4272 non
872 4213 966 4272 rebus
989 4223 1020 4271 et
1037 4212 1129 4272 bonis
1153 4211 1228 4288 suis,
1246 4211 1417 4292 persolutis
1440 4223 1547 4272 tamen

288 4319 404 4380 debitis
428 4319 586 4380 universis
610 4319 727 4399 quibus
752 4318 783 4378 in
815 4317 898 4377 dicta
932 4317 1059 4378 civitate
1087 4317 1259 4397 obligatur,
1291 4329 1321 4377 et
1345 4316 1433 4397 quod
1466 4307 1546 4378 nuri-

287 4444 383 4505 quam
409 4425 628 4507 peramplius
653 4425 690 4484 ad
725 4423 826 4505 ipsam
860 4423 1020 4483 civitatem
1053 4435 1084 4484 et
1105 4423 1299 4484 territorium
1331 4423 1474 4483 eiusdem
1500 4423 1546 4484 in-

286 4545 368 4592 trare
393 4533 442 4592 vel
468 4531 576 4592 venire
601 4530 727 4607 audeat,
759 4549 833 4590 casu
865 4529 989 4590 verosi
1022 4543 1205 4610 compertus
1236 4527 1341 4606 fuerit,
1366 4543 1441 4589 tunc
1466 4548 1547 4610 pena

287 4637 354 4719 ipsa
378 4638 587 4722 amplectetur
611 4655 669 4717 pro
693 4636 839 4718 superius
859 4655 916 4717 per
939 4635 1058 4716 juratos
1083 4635 1299 4714 adjudicatum
1326 4632 1395 4696 fuit.

394 4743 559 4804 Postremo
585 4743 652 4823 ipsa
676 4739 753 4804 feria
778 4754 864 4803 sexta
896 4742 1099 4819 adveniente,
1124 4761 1186 4822 qua
1220 4739 1360 4822 prefatus
1385 4739 1547 4801 lohannes

288 4849 487 4912 Soldinaricz
512 4850 616 4931 ipsum
641 4847 857 4927 juramentum
888 4847 948 4909 sibi
981 4847 1199 4927 adjudicatum
1233 4847 1394 4928 deponere
1419 4858 1547 4928 paratus

287 4969 353 5017 erat
378 4955 648 5036 quinquagesimo
672 4974 704 5014 se
730 4955 834 5036 ipsum
855 4953 1069 5034 juramentum
1089 4953 1261 5034 deponere,
1286 4953 1341 5013 sed
1367 4953 1406 5012 ad
1427 4952 1546 5034 suppli-

287 5063 450 5124 cacionem
476 5061 671 5144 prefatorum
690 5060 898 5121 dominorum
916 5062 1073 5120 baronum
1090 5058 1218 5140 Mathye
1237 5058 1341 5120 Gereb
1360 5073 1390 5119 et
1408 5057 1545 5181 Emerici
