3818 5786
603 541 690 600 Anno
711 552 803 618 1450.
830 575 869 584 —-
894 555 942 618 27.
967 543 1132 600 novembris.
1468 563 1500 624 ¹3

339 752 419 814 ltem
445 753 522 834 quia
554 752 730 835 Gregorius
761 765 792 814 et
816 752 927 815 Petrus
958 751 1014 814 tilii
1048 753 1184 814 condam
1216 755 1345 816 Martini
1370 775 1501 838 carpen-

232 859 313 937 tarii,
338 859 429 942 olym
456 859 598 922 concivis
622 861 721 921 nostri
750 859 807 920 filii
843 859 950 938 Blasii,
974 859 1204 922 inhabitatores
1236 861 1318 922 dicte
1350 861 1497 940 civitatis,

233 967 264 1028 id
287 987 362 1028 cum
388 965 561 1029 sufficienti
587 979 617 1028 et
640 965 805 1048 fidedigno
838 980 1020 1029 nostrorum
1046 969 1228 1029 concivium
1253 968 1439 1030 testimonio
1464 968 1496 1029 in

231 1073 306 1135 sede
330 1087 438 1136 nostra
456 1073 624 1155 judiciaria
648 1073 731 1135 clare
751 1074 1004 1156 comprobarunt
1020 1093 1128 1135 coram
1147 1073 1249 1151 nobis,
1274 1087 1308 1136 ut
1333 1075 1408 1136 dum
1428 1094 1499 1156 pre·

233 1178 315 1243 latus
338 1181 497 1243 Martinus
527 1180 745 1263 carpentarius
776 1180 807 1242 in
841 1181 990 1242 extremis
1022 1181 1087 1242 vite
1110 1201 1165 1242 sue
1198 1181 1387 1262 temporalis
1410 1181 1500 1242 labo·

232 1301 340 1366 resset,
364 1301 441 1349 tunc
466 1287 533 1370 ipse
558 1286 733 1368 quemdam
758 1285 895 1348 fundum
924 1305 1018 1348 suum
1044 1307 1180 1348 vacuum
1206 1289 1237 1348 in
1263 1287 1346 1349 dicta
1372 1287 1499 1349 civitate

232 1392 389 1472 habiturn,
413 1412 512 1455 unam
537 1407 684 1475 quartam
717 1394 803 1455 curie
828 1393 859 1454 in
888 1414 921 1454 se
952 1394 1184 1472 continentem,
1217 1413 1289 1456 cum
1314 1394 1380 1455 suis
1404 1394 1499 1475 perti·

233 1500 356 1562 nenciis
381 1500 527 1582 predicto
553 1500 712 1582 Gregorio
736 1499 803 1562 lilio
828 1520 887 1562 suo
914 1500 1124 1562 solummodo
1149 1499 1319 1581 legavisset
1343 1513 1499 1582 perpetuo

231 1606 481 1688 possidendam3
505 1607 633 1670 vineam
651 1627 727 1669 vero
748 1627 837 1669 suam
854 1607 884 1668 in
903 1607 1062 1669 territorio
1081 1607 1165 1668 dicte
1183 1607 1320 1668 civitatis
1345 1607 1498 1683 habitam,

233 1715 337 1796 ipsum
361 1715 483 1776 scilicet
507 1715 683 1776 Martinum
713 1715 948 1797 carpentarium
974 1714 1108 1796 juridice
1140 1727 1399 1792 concernentem,
1424 1732 1496 1774 cum

232 1821 297 1882 suis
320 1821 514 1882 utilitatibus
528 1835 558 1882 et
575 1822 782 1904 pertinenciis
805 1822 963 1883 universis
987 1821 1139 1903 predictis
1156 1821 1314 1882 ambobus
1338 1819 1497 1901 Gregorio

232 1941 261 1988 et
287 1927 382 1989 Petro
407 1926 483 1989 filiis
506 1928 572 1990 suis
602 1927 773 2008 legavisset
804 1941 961 2010 perpetuo
993 1927 1240 2010 possidendam
1274 1927 1413 2007 ideoque
1438 1946 1497 1987 nos

232 2033 411 2116 predictum
437 2033 574 2096 fundum
609 2034 705 2095 unius
736 2047 847 2116 quarte
872 2035 958 2095 curie
993 2053 1065 2096 cum
1101 2035 1166 2096 suis
1191 2033 1395 2116 pertinenciis
1426 2052 1495 2114 pre-

231 2140 318 2202 dicto
344 2139 504 2222 Gregorio
536 2139 745 2202 solummodo
777 2153 809 2202 et
832 2159 888 2222 per
919 2160 951 2200 se
976 2161 1013 2202 ac
1038 2159 1094 2222 per
1126 2159 1200 2202 eum
1225 2139 1290 2201 suis
1314 2138 1496 2215 heredibus,

231 2247 407 2329 predictam
425 2259 531 2309 autem
558 2248 685 2308 vineam
704 2247 851 2309 similiter
868 2266 941 2308 cum
959 2247 1024 2308 suis
1040 2247 1232 2309 utilitatibus
1248 2259 1279 2308 et
1291 2245 1497 2328 pertinenciis

231 2353 387 2415 universis
411 2351 542 2436 prefatis
572 2355 731 2416 ambobus
763 2352 921 2434 Gregorio
953 2367 984 2414 et
1015 2353 1109 2415 Petro
1143 2351 1215 2414 filiis
1240 2353 1340 2435 ipsius
1365 2350 1493 2412 Martini

231 2461 433 2542 carpentarii,
446 2481 481 2522 ac
496 2480 551 2543 per
571 2480 626 2522 eos
644 2461 787 2541 ipsorum
811 2459 985 2521 heredibus
1001 2461 1169 2521 statuimus
1188 2473 1218 2520 et
1235 2457 1497 2521 confirmavimus

230 2566 296 2647 jure
328 2579 488 2649 perpetuo
515 2581 545 2628 et
577 2566 829 2629 irrevocabiliter
861 2567 1090 2647 possidendam
1122 2579 1153 2627 et
1185 2566 1494 2648 quomodocumque

231 2673 393 2735 voluerint
416 2673 651 2756 disponendam
677 2672 762 2754 juxta
788 2672 1013 2734 condicionem
1032 2672 1168 2734 civitatis
1185 2685 1350 2755 prenotate
1375 2673 1414 2734 ab
1440 2693 1494 2734 an·

230 2779 319 2862 tiquo
346 2781 568 2862 approbatam.

335 2885 415 2948 ltern
440 2887 515 2968 quia
541 2887 704 2950 lohannes
728 2887 832 2949 dictus
863 2888 965 2948 Janlro
990 2885 1073 2948 filius
1106 2886 1242 2947 condam
1269 2885 1424 2947 lobannis
1449 2886 1495 2964 ju·

234 2991 322 3072 dicis,
339 2991 398 3054 filii
415 2993 526 3055 Jacobi
541 2993 616 3056 dicti
635 2993 748 3076 Rolye,
765 2993 844 3055 alias
856 3007 964 3055 noster
981 2994 1132 3070 concivis,
1151 2993 1222 3075 plus
1239 3012 1334 3074 quam
1351 2993 1495 3074 quinque

232 3099 282 3160 vel
305 3119 360 3162 sex
384 3100 510 3162 vicibus
533 3099 564 3160 in
589 3098 761 3163 manifesto
786 3099 948 3162 lurticinio
974 3113 1020 3162 est
1045 3113 1220 3182 reppertus,
1245 3119 1303 3181 pro
1328 3099 1493 3160 huiusmo-

233 3205 329 3287 dique
355 3204 526 3268 lurticiniis
543 3207 627 3268 idem
654 3207 756 3268 Janko
774 3227 830 3268 seu
852 3206 1014 3268 lohannes
1032 3205 1153 3286 juratus
1178 3205 1208 3266 in
1235 3207 1366 3266 katerno
1385 3219 1493 3266 nostro

234 3312 397 3374 communi
412 3311 598 3391 judicionali
613 3313 750 3394 presenti
769 3325 816 3375 est
833 3313 952 3395 pluries
976 3313 1018 3374 ita
1043 3314 1247 3394 proscriptus,
1267 3311 1339 3372 ursi
1360 3311 1426 3394 ipse
1444 3311 1495 3372 Jo-

232 3417 353 3481 bannes
376 3418 498 3500 juratus
521 3419 596 3482 talia
621 3440 678 3482 seu
703 3420 763 3480 hiis
787 3421 904 3482 similia
930 3419 1091 3482 lurticinia
1124 3433 1196 3502 post
1221 3419 1492 3502 proscripcionem

234 3526 333 3608 ipsam
359 3525 590 3610 perpetraverit
613 3547 669 3588 seu
694 3540 876 3609 perpetrare
900 3527 1122 3608 acceptaverit,
1148 3526 1232 3606 juxta
1257 3545 1313 3587 sua
1339 3525 1494 3586 demerita

234 3651 349 3714 penam
367 3652 463 3714 quarn
483 3631 717 3715 de(me)ruisset
730 3633 883 3715 consequi
898 3633 1077 3710 debuisset;
1092 3647 1121 3694 et
1139 3633 1213 3715 quia
1231 3631 1294 3710 jam
1312 3646 1346 3693 ut
1363 3633 1495 3714 prescri-

233 3739 315 3801 bitur
339 3753 370 3802 et
394 3739 604 3822 prescriptum
629 3753 686 3818 est,
711 3738 796 3802 idem
827 3739 989 3802 lohannes
1014 3741 1116 3802 lanko
1149 3739 1270 3820 juratus
1296 3753 1369 3822 post
1394 3740 1494 3821 ipsam

231 3846 502 3928 proscripcionem
534 3845 573 3906 de
606 3867 692 3908 novo
724 3847 756 3908 in
789 3847 934 3930 pluribus
966 3846 1135 3908 lurticiniis
1159 3859 1205 3908 est
1229 3847 1292 3926 jam
1318 3858 1495 3927 reppertus,

231 3967 261 4015 et
283 3953 361 4015 licet
384 3972 442 4034 pro
467 3951 653 4014 huiusmodi
688 3953 753 4014 suis
778 3953 946 4015 lurticiniis
980 3953 1100 4036 pluries
1130 3954 1290 4014 renovatis
1311 3963 1344 4013 'et
1376 3953 1496 4014 iteratis

230 4060 423 4142 supplicium
457 4059 569 4121 mortis
593 4059 657 4142 pati
680 4059 854 4139 debuisset,
881 4075 986 4122 tamen
1021 4081 1079 4121 nos
1102 4061 1141 4121 ad
1167 4061 1335 4122 instantem
1363 4061 1493 4142 peticio·

231 4187 302 4228 nem
330 4165 545 4249 plurimorum
578 4167 754 4246 proborum
780 4179 811 4228 et
835 4165 1043 4228 honestorum
1061 4166 1199 4228 virorum
1226 4187 1283 4248 pro
1301 4167 1416 4228 eodem
1442 4167 1493 4226 lo-

231 4273 334 4335 hanne
370 4272 474 4353 jurato
508 4273 610 4334 Janlto
640 4273 744 4352 dicto,
777 4274 870 4334 nobis
902 4274 1128 4335 instantissime
1162 4273 1276 4334 factam
1311 4287 1341 4334 et
1373 4273 1494 4333 miseri-

231 4380 337 4442 cordia
362 4379 414 4440 dei
447 4379 540 4457 moti,
572 4393 606 4441 ut
629 4379 696 4460 ipse
728 4379 811 4440 dicta
843 4399 899 4440 sua
933 4381 1014 4441 mala
1050 4378 1129 4441 facta
1163 4377 1278 4440 delleat
1306 4393 1336 4458 et
1360 4399 1418 4460 pro
1450 4379 1495 4440 eis

230 4487 380 4568 peniteat,
405 4485 546 4548 eundem
571 4485 751 4548 iohannem
776 4485 897 4548 dictum
930 4487 1108 4548 lankonem
1134 4487 1173 4546 de
1198 4486 1326 4547 civsstate
1351 4486 1492 4567 predicta

232 4606 262 4655 et
285 4593 354 4654 eius
377 4591 540 4654 territorio
559 4591 709 4654 duximus
733 4592 929 4654 exulandum
947 4605 978 4654 et
1000 4591 1225 4674 expellendum
1252 4612 1287 4652 ac
1312 4593 1492 4654 eiciendum

229 4698 281 4760 tali
306 4697 417 4777 modo,
443 4711 478 4759 ut
502 4697 570 4780 ipse
594 4697 633 4758 de
658 4711 763 4760 cetero
788 4713 819 4760 et
843 4719 898 4781 per
922 4700 1061 4781 amplius
1085 4699 1124 4760 ad
1151 4699 1250 4780 ipsam
1276 4699 1436 4760 civitatem
1463 4713 1494 4760 et

229 4806 294 4868 eius
309 4804 509 4867 territorium
529 4823 693 4886 nunquam
712 4805 816 4868 redire
834 4826 892 4867 nec
922 4807 1065 4866 revenire
1084 4807 1208 4882 debeat,
1227 4805 1281 4885 qui
1300 4804 1349 4886 (si)
1367 4805 1398 4864 in
1418 4807 1493 4865 civi-

229 4923 288 4973 tate
321 4926 351 4974 et
384 4911 454 4972 eius
485 4909 645 4972 territorio
678 4924 843 4994 reppertus
875 4911 980 4992 luerit,
1013 4931 1087 4974 mox
1111 4931 1227 4994 penam
1261 4923 1291 4972 et
1322 4911 1492 4993 suplicium

230 5018 335 5080 mortis
360 5030 579 5100 consequetur
603 5017 673 5100 lege
699 5018 799 5100 ipsius
823 5019 958 5081 civitatis
982 5019 1176 5101 requirente.
