3838 5786
620 538 706 594 Anno
721 535 820 616 1469.
845 571 885 580 —-
910 551 961 612 29.
985 540 1098 612 aprilis.
1434 561 1491 622 35¹

237 747 344 807 niores
369 746 491 826 judices
508 747 693 830 appellavit,
711 749 785 810 ideo
808 768 867 810 nos
885 769 978 810 causa
1003 751 1033 810 in
1053 751 1164 812 eadem
1186 751 1290 812 taliter
1306 753 1498 832 invenimus,

233 852 320 932 quod
347 854 414 934 ipse
440 854 570 915 Rawsar
594 855 747 916 remansit
771 871 802 917 et
836 857 1001 918 convictus
1027 871 1073 918 est
1097 871 1205 918 contra
1231 859 1334 940 ipsum
1362 860 1497 921 Paulum

232 959 262 1018 in
289 959 365 1020 vivo
388 959 541 1042 homagio
568 963 718 1023 videlicet
742 963 773 1022 in
808 963 921 1043 viginti
946 964 1090 1044 quinque
1124 965 1238 1025 marcis
1268 979 1298 1027 et
1323 966 1415 1026 nobis
1439 967 1497 1028 sci·

231 1065 307 1126 licet
330 1065 491 1146 judicibus
516 1068 548 1128 in
572 1088 626 1128 sex
651 1069 758 1150 pensis
782 1069 1007 1146 denariorum;
1033 1070 1072 1130 de
1097 1091 1162 1152 quo
1188 1071 1308 1149 judicio
1333 1087 1441 1135 nostro
1467 1088 1498 1136 et

232 1172 377 1253 ipsorum
410 1175 587 1252 juratorum
622 1177 688 1257 ipse
721 1176 851 1237 Rawsar
885 1197 949 1238 non
981 1191 1165 1256 contentus,
1202 1180 1337 1240 eandem
1369 1200 1495 1242 causam

231 1277 408 1360 appellavit
432 1281 464 1341 in
489 1283 687 1362 presenciam
713 1283 854 1362 magistri
883 1283 1165 1362 rhawarnicorum,
1190 1285 1308 1365 quibus
1332 1284 1425 1347 datus
1449 1301 1495 1348 est

231 1386 389 1448 terminus
413 1387 622 1468 comparendi
648 1401 758 1449 octava
785 1387 858 1450 festi
886 1390 1121 1452 penthecostes.

339 1492 415 1553 Item
441 1513 569 1555 causam
595 1494 676 1555 inter
701 1495 888 1556 Thomasko
911 1511 941 1555 et
958 1515 1088 1557 uxorem
1115 1496 1257 1558 eiusdem
1278 1511 1308 1557 et
1332 1497 1412 1558 inter
1430 1503 1493 1558 An-

230 1599 342 1660 dream
367 1599 504 1682 judicem
532 1600 726 1682 Symwnycb
753 1602 880 1662 racione
903 1603 1107 1684 impulsionis
1131 1604 1347 1684 quorumdam
1374 1605 1494 1665 anima-

230 1706 309 1766 lium
328 1727 385 1788 per
403 1707 541 1768 eundem
562 1707 737 1790 Symonem
756 1708 794 1768 ad
813 1708 947 1769 domum
966 1709 1110 1770 eiusdem
1129 1709 1378 1788 Thomaskonis,
1396 1730 1492 1792 quam

230 1832 359 1874 causam
384 1813 477 1894 jurati
495 1813 729 1892 adjudicarunt,
761 1813 848 1894 quod
867 1815 933 1896 ipsa
952 1815 1113 1876 debuisset
1126 1815 1229 1894 jurare
1254 1815 1388 1876 solamet
1405 1817 1491 1896 quod

231 1920 297 2000 ipsa
330 1939 396 1980 non
430 1921 609 1981 admisisset
641 1921 758 1998 eidem,
790 1935 820 1982 et
853 1921 930 1982 dum
965 1920 1107 2000 jurasset,
1145 1935 1221 1984 tunc
1257 1921 1321 2004 ipse
1348 1923 1492 1984 Andreas

230 2027 434 2090 remansisset
459 2028 490 2088 in
524 2029 682 2108 potencia,
716 2043 746 2088 et
769 2028 843 2108 quia
876 2028 942 2108 ipse
972 2029 1125 2089 Andreas
1148 2029 1322 2110 appellavit
1357 2029 1395 2089 ad
1433 2050 1491 2090 nos

228 2135 371 2195 seniores
394 2133 516 2214 judices
541 2135 675 2195 eandem
701 2154 840 2210 causam,
865 2133 937 2196 ideo
964 2154 1021 2196 nos
1052 2135 1194 2196 seniores
1218 2135 1339 2215 judices
1357 2136 1490 2197 eandem

230 2261 358 2302 causam
383 2240 614 2322 appellacionis
644 2240 772 2302 racione
806 2241 905 2322 ipsius
932 2240 1102 2321 juramenti
1135 2241 1241 2302 taliter
1264 2242 1440 2323 reperimus
1464 2259 1494 2302 et

230 2349 432 2426 invenimus,
464 2348 551 2428 quod
586 2347 653 2428 ipsa
684 2367 765 2408 uxor
797 2347 940 2408 eiusdem
974 2347 1162 2408 Thomasko
1195 2347 1298 2428 jurare
1334 2348 1494 2410 tenebitur

226 2455 330 2536 prima
356 2452 434 2514 feria
458 2468 545 2515 sexta
569 2453 714 2535 proxima
740 2468 811 2535 post
843 2469 989 2514 octavam
1015 2454 1274 2514 Resurreccionis
1299 2455 1429 2514 Domini
1456 2475 1492 2514 ex

226 2581 275 2639 en,
301 2561 377 2641 quia
403 2561 470 2642 ipsa
495 2580 560 2621 non
593 2560 672 2621 dixit
697 2581 754 2622 nec
787 2561 881 2621 alicui
907 2560 1013 2620 vicino
1039 2560 1126 2640 quod
1161 2561 1188 2619 vi
1216 2542 1489 2642 impullisset'nec

226 2668 320 2729 alicui
358 2666 461 2747 jurato
495 2681 611 2728 eotunc
648 2667 736 2748 quod
769 2667 836 2748 ipsa
869 2687 933 2727 non
966 2666 1096 2727 admisit
1129 2667 1228 2747 ipsam
1263 2667 1490 2748 inpulsionem,

225 2775 392 2836 terciamet
416 2774 520 2854 jurare
545 2773 715 2834 tenebitur.

333 2880 412 2941 ltem
437 2900 565 2941 causam
591 2880 673 2940 inter
698 2878 876 2958 Georgium
906 2877 1113 2960 lelowcbycb
1138 2893 1169 2938 et
1193 2879 1274 2939 inter
1300 2877 1489 2940 Michaelem

225 2985 398 3068 pellificem
424 2986 551 3047 racione
576 2985 769 3046 seccacionis
794 2984 912 3044 canalis
938 2985 1035 3065 ipsius
1061 2984 1193 3065 Georgii
1219 3005 1274 3066 per
1298 2986 1402 3067 ipsum
1430 2985 1490 3046 Mi-

225 3093 370 3155 chaelem
397 3092 470 3154 lacti
496 3106 526 3154 et
549 3112 604 3173 per
629 3091 748 3173 juratos
765 3091 949 3170 adjudicati,
975 3091 1109 3152 eandem
1144 3111 1270 3152 causam
1297 3091 1489 3171 perjuratus

224 3199 442 3280 adjudicatam
467 3198 707 3275 confirmarunt,
733 3199 772 3258 ira
799 3211 917 3274 tamen,
949 3196 1036 3277 quod
1067 3195 1205 3278 prelatus
1232 3197 1369 3258 Michael
1395 3199 1490 3259 debet

225 3306 332 3367 eidem
359 3305 502 3386 Georgio
528 3305 602 3365 dare
628 3304 706 3364 duas
732 3323 845 3384 pensas
869 3303 1075 3364 denariorum
1100 3323 1158 3384 pro
1183 3305 1366 3365 seccacione
1392 3305 1490 3385 ipsius

225 3411 346 3473 canalis
371 3411 491 3492 etipse
519 3409 678 3491 Georgius
710 3407 883 3470 reformare
916 3423 1041 3469 tenetur
1074 3409 1184 3470 canale
1217 3410 1285 3470 sine
1310 3411 1489 3491 preiudicio

225 3519 405 3578 vicinorum
431 3529 462 3578 et
490 3517 642 3599 dampno.

332 3623 411 3685 ltem
436 3643 494 3684 nos
525 3623 666 3684 seniores
697 3621 818 3704 judices
849 3641 978 3684 causam
1014 3623 1094 3682 inter
1119 3620 1307 3684 Tbomaslro
1331 3635 1485 3682 sartorem

226 3743 255 3792 et
279 3731 363 3792 inter
380 3730 570 3792 Michaelem
588 3728 759 3812 pellificem
778 3749 813 3790 ac
831 3727 994 3790 Thomam
1013 3727 1138 3808 Glazyn
1157 3728 1283 3789 racione
1309 3727 1488 3789 effossionis

225 3837 398 3900 domorum
424 3850 455 3897 et
478 3837 615 3897 aliorum
641 3836 856 3918 dampnorum
882 3837 912 3896 in
946 3835 1045 3896 domo
1070 3835 1128 3894 sibi
1155 3835 1283 3895 vendita
1308 3854 1363 3916 per
1388 3835 1484 3916 ipsos,

225 3959 320 4026 prout
344 3943 437 4024 jurati
456 3943 688 4025 adjudicarunt,
702 3941 980 4016 confirmavimus;
998 3940 1038 4001 de
1063 3961 1128 4021 quo
1146 3940 1276 4020 judicio·
1293 3953 1402 4002 nostro
1421 3941 1487 4022 ipse

226 4050 364 4112 Michael
397 4049 526 4131 pellifex
551 4069 615 4110 non
648 4061 816 4109 contentus
841 4047 975 4108 eandem
1004 4067 1132 4107 causam
1158 4047 1331 4128 appellavit
1356 4048 1395 4108 ad
1422 4067 1486 4109 ma-

224 4157 357 4238 gistrum
382 4155 651 4217 thawarnicorum
676 4155 844 4235 regalium,
866 4153 983 4234 quibus
1008 4153 1100 4213 datus
1124 4165 1169 4213 est
1187 4153 1341 4214 terminus
1358 4173 1486 4236 compa-

223 4263 313 4324 rendi
338 4282 445 4324 coram
471 4262 586 4323 eodem
611 4282 628 4322 a
654 4262 706 4322 die
736 4260 989 4342 adjudicacionis
1014 4259 1278 4340 quadragesimus
1303 4261 1380 4322 dies.

275 4485 422 4555 sabbato
451 4485 603 4572 proximo
632 4493 710 4553 ante
735 4482 856 4552 festum
885 4481 1059 4552 beatorum
1091 4441 1230 4570 Philippi
1262 4489 1294 4552 et
1322 4481 1440 4571 Jacobi

733 4607 971 4695 apostolorum.

751 4763 813 4842 (29.
838 4759 965 4834 aprilis).

329 4905 468 4967 Causam
495 4904 575 4964 inter
601 4904 735 4963 Paulum
762 4899 957 4962 aurifabrum
983 4915 1013 4960 et
1039 4901 1119 4961 inter
1146 4901 1262 4960 Lucam
1289 4915 1428 4962 sutorem
1456 4913 1486 4960 ot

223 5013 303 5075 alios
327 5033 402 5074 suos
426 5013 605 5088 consocios,
631 5011 715 5070 cives
739 5010 821 5070 dicte
855 5009 1001 5085 civitatis,
1025 5008 1153 5068 racione
1186 5008 1351 5088 cujusdam
1378 5005 1485 5067 senilis
