3738 5786
591 553 782 628 Ann01457.
807 585 850 597 -
874 565 923 629 14.
940 553 1090 628 januarii.
1414 573 1474 635 117

312 762 391 824 ltem
418 762 511 842 jurati
544 781 672 824 causam
699 763 730 823 in
763 760 846 824 facto
880 781 975 845 porce
1003 777 1140 824 mactate
1172 764 1313 845 magistri
1348 764 1472 826 Nicolai

206 868 334 947 medici,
360 869 444 930 inter
468 868 574 950 ipsum
606 883 637 930 et
661 869 866 932 Clementem
899 869 1074 951 agricolam
1107 889 1216 932 coram
1241 871 1317 954 ipsis
1341 885 1474 950 motam,

206 976 310 1037 taliter
344 975 621 1056 adjudicaverunt,
655 989 689 1036 ut
720 977 796 1057 quia
830 977 897 1058 ipse
929 977 1080 1057 magister
1112 977 1266 1040 Nicolaus
1298 977 1474 1060 predictam

206 1102 336 1164 porcam
361 1095 533 1144 mactatam
559 1083 598 1144 ad
623 1102 657 1144 se
674 1083 794 1166 recepit
818 1097 848 1144 et
872 1083 905 1144 in
931 1102 1006 1144 usus
1023 1101 1098 1145 suos
1123 1083 1290 1162 convertit,
1316 1083 1389 1146 ideo
1407 1085 1473 1166 ipse

206 1187 300 1249 debet
326 1189 507 1250 contentari
532 1188 564 1248 in
589 1189 660 1270 ipso
678 1189 821 1271 dampno
845 1209 915 1268 suo,
933 1187 1074 1270 prefatus
1091 1203 1199 1250 autem
1221 1189 1374 1252 Clemens
1391 1191 1472 1272 agri-

208 1295 276 1356 cola
303 1295 380 1375 quia
416 1296 537 1376 absque
563 1294 696 1356 licencia
720 1294 898 1376 juratorum
923 1307 954 1357 et
985 1294 1100 1374 judicis
1125 1296 1226 1378 ipsam
1251 1315 1381 1378 porcam
1407 1295 1473 1378 pel·

205 1401 314 1480 leudo,
340 1420 415 1462 cum
431 1401 534 1462 securi
558 1400 707 1482 jactando
725 1401 915 1476 vulneravit,
941 1401 1016 1462 ideo
1033 1402 1186 1464 remansit
1199 1402 1231 1463 in
1248 1402 1357 1464 valore
1375 1403 1474 1484 ipsius

205 1526 312 1588 porce,
347 1526 444 1587 quern
478 1506 588 1588 juratis
621 1507 716 1569 debet
748 1508 885 1586 solvere,
917 1506 1005 1588 quod
1039 1507 1106 1590 ipse
1138 1508 1289 1589 magister
1320 1507 1474 1570 Nicolaus

205 1613 391 1695 appellavit.

309 1737 389 1800 ltem
423 1737 498 1819 quia
522 1737 706 1798 Anthonius
738 1736 917 1820 Termsych
950 1738 1118 1800 balneator
1158 1738 1265 1800 balnei
1300 1737 1472 1817 inferioris,

204 1845 356 1906 balneum
382 1845 530 1926 superius
554 1864 610 1926 per
634 1844 782 1926 ipsuma
815 1844 990 1906 Benedicto
1024 1843 1186 1906 aurifabro
1211 1863 1270 1926 pro
1295 1843 1366 1906 XVI
1400 1843 1470 1908 flor.

203 1952 270 2012 auri
294 1971 353 2032 per
377 1970 480 2012 unum
504 1969 626 2012 annum
651 1950 870 2032 appreciatum
895 1950 1010 2029 taliter,
1028 1949 1116 2032 quod
1141 1951 1209 2032 ipse
1234 1951 1377 2032 qualibet
1401 1971 1471 2034 sep·

203 2059 324 2118 timana
349 2059 455 2139 ipsum
481 2057 632 2119 balneum
651 2054 825 2118 calefacere
842 2057 1016 2136 debuisset,
1037 2057 1104 2139 ipsa
1129 2057 1273 2138 qualibet
1289 2058 1467 2140 septimana

202 2183 267 2225 non
293 2163 451 2242 calefecit,
484 2163 539 2225 sed
571 2165 692 2244 absque
725 2162 911 2224 huiusmodi
946 2161 1161 2225 calefaccione
1194 2164 1226 2224 in
1250 2164 1469 2226 desertacinne

203 2289 371 2332 remanere
395 2269 551 2352 permisit,
577 2269 696 2350 inquo
721 2271 780 2351 ipsi
806 2269 981 2332 Benedicto
1006 2268 1168 2332 aurifabro
1192 2271 1370 2352 dampnum
1395 2269 1469 2333 fecit

202 2376 295 2437 valde
320 2395 488 2456 magnum,
513 2375 587 2437 ideo
611 2375 705 2456 jurati
731 2377 832 2458 ipsam
857 2395 986 2438 causam
1010 2377 1055 2438 sic
1079 2377 1355 2456 adjudicaverunt,
1380 2377 1468 2458 quod

202 2483 268 2565 ipse
292 2483 481 2544 Anthonius
505 2483 683 2566 Termsych
701 2502 803 2564 usque
828 2484 868 2544 ad
890 2482 1034 2544 triduum
1058 2485 1144 2566 ipsos
1161 2483 1232 2545 XVl
1250 2482 1320 2544 flor.
1345 2481 1469 2565 prefato

201 2590 378 2651 Benedicto
404 2587 566 2651 aurifabro
591 2590 687 2651 debet
711 2589 905 2671 persolvere,
930 2591 997 2671 ipse
1030 2603 1138 2652 autem
1164 2589 1357 2652 Benedictus
1381 2589 1465 2650 auri-

201 2697 289 2760 faber
314 2697 438 2758 dictum
463 2716 557 2758 suum
575 2696 726 2758 balneum
752 2697 843 2758 alteri
861 2698 901 2758 sit
923 2697 1124 2758 voluntarius
1149 2697 1224 2758 dare
1241 2697 1281 2758 ad
1305 2697 1468 2778 precium;

201 2803 267 2886 ipse
291 2823 370 2864 vero
395 2803 580 2864 Anthonius
604 2803 644 2864 de
676 2821 758 2885 pena
784 2803 811 2864 V
837 2823 1016 2865 marcarum
1049 2803 1110 2865 sibi
1136 2802 1289 2884 injuncta,
1313 2802 1412 2883 judici
1437 2815 1469 2865 et

201 2909 310 2990 juratis
334 2929 438 2991 usque
462 2923 613 2972 octavum
638 2909 723 2972 diem
749 2909 846 2971 debet
869 2908 1125 2972 satisfaccionem
1150 2908 1263 2972 facere.

203 3147 296 3220 leria
325 3155 425 3220 sexta
463 3151 617 3238 proxima
645 3157 721 3238 post
759 3149 882 3220 festum
919 3149 1008 3220 beati
1039 3147 1134 3219 Pauli
1163 3146 1261 3237 primi
1290 3145 1466 3220 Heremite.

713 3305 779 3382 (14.
795 3299 963 3378 januaria).

304 3443 386 3506 ltem
411 3444 487 3525 quia
512 3444 705 3506 Benedictus
729 3443 868 3524 agricola
892 3463 992 3522 gener
1016 3443 1153 3505 condam
1178 3444 1307 3504 Andree
1331 3443 1466 3524 antiqui,

201 3549 397 3612 inhabitator
421 3550 506 3612 dicte
523 3551 670 3628 civitatis,
696 3550 726 3610 id
752 3569 825 3611 cum
850 3547 1020 3612 sufficienti
1039 3563 1070 3612 et
1094 3548 1258 3631 fidedigno
1283 3565 1465 3611 nostrorum

201 3657 382 3718 concivium
402 3670 433 3718 et
446 3657 702 3718 cohabitatorum
719 3670 903 3718 nostrorum
921 3657 952 3717 in
970 3656 1045 3717 sede
1063 3670 1170 3718 nostra
1185 3655 1350 3736 judiciaria
1368 3656 1463 3716 hodie

200 3761 283 3822 clare
308 3762 533 3844 comprobavit
558 3781 665 3824 coram
690 3763 794 3840 nobis,
818 3775 853 3824 ut
877 3762 953 3824 dum
979 3760 1120 3843 prefatus
1145 3762 1290 3823 Andreas
1313 3763 1464 3843 antiquus

199 3887 339 3930 unacum
364 3887 464 3930 uxore
488 3888 545 3930 sua
569 3867 602 3930 in
626 3870 776 3930 extremis
800 3869 863 3930 vite
887 3889 945 3930 sue
969 3869 1156 3950 temporalis
1180 3870 1365 3946 laborasset,
1388 3883 1464 3930 tnnc

199 3975 268 4055 ipse
291 3975 424 4036 terciam
449 3987 572 4057 partem
594 3975 761 4036 cuiusdam
785 3975 878 4036 vinee
897 3975 1129 4036 condicionalis
1154 3988 1184 4037 et
1207 3987 1288 4036 terre
1313 3976 1373 4036 sibi
1390 3977 1463 4036 sub-

197 4079 330 4160 jacentis
361 4080 393 4141 in
419 4081 580 4143 territorio
612 4081 748 4142 civitatis
773 4081 804 4143 in
830 4081 991 4143 vicinitate
1025 4083 1118 4143 vinee
1143 4081 1299 4143 Demetrii
1332 4082 1371 4143 de
1397 4081 1462 4144 Go-

197 4188 284 4248 ricza
300 4187 408 4250 habite
433 4201 464 4249 et
481 4188 655 4266 existentis,
672 4187 796 4268 prefato
811 4189 987 4250 Benedicto
1004 4188 1144 4270 agricole
1161 4206 1280 4268 genero
1298 4203 1328 4248 et
1345 4187 1462 4250 Kathe·

196 4295 269 4356 rinc
292 4293 366 4373 filie,
384 4295 460 4373 suis,
483 4295 652 4377 legavisset
676 4309 832 4378 perpetuo
849 4295 1096 4377 possidendam;
1122 4310 1152 4356 et
1170 4295 1245 4376 quia
1271 4295 1337 4376 ipse
1362 4295 1462 4356 Bene·

195 4401 303 4462 dictus
332 4401 474 4482 agricola
506 4421 645 4463 unacum
685 4401 827 4484 predicta
859 4421 957 4463 uxore
989 4421 1045 4463 sua
1078 4403 1166 4484 prius
1198 4402 1296 4462 aliam
1329 4403 1460 4462 terciam

194 4519 320 4590 partem
344 4507 490 4570 eiusdem
524 4509 616 4570 vinee
641 4522 672 4569 et
695 4521 776 4569 terre
807 4508 867 4570 sibi
900 4507 1093 4587 subjacentis
1127 4509 1166 4568 ab
1192 4507 1307 4569 eodem
1332 4507 1461 4570 Andrea

193 4613 331 4695 antiquo
346 4633 459 4676 socero
477 4615 576 4696 ipsius
592 4614 759 4676 Benedicti
783 4629 813 4676 et
837 4628 925 4696 patre
950 4615 1034 4676 dicte
1053 4615 1227 4676 Katherine
1253 4615 1360 4675 uxoris
1377 4614 1461 4674 eius-

194 4724 275 4784 dem
297 4722 463 4784 Benedicti
500 4721 673 4783 literatorie
700 4720 862 4802 possidere
888 4720 1123 4799 dinoscebatur,
1149 4721 1288 4802 ideoque
1313 4740 1372 4781 nos
1396 4741 1461 4781 me-

193 4830 348 4892 dietatem
373 4829 520 4890 eiusdem
544 4829 636 4890 vinee
662 4843 693 4890 et
723 4841 805 4890 terre
837 4829 898 4888 sibi
930 4829 1123 4908 subjacentis
1156 4847 1228 4888 cunr
1254 4828 1319 4888 suis
1344 4827 1461 4888 utilita-

192 4937 286 5000 tibus
305 4951 337 4999 et
360 4936 566 5019 pertinenciis
591 4935 747 4997 universis
779 4934 910 5018 prefatis
935 4935 1111 4996 Benedicto
1142 4954 1262 5015 genero
1288 4949 1318 4995 et
1343 4933 1460 4995 Kathe·

193 5045 272 5107 rine
294 5063 347 5105 sue
372 5043 525 5122 consorti,
549 5041 614 5104 filie
638 5061 714 5104 vero
738 5042 838 5124 ipsius
862 5041 1003 5120 Andree,
1020 5061 1055 5102 ac
1080 5061 1135 5122 per
1160 5061 1214 5101 eos
1239 5041 1382 5122 ipsorum
1407 5040 1460 5100 he-
