3644 5788
377 523 436 584 160
750 523 835 580 Anno
858 517 950 599 1458.
976 555 1016 564 -
1039 535 1070 598 4.
1095 519 1262 578 novembris.

372 734 491 817 prelata
518 754 597 795 uxor
622 735 723 816 ipsius
749 733 903 794 Demetrii
937 732 968 793 in
994 731 1070 815 ipsis
1095 732 1192 813 pullis
1222 729 1335 812 prelati
1361 730 1515 790 Demetrii
1542 729 1635 808 jurati

372 841 503 923 aliquod
529 842 707 922 dampnum
732 859 799 901 non
825 839 984 920 impendit
1007 851 1038 899 et
1062 857 1121 899 nec
1138 837 1222 899 lecit.

589 1079 736 1149 Sabbata
767 1087 844 1166 post
872 1077 996 1148 festum
1026 1075 1177 1147 Omnium
1206 1083 1415 1146 sanctornm.

877 1227 923 1307 (4.
947 1227 1133 1309 novembris).

480 1373 558 1434 ltem
584 1371 727 1433 seniores
756 1370 878 1449 judices
910 1369 1182 1432 confirmaverunt
1207 1369 1362 1450 judicium
1396 1368 1573 1443 iuratorum
1607 1367 1641 1427 in

374 1499 466 1540 causa
493 1480 573 1539 inter
599 1477 811 1539 Laurentium
830 1477 870 1540 de
896 1477 1017 1538 Kalech
1045 1490 1080 1538 ut
1104 1490 1243 1538 actorem
1261 1477 1301 1536 ab
1326 1494 1400 1552 una,
1425 1486 1457 1535 et
1481 1471 1638 1534 Elzabeth

374 1604 506 1646 uxorem
521 1585 709 1665 legittimam
725 1583 872 1666 Dyonisii
892 1582 1033 1644 Zernche
1051 1583 1178 1656 dictam,
1205 1582 1332 1643 racione
1350 1579 1565 1662 quarumdam
1586 1598 1639 1660 pe·

375 1691 541 1752 cuniarum
576 1689 707 1770 Georgii
742 1690 773 1750 in
799 1688 898 1750 fluvio
930 1690 1024 1750 Zavve
1056 1689 1224 1766 submersi,
1257 1707 1337 1769 quas
1371 1687 1456 1748 idem
1483 1686 1515 1746 in
1540 1684 1640 1744 domo

374 1798 517 1858 eiusdem
545 1795 722 1878 Elyzabeth
746 1795 863 1857 dicitur
888 1795 1067 1877 reposuisse
1093 1796 1124 1856 in
1143 1795 1260 1856 scrinio
1284 1813 1355 1872 su0,
1380 1791 1468 1874 quod
1485 1790 1639 1852 scrinium

375 1923 468 1965 suum
502 1915 573 1985 post
604 1901 860 1963 submersionem
893 1903 992 1983 ipsius
1024 1900 1168 1982 Georgii,
1203 1900 1297 1983 jurati
1331 1919 1432 1981 nsque
1464 1897 1640 1959 adventum

374 2009 506 2071 fratrum
532 2028 663 2070 suorum
689 2010 965 2090 consignaverant‚
999 2022 1029 2070 et
1052 2023 1159 2070 tamen
1193 2008 1261 2090 ipsa
1286 2005 1464 2090 Elyzabeth
1489 2023 1556 2066 non
1589 2024 1641 2066 ex·
1716 2083 1720 2090 ἡ

376 2118 509 2200 pectatis
533 2115 664 2198 prefatis
688 2115 838 2178 iratribus
873 2116 972 2198 ipsius
1002 2115 1134 2197 Georgii
1167 2117 1288 2196 absque
1312 2113 1445 2176 licencia
1470 2111 1588 2194 judicis
1612 2123 1643 2172 et

376 2223 553 2304 juratorum
579 2223 684 2304 ipsum
709 2223 850 2303 sigillum
882 2221 1059 2304 confregit3
1092 2222 1221 2304 dequo
1246 2221 1366 2302 iudicio
1396 2219 1561 2280 seniorum
1595 2217 1642 2296 ju·

377 2331 485 2392 dicum
522 2327 642 2411 prefata
676 2329 852 2412 Elyzabeth
893 2349 958 2390 non
990 2343 1139 2391 contenta
1171 2327 1347 2412 appellavit
1378 2327 1418 2387 ad
1450 2325 1641 2406 magistrum

376 2435 658 2512 thawernicorum,
689 2436 748 2518 ipsi
781 2450 889 2498 autem
920 2437 1062 2497 seniores
1093 2436 1250 2498 miserunt
1280 2435 1341 2495 sibi
1374 2433 1550 2516 appellari,
1579 2451 1644 2512 que

376 2542 503 2624 appella
529 2541 638 2605 estad
672 2543 864 2623 vigesimum
897 2543 1045 2624 quintum
1079 2542 1164 2603 diem
1194 2540 1263 2602 festi
1298 2541 1382 2602 beati
1409 2539 1537 2600 Martini
1565 2557 1642 2598 con·

376 2648 504 2710 sessoris
529 2669 615 2710 nunc
639 2649 783 2730 proxime
808 2663 989 2711 venturum.

483 2754 559 2816 ltem
586 2753 723 2816 Mathias
746 2753 832 2816 lilius
857 2755 995 2816 Kathich
1020 2755 1059 2816 de
1081 2753 1267 2838 Mykwlicb,
1293 2753 1434 2815 concivis
1459 2765 1577 2827 noster,
1592 2750 1644 2811 ·ad

378 2874 520 2924 nostram
555 2861 765 2943 personaliter
797 2862 930 2923 veniens
961 2863 1159 2943 presenciam
1194 2861 1287 2922 nobis
1316 2857 1496 2942 significare
1521 2857 1646 2920 curavit

377 2987 416 3029 eo
441 2969 551 3047 mod0,
578 2981 611 3029 ut
635 2968 774 3049 quedam
800 2969 890 3030 litera
916 2968 1125 3050 privilegialis
1142 2966 1260 3030 facturn
1286 2966 1451 3028 cuiusdam
1478 2965 1597 3026 domus
1615 2977 1647 3025 et

377 3072 469 3135 fundi
495 3094 530 3136 ac
555 3074 661 3134 celarii
694 3075 892 3136 subterranei
924 3095 985 3136 nec
1016 3095 1079 3136 non
1113 3073 1314 3136 edificiorum
1340 3073 1371 3134 in
1405 3072 1489 3134 dicta
1515 3072 1646 3133 civitate

378 3180 460 3242 inter
484 3179 808 3242 domummuratam
834 3195 865 3242 et
897 3179 1033 3242 fundum
1066 3202 1103 3241 ac
1135 3179 1260 3243 edificia
1292 3181 1424 3241 domine
1450 3178 1645 3260 Magdalena

379 3298 490 3348 vocate
514 3288 554 3347 ab
579 3306 642 3348 una
676 3287 825 3348 videlicet
852 3307 869 3348 a
903 3286 1106 3348 meridionali
1140 3301 1230 3369 parte
1254 3300 1285 3349 et
1309 3286 1391 3348 inter
1422 3286 1558 3347 domum
1584 3285 1646 3366 lig·

378 3415 472 3456 neam
498 3408 528 3456 et
551 3393 687 3455 fundum
713 3415 749 3455 ac
774 3393 899 3456 edificia
924 3394 1052 3456 Thome
1071 3395 1239 3456 Zo'rethich
1265 3394 1341 3456 dicti
1366 3395 1406 3455 ab
1431 3393 1529 3454 altera
1554 3391 1646 3453 vide-

379 3502 493 3562 liceta
527 3501 780 3584 septemtrionali
813 3515 902 3582 parte
935 3515 1117 3563 nostrorum
1146 3501 1294 3562 similiter
1317 3500 1501 3561 concivium
1533 3497 1646 3560 habite

379 3621 409 3668 et
433 3607 607 3684 existentis,
639 3622 782 3688 tangens,
814 3627 911 3668 unam
936 3607 1161 3668 tantummodo
1195 3621 1341 3689 quartam
1365 3606 1452 3668 curie
1483 3606 1523 3667 ad
1549 3625 1646 3666 usum

380 3713 462 3774 dicte
487 3713 623 3774 civitatis
648 3713 679 3773 in
703 3733 736 3773 se
769 3713 987 3774 continentem
1031 3733 1088 3796 pro
1122 3727 1210 3795 parte
1242 3713 1356 3796 prelati
1382 3713 1516 3775 Kathicz
1546 3713 1649 3796 patris

379 3818 427 3878 sui
453 3817 587 3878 carnalis
611 3837 705 3899 snper
723 3820 834 3880 eadem
861 3820 959 3880 domo
985 3833 1014 3880 et
1032 3818 1133 3881 fundo
1158 3839 1194 3880 ac
1219 3821 1336 3881 celario
1358 3823 1566 3882 subterraneo
1585 3840 1646 3882 nec

379 3945 444 3986 non
470 3924 603 3987 edificiis
628 3925 750 3986 dudunt
776 3924 921 3986 conlecta
945 3939 976 3987 et
1000 3941 1146 3988 emanata
1180 3948 1216 3988 ac
1240 3926 1370 3988 tandem
1396 3941 1541 4010 tempore
1567 3947 1648 3988 con-

380 4032 589 4093 cremacionis
613 4031 729 4092 domus
753 4032 895 4094 eiusdem
929 4033 961 4093 in
986 4032 1106 4114 prelata
1142 4034 1315 4116 Mykwlich
1349 4033 1467 4112 habita,
1493 4035 1547 4095 ubi
1575 4034 1646 4116 ipsa

380 4137 471 4198 litera
495 4138 704 4218 privilegialis
728 4139 759 4198 in
785 4139 926 4220 reposito
951 4137 1054 4201 iuerat
1081 4153 1112 4201 et
1136 4139 1167 4200 in
1191 4141 1451 4220 conservacione,
1476 4140 1650 4202 casualiter

381 4255 581 4304 concremata
607 4241 727 4322 luisset,
752 4258 783 4304 et
807 4244 881 4324 quia
907 4245 1007 4306 eciam
1042 4246 1108 4327 ipse
1135 4246 1271 4307 Kathich
1305 4247 1480 4329 predictam
1507 4246 1648 4308 domum

380 4367 469 4408 suam
495 4362 658 4428 procerte
683 4349 892 4431 pecuniarum
915 4352 1092 4432 quantitate
1117 4351 1221 4414 adhuc
1248 4353 1279 4414 in
1299 4353 1358 4414 hoc
1383 4353 1494 4414 seculo
1519 4367 1650 4435 tempo·

381 4453 488 4514 raliter
512 4453 622 4514 vivens
646 4456 774 4517 emisset
799 4469 829 4516 et
861 4473 1085 4538 comparasset,
1111 4459 1143 4519 in
1178 4460 1270 4521 cuius
1302 4459 1419 4521 domus
1443 4458 1593 4521 dominio
1619 4477 1652 4522 et

383 4559 581 4639 possessione
606 4573 670 4620 tam
696 4560 836 4641 prefatus
861 4563 997 4624 Kathich
1023 4585 1121 4646 quarn
1138 4564 1279 4648 prefatus
1305 4567 1442 4628 Mathias
1466 4566 1552 4628 filius
1572 4588 1652 4630 suus

382 4677 454 4744 post
489 4679 625 4725 mortem
659 4685 748 4726 suam
784 4653 950 4750 hucusque
986 4669 1116 4752 pacifice
1149 4673 1324 4754 permansit
1357 4674 1487 4735 nemine
1517 4676 1652 4756 penitus

383 4769 639 4846 contradicente;
664 4786 694 4832 et
718 4773 792 4852 quia
819 4775 857 4834 ad
883 4775 998 4836 trinam
1032 4777 1192 4839 lorensem
1222 4793 1252 4840 et
1278 4781 1440 4862 publicam
1466 4781 1652 4862 proclama-

384 4873 507 4934 cionem
527 4885 581 4956 pcr'
600 4897 655 4936 nos
680 4879 849 4958 superinde
868 4901 954 4940 more
977 4882 1054 4942 alius
1071 4899 1222 4946 consveto
1242 4883 1307 4946 lieri
1326 4888 1530 4948 commissam
1551 4906 1652 4970 atque

385 4977 510 5055 iactam,
544 4983 687 5060 predicto
720 4985 839 5046 Mathie
872 4988 997 5048 racione
1034 4991 1116 5051 dicte
1141 4990 1271 5072 pacifice
1304 4995 1515 5075 possessionis
1549 4998 1653 5081 ipsius
