3852 5814
689 571 776 627 Anno
799 565 893 646 1480.
920 603 960 612 -
985 579 1032 646 17.
1049 570 1142 644 junii.
1482 589 1546 652 497

388 781 494 843 Causa
520 782 600 843 inter
625 782 787 843 Andream
813 795 953 843 sutorem
979 782 1116 862 juratum
1147 781 1212 842 Lah
1238 796 1268 843 et
1293 783 1462 844 Nicolaum
1494 803 1545 844 su·

281 902 383 950 torem
409 889 537 948 racione
564 888 730 948 cuiusdam
757 889 850 948 vinee
874 888 967 968 jurati
989 887 1255 966 adjudicaverunt
1279 909 1377 971 penes
1401 890 1544 952 testimo-

281 994 370 1054 nium
397 992 699 1071 infrascribendum,
731 994 819 1075 quod
853 993 992 1076 prelatus
1025 995 1169 1054 Andreas
1201 1008 1289 1056 sutor
1325 996 1390 1057 Lah
1423 995 1546 1077 prelato

280 1099 417 1161 Nicolao
441 1100 540 1161 sutori
567 1113 620 1161 aut
645 1100 713 1180 jura
738 1113 769 1162 et
799 1101 906 1162 literas
938 1101 1074 1162 civitatis
1098 1102 1194 1162 debet
1226 1115 1310 1162 extra
1337 1100 1439 1162 lacere
1472 1102 1546 1163 dare

279 1221 335 1268 aut
360 1226 417 1288 pro
443 1207 615 1288 prescripta
640 1207 731 1268 vinea
758 1207 927 1288 pecuniam
953 1207 1059 1268 datam
1085 1207 1191 1268 eidem
1217 1208 1392 1270 restituere.

387 1312 492 1374 Causa
518 1314 599 1374 inter
626 1313 832 1374 Dominicum
859 1313 1032 1395 Perowych
1062 1327 1092 1374 et
1117 1314 1297 1376 Johannem
1324 1313 1544 1397 Soldynarych

278 1419 407 1479 racione
432 1420 598 1480 cuiusdam
624 1420 769 1480 cenaculi
802 1420 900 1500 vulgo
926 1415 1049 1502 jarkyl*
1083 1420 1252 1500 pendentis
1284 1421 1323 1481 ad
1349 1421 1433 1482 viam
1459 1439 1545 1482 com·

279 1543 422 1602 munem,
448 1524 565 1585 dilacio
590 1523 671 1586 lacta
696 1541 742 1586 est
766 1527 868 1608 prima
894 1525 1017 1603 citaci0,
1050 1541 1081 1587 et
1105 1539 1209 1608 partes
1234 1541 1423 1608 receperunt
1447 1546 1479 1587 se
1505 1526 1545 1588 ad

279 1629 329 1710 jus
353 1631 457 1692 civile.

386 1735 462 1796 Item
489 1757 582 1798 causa
607 1738 689 1799 inter
713 1737 913 1819 supradictos
938 1737 1117 1798 Johannem
1145 1738 1365 1822 Soldynarych
1391 1753 1422 1800 et
1447 1739 1542 1799 Nico-

280 1843 366 1903 laum
401 1844 527 1904 racione
560 1845 747 1905 earumdem
779 1844 1032 1926 supradictarum
1071 1844 1233 1905 literarum
1267 1845 1434 1924 regalium,
1466 1865 1545 1926 quas

279 1948 346 2029 ipse
372 1949 525 2010 Nicolaus
549 1950 750 2033 lwanowych
785 1951 816 2010 in
841 1950 916 2012 sede
949 1951 1110 2032 produxit,
1135 1964 1244 2012 contra
1277 1970 1374 2031 quem
1399 1951 1465 2032 ipse
1491 1952 1543 2012 Jo-

278 2054 399 2116 hannes
424 2055 644 2138 Soldynarych
671 2057 760 2134 dixit,
785 2056 873 2137 quod
900 2054 1036 2137 prefatas
1064 2056 1171 2118 literas
1196 2057 1263 2138 ipse
1288 2057 1441 2117 Nicolaus
1465 2055 1543 2119 false

279 2175 388 2222 contra
412 2162 551 2223 eundem
569 2163 754 2244 excepisset,
780 2162 871 2240 jurati
890 2161 1167 2241 adjudicaverunt,
1189 2162 1276 2244 quod
1296 2163 1362 2244 ipse
1380 2162 1543 2224 lohannes

277 2283 360 2329 recte
392 2268 471 2329 dixit
502 2269 561 2330 sibi
596 2270 730 2330 Nicolao
764 2269 855 2330 sicuti
893 2289 930 2330 ex
963 2269 1034 2331 data
1068 2269 1225 2330 dictarum
1258 2269 1422 2332 literarum
1457 2269 1543 2332 clare

278 2375 427 2455 cognosci
454 2388 568 2456 potest.

384 2479 489 2542 Causa
515 2482 595 2542 inter
622 2481 827 2542 Dominicum
854 2481 1029 2563 Petowych
1063 2495 1094 2542 et
1118 2481 1298 2543 Johannem
1324 2482 1537 2565 Soldinarych

277 2587 405 2647 racione
431 2585 567 2648 fenestre
593 2588 759 2648 cuiusdam
789 2587 881 2667 jurati
914 2587 1189 2667 adjudicaverunt,
1222 2589 1309 2669 quod
1336 2590 1402 2670 ipse
1427 2589 1538 2650 Domi·

278 2693 368 2752 nicus
393 2695 474 2754 bene
499 2707 529 2754 et
555 2708 637 2754 recte
663 2691 738 2754 lecit
762 2694 849 2774 quod
875 2714 908 2755 se
940 2695 1077 2775 protexit
1102 2707 1132 2754 et
1166 2696 1389 2770 obumbravit;
1413 2695 1452 2756 de
1478 2715 1541 2776 qua

278 2798 522 2878 adjudicacione
548 2800 651 2860 dictus
675 2799 837 2861 Johannes
862 2819 925 2861 non
952 2815 1120 2862 contentus
1144 2801 1183 2861 ad
1203 2801 1344 2862 seniores
1368 2801 1542 2882 appellavit

277 2904 408 2984 judices.

408 3107 555 3178 Sabbata
585 3107 737 3196 proximo
766 3117 843 3198 post
871 3109 993 3180 lestum
1022 3110 1111 3179 beati
1140 3106 1209 3178 Viti
1238 3106 1402 3179 martiris.

810 3263 870 3337 (17.
888 3264 997 3337 junii).

382 3400 413 3460 ln
441 3421 532 3462 causa
559 3403 641 3463 inter
659 3403 837 3463 Johannem
858 3401 1077 3486 Soldynarych
1100 3417 1130 3463 et
1148 3402 1316 3463 Nicolaum
1337 3402 1536 3484 livanowych

277 3507 403 3567 racione
429 3509 642 3589 quarumdam
669 3509 832 3569 literarum
858 3509 1012 3589 regalium
1044 3527 1099 3589 per
1124 3509 1226 3589 ipsum
1254 3508 1453 3590 lwanowych
1478 3511 1537 3569 sub

275 3614 414 3694 quadam
448 3615 663 3695 disposicione
700 3616 780 3675 inter
811 3615 949 3676 eundem
984 3615 1153 3675 Nicolaum
1187 3613 1387 3695 livanowych
1424 3627 1454 3674 et
1486 3614 1538 3674 Jo-

275 3719 412 3781 hannem
433 3721 653 3806 Soldynarych
673 3722 779 3782 habita
805 3736 914 3782 contra
933 3720 1112 3782 Johannem
1131 3721 1315 3802 impetratas
1339 3739 1394 3801 per
1419 3719 1539 3798 juratos

275 3828 456 3906 adjudicata
481 3842 511 3888 et
535 3829 574 3889 ad
600 3829 742 3889 seniores
775 3827 896 3906 judices
928 3827 1099 3908 appellata,
1132 3826 1206 3907 quia
1236 3825 1397 3886 Johannes
1422 3825 1537 3906 Soldy-

275 3933 393 4015 narych
419 3949 526 3994 contra
554 3933 690 4015 prelatas
722 3933 829 3994 literas
861 3934 963 4014 regias
995 3932 1073 3992 dixit
1103 3932 1189 4012 quod
1223 3945 1326 3990 essent
1351 3928 1439 4008 false,
1464 3930 1538 3990 ideo

274 4040 415 4100 seniores
439 4039 559 4118 judices
584 4040 658 4100 visis
683 4053 713 4100 et
738 4039 859 4115 revisis,
885 4039 1055 4118 debiteque
1078 4037 1252 4118 perspectis
1276 4036 1368 4096 dictis
1392 4036 1491 4096 literis
1508 4051 1538 4096 et

274 4145 380 4226 sigillo
406 4146 436 4205 in
463 4146 619 4226 nulloque
639 4145 725 4206 falsis
750 4145 882 4226 repertis
899 4143 1175 4221 adjudicaverunt,
1201 4142 1288 4223 quod
1315 4142 1537 4224 Soldynarych

274 4253 360 4313 dicto
386 4252 520 4314 Nicolao
546 4251 737 4312 lwanowich
762 4252 793 4312 in
819 4253 893 4312 vivo
925 4251 1077 4330 homagio
1103 4249 1223 4310 scilicet
1256 4249 1367 4328 viginti
1393 4249 1537 4330 quinque

273 4357 405 4439 griwnis
429 4359 594 4419 convictus
619 4358 763 4420 habetur.

382 4463 457 4524 ltem
484 4465 558 4546 quia
584 4466 684 4525 eciam
711 4465 795 4525 idem
820 4464 981 4525 Johannes
1011 4462 1231 4547 Soldynaryclr
1258 4462 1337 4521 dixit
1362 4461 1449 4542 quod
1467 4481 1522 4543 pre

274 4567 356 4630 latus
382 4570 581 4655 lwanowych
615 4585 723 4632 contra
757 4572 861 4653 ipsum
895 4571 1076 4632 Johannem
1103 4570 1201 4638 dictas
1237 4569 1342 4629 literas
1367 4567 1538 4628 infideliter

274 4675 459 4756 impertivit,
478 4679 619 4738 seniores
634 4677 753 4754 judices
771 4677 1048 4754 adjudicacionern
1067 4675 1242 4756 juratorum
1258 4673 1536 4736 confirmaverunt.

381 4782 458 4843 ltem
484 4783 522 4843 de
541 4783 642 4864 prima
660 4783 904 4861 adjudicatione
922 4785 1042 4844 scilicet
1060 4784 1186 4844 racione
1204 4782 1346 4862 homagii
1364 4780 1466 4841 dictus
1484 4780 1536 4841 Jo-

273 4888 395 4948 hannes
411 4907 474 4948 non
490 4903 657 4949 contentus
671 4909 796 4950 causam
812 4889 850 4949 ad
866 4890 1052 4970 magistrum
1067 4891 1335 4951 tharvernicorum
1352 4887 1535 4968 appellavit.

379 5047 392 5077 *
412 5047 497 5098 Erlter
517 5071 550 5090 =
574 5049 688 5113 podium.

1431 5137 1469 5200 32
