3694 5782
595 471 683 529 Anno
706 469 800 549 1460.
826 507 867 516 -
885 489 941 550 30.
970 475 1056 536 maii.
1403 497 1463 561 295

195 681 286 761 quod
310 681 586 764 quandocumque
612 683 666 744 alii
691 684 779 765 prius
803 687 987 766 purgabunt
1016 687 1099 770 ipsas
1123 687 1285 751 clausuras
1309 704 1463 754 terrarum

197 787 341 868 ipsorum
367 787 455 869 quod
474 801 505 850 et
529 803 604 851 tunc
622 789 689 872 ipse
715 790 852 853 Michael
873 793 1035 855 tenebitur
1059 795 1180 876 aperire
1199 793 1351 858 fossatum
1370 818 1463 860 suum

195 914 295 976 penes
318 908 435 956 terram
459 915 548 956 suam
583 895 700 958 iactum
727 911 761 960 ut
784 898 835 959 via
868 902 1050 962 communis
1075 901 1194 964 ibidem
1220 904 1358 966 existens
1381 906 1462 967 sicca

195 1013 364 1062 maneatur
398 1015 428 1062 et
460 1001 614 1064 habeatur
656 1003 698 1064 ita
731 1017 761 1066 et
788 1004 842 1066 alii
875 1006 1015 1068 universi
1040 1008 1125 1069 cives
1158 1009 1311 1072 habentes
1344 1009 1460 1073 fossata

194 1107 297 1187 vulgo
321 1108 483 1190 maticyna
508 1108 602 1187 dicta,
628 1109 681 1170 illa
706 1129 804 1192 penes
824 1124 923 1173 terras
951 1132 1063 1174 eorum
1096 1115 1195 1176 modo
1219 1117 1366 1178 similiter
1389 1137 1462 1199 pur-

197 1233 271 1294 gare
285 1213 511 1294 adjudicarunt
528 1235 567 1276 ne
591 1215 662 1277 aliis
678 1217 792 1278 vicinis
810 1217 840 1278 in
867 1219 957 1280 terris
974 1234 1005 1281 et
1022 1219 1173 1283 fenilibus
1191 1241 1303 1284 eorum
1321 1223 1461 1306 dampna

196 1319 262 1402 pati
287 1319 468 1384 videantur.

383 1555 480 1630 Feria
509 1569 607 1632 sexta
635 1564 790 1650 proxima
815 1569 893 1634 ante
921 1571 1039 1635 sancte
1066 1562 1259 1638 Trinitatis.

736 1715 800 1791 (30.
824 1713 921 1794 mair).

252 1913 258 1924 ,
299 1853 377 1915 Item
401 1853 585 1916 Anthonius
609 1855 798 1938 Oprasnych
830 1856 937 1917 senior
961 1857 1081 1936 juratus
1115 1869 1146 1918 et
1170 1858 1311 1920 concivis
1336 1873 1456 1939 noster,

193 1973 304 2021 contra
329 1959 498 2041 providam
516 1961 684 2022 mulierem
705 1961 913 2024 Katherinam
934 1963 1077 2024 relictam
1096 1963 1233 2025 condam
1259 1965 1349 2026 Pauli
1366 1965 1459 2027 sella·

192 2066 270 2128 toris
307 2067 388 2128 olim
412 2066 505 2148 jurati
530 2080 561 2130 et
585 2067 727 2129 concivis
751 2069 862 2146 nostri,
894 2068 993 2130 filiam
1018 2069 1166 2151 Dyonisii
1190 2071 1330 2150 sartoris,
1354 2072 1459 2153 primo

193 2173 306 2234 citatus
330 2192 396 2234 non
422 2174 601 2256 comparuit
626 2173 657 2235 in
682 2173 803 2254 judicio
827 2193 935 2236 coram
961 2177 1063 2238 nobis.

299 2279 377 2341 Item
405 2299 532 2341 causam
565 2281 721 2342 consortis
746 2280 898 2363 Stephani
932 2281 1079 2364 plathnar
1103 2296 1134 2343 et
1157 2284 1239 2344 inter
1264 2284 1384 2344 Lucam
1407 2303 1458 2344 su·

192 2399 293 2447 torem
319 2386 465 2448 Italicum
490 2387 618 2448 racione
642 2386 921 2448 dehonestacionis
946 2403 978 2450 et
993 2388 1238 2470 vituperiorum,
1263 2407 1455 2470 prorogave-

192 2505 265 2554 runt
281 2511 383 2574 usque
397 2493 537 2574 primum
550 2492 716 2574 judicium,
735 2506 769 2554 ut
786 2493 852 2575 ipsa
869 2513 1000 2556 consors
1022 2495 1120 2576 ipsius
1139 2494 1292 2577 Stephani
1310 2495 1458 2577 plathnar

192 2598 370 2681 producere
394 2599 555 2660 tenebitur
582 2612 675 2661 testes
700 2600 755 2680 qui
780 2599 951 2661 audierunt
968 2601 1035 2682 ipsa
1060 2600 1217 2682 vituperia
1243 2613 1273 2662 et
1297 2599 1453 2662 dehones-

192 2706 334 2767 tacionea
358 2725 437 2787 quas
461 2704 536 2766 fecit
560 2718 591 2766 et
615 2705 741 2766 locutus
765 2703 825 2766 fuit
849 2705 915 2787 ipse
941 2706 1044 2767 Lucas
1068 2719 1177 2768 contra
1202 2707 1348 2769 eandem.

297 2811 375 2874 ltem
400 2811 554 2894 providus
579 2823 609 2873 et
626 2811 875 2894 circumspectus
899 2813 946 2873 vir
964 2811 1126 2874 Johannes
1143 2810 1318 2894 Perowych
1346 2811 1453 2874 senior

192 2917 285 2998 judex
312 2932 343 2980 et
359 2917 500 2979 concivis
524 2931 641 2996 noster,
659 2917 809 3000 produxit
828 2917 909 2979 duos
929 2931 1035 2996 testes,
1061 2931 1155 3000 puta:
1182 2917 1319 2979 Michael
1344 2919 1450 2979 bacca·

193 3023 288 3085 larius
312 3037 344 3084 et
368 3024 492 3107 Symon
515 3038 603 3086 sutor
627 3025 775 3086 concives
807 3025 906 3086 nostri
938 3025 997 3086 sub
1021 3023 1202 3106 juramento
1228 3023 1301 3086 fassi
1326 3025 1456 3086 suntin

192 3129 368 3212 vituperiis,
392 3149 456 3212 que
481 3130 638 3213 vituperia
663 3129 790 3192 locutus
811 3128 870 3192 fuit
890 3129 1035 3192 Thomas
1053 3129 1186 3193 Cheden
1211 3130 1319 3191 senior
1335 3130 1457 3212 juratus

192 3249 221 3297 et
244 3236 387 3298 concivis
411 3249 536 3313 noster;
560 3249 592 3298 et
616 3236 691 3318 quia
716 3237 782 3318 ipsa
808 3255 901 3297 causa
925 3249 971 3298 est
995 3250 1165 3318 prorogata
1190 3255 1292 3318 usque
1315 3237 1455 3318 primum

192 3342 357 3424 judicium,
376 3343 450 3423 quia
469 3343 537 3425 ipse
555 3342 693 3405 Michael
713 3342 909 3404 baccalarius
926 3341 1031 3424 jurare
1044 3343 1159 3420 noluit,
1175 3342 1231 3403 sed
1249 3343 1314 3424 ipse
1333 3342 1455 3426 Symon

191 3463 278 3511 sutor
301 3449 428 3530 juravit,
446 3469 504 3531 pro
521 3470 561 3511 eo
584 3449 650 3532 ipse
668 3449 831 3510 Johannes
851 3449 1024 3531 Perowych
1043 3449 1138 3510 debet
1154 3449 1331 3531 producere
1349 3449 1456 3531 plures

191 3570 284 3618 testes
308 3557 340 3617 in
366 3555 450 3617 iacto
475 3556 617 3638 ipsorum
635 3555 880 3636 vituperiorum,
906 3556 981 3636 quia
1000 3575 1082 3616 unus
1106 3555 1194 3617 testis
1218 3574 1283 3615 non
1307 3574 1452 3638 assump-

192 3663 326 3725 mendus
350 3683 520 3745 usquequo
544 3663 651 3744 plures
675 3681 740 3724 non
766 3663 1015 3744 comparuerint.

298 3769 375 3831 Item
401 3769 534 3851 provida
558 3769 675 3830 mulier
700 3767 878 3851 Elyzabeth
896 3781 1019 3847 vocata,
1045 3768 1155 3828 relicta
1180 3767 1317 3828 condam
1343 3767 1455 3850 Frycz,

192 3889 298 3938 contra
325 3877 468 3938 Marcum
494 3875 686 3958 Nagronych
719 3875 823 3957 primo
850 3875 943 3936 citata
975 3895 1040 3936 non
1074 3875 1253 3956 comparuit
1277 3875 1309 3934 in
1334 3873 1454 3953 judicio

192 4003 297 4045 coram
324 3983 427 4061 nobis,
452 3982 527 4064 quia
552 3983 671 4064 recepit
695 4001 728 4043 se
752 3981 792 4041 ad
817 3981 1078 4062 jurisdictionem
1102 3981 1248 4042 civitatis.

295 4089 373 4151 Item
396 4089 550 4171 providus
567 4089 615 4150 vir
634 4089 830 4150 Laurencius
849 4108 970 4171 spornr,
987 4089 1095 4150 senior
1112 4087 1232 4168 juratus
1257 4101 1287 4150 et
1312 4089 1454 4150 concivis

192 4210 307 4275 noster,
332 4207 441 4257 contra
467 4195 608 4256 Blasium
634 4194 777 4256 villicum
804 4193 843 4256 de
875 4195 1016 4255 Abbacia
1042 4195 1240 4274 zagrabiensi
1267 4195 1453 4277 Lendawyn

194 4301 324 4380 dictum,
349 4301 540 4362 secundario
565 4302 678 4363 citatus
703 4301 734 4362 in
768 4300 887 4382 judicio
920 4319 984 4361 non
1010 4300 1190 4382 comparuit
1217 4319 1324 4361 coram
1351 4301 1454 4362 nobis.

295 4407 372 4469 Item
398 4427 525 4470 causam
552 4407 634 4469 inter
658 4421 839 4468 consortem
862 4406 1015 4489 Stephani
1040 4406 1165 4489 platnar
1189 4419 1219 4467 et
1244 4407 1387 4467 Marcum
1406 4405 1453 4486 ju-

192 4527 304 4592 ratum,
328 4513 457 4575 racione
481 4513 641 4575 violencie
673 4533 729 4596 per
757 4515 858 4595 ipsam
891 4526 1001 4574 contra
1027 4513 1132 4594 ipsum
1167 4513 1321 4590 Marcum,
1356 4531 1453 4593 quam

192 4619 316 4682 dicebat
339 4619 407 4701 ipsa
432 4619 536 4702 ipsum
562 4620 707 4681 Marcum
739 4621 799 4681 sibi
832 4621 954 4699 fecisse,
987 4632 1201 4702 prorogarunt
1224 4618 1317 4700 jurati
1352 4637 1453 4700 usque

192 4726 329 4806 primum
353 4724 509 4806 judicium
534 4746 703 4808 quousque
728 4726 776 4786 vir
799 4746 874 4787 suus
899 4724 1021 4787 neforto
1047 4725 1163 4788 veniet.

296 4831 374 4892 Item
400 4851 528 4892 causam
554 4832 636 4892 inter
653 4832 829 4914 Symonem
847 4847 1000 4909 sutorem,
1026 4847 1059 4893 ut
1076 4845 1214 4893 actorem
1241 4845 1270 4891 et
1295 4831 1376 4892 inter
1394 4832 1453 4891 Mi-

192 4935 332 4999 chaelem
358 4937 571 4999 baccalarium
598 4939 727 5000 racione
762 4936 834 4999 iacti
864 4938 1011 5020 Dyonisii
1036 4937 1222 5020 Wodopye,
1254 4937 1346 5018 jurati
1372 4935 1452 5014 judi·
