3852 5814
367 443 432 522 488
751 447 837 502 Anno
868 455 960 521 1479.
986 477 1027 487 -
1050 459 1101 506 20.
1135 445 1250 519 aprilis.

370 675 502 718 uxorem
539 657 703 738 Zekyricz,
739 656 929 737 quiquidem
962 655 1124 718 lohannes
1155 657 1185 718 in
1220 659 1409 721 consistorio
1442 660 1570 741 publice
1604 674 1636 722 et

371 761 537 826 manifeste
563 764 603 824 de
627 763 809 846 prescriptis
833 761 924 824 iactis
947 764 1135 845 expurgavit
1159 779 1189 826 et
1213 765 1379 827 inmunem
1405 766 1493 828 dixit.

478 870 554 932 ltem
581 870 668 931 idem
692 867 793 930 lassus
817 883 873 947 est,
898 869 986 951 quod
1009 889 1089 931 uxor
1111 889 1168 932 sua
1192 870 1269 932 dum
1287 871 1373 934 idem
1398 873 1534 935 eandem
1559 877 1634 936 sub-

371 991 528 1055 oraverat,
553 991 670 1038 eotunc
702 990 883 1058 portaverat
909 976 940 1036 in
972 989 1124 1058 prompto
1148 976 1259 1058 viginti
1286 976 1367 1057 flos,
1399 998 1480 1060 quos
1512 982 1635 1042 subtra-

371 1097 458 1145 xerat
482 1082 620 1144 iohanni
648 1083 767 1144 Passar.
1633 1147 1634 1151 Ἰ

477 1189 554 1250 ltem
580 1189 664 1250 idem
691 1187 792 1250 lassus
816 1203 872 1266 est,
897 1187 985 1269 quod
1010 1208 1100 1250 soror
1123 1209 1178 1250 sua
1197 1209 1269 1250 cum
1294 1210 1352 1252 suo
1370 1192 1451 1254 scitu
1476 1191 1636 1255 iuraverat

371 1317 387 1356 a
413 1295 526 1356 Vrsula
550 1294 696 1372 muliere,
721 1314 817 1375 quam
847 1295 1015 1376 pecuniam
1041 1295 1126 1356 idem
1145 1293 1307 1358 lohannes
1331 1298 1432 1360 tribus
1456 1299 1579 1360 vicibus
1594 1302 1635 1361 ab

372 1401 484 1464 eadem
510 1401 653 1463 iurasset.

478 1509 554 1571 ltem
588 1509 673 1572 idem
699 1507 800 1570 lassus
824 1522 879 1586 est,
912 1510 1000 1590 quod
1029 1509 1194 1591 quoddam
1220 1510 1345 1571 milium
1378 1509 1440 1590 jam
1473 1511 1637 1592 aliquibus

372 1617 463 1679 annis
486 1617 645 1700 preteritis
669 1615 709 1676 de
734 1615 833 1676 domo
859 1615 978 1677 Kelecz
996 1635 1095 1698 prope
1121 1616 1309 1678 maccellum
1328 1615 1512 1678 carnificum
1534 1619 1636 1680 noctis

372 1726 430 1786 sub
455 1723 589 1784 silencio
613 1742 688 1805 sepe
713 1735 743 1783 et
767 1723 874 1802 sepius
898 1721 1016 1783 furtive
1041 1723 1228 1803 exportavit.

478 1833 556 1894 ltem
582 1831 667 1893 idem
693 1830 792 1892 fassus
817 1845 873 1909 est,
898 1831 985 1912 quod
1019 1830 1059 1892 de
1084 1830 1225 1912 predicta
1257 1829 1357 1892 domo
1382 1831 1485 1892 noctis
1510 1833 1568 1892 sub
1594 1833 1636 1892 si·

372 1939 477 2003 lencio
501 1958 557 2020 per
581 1939 723 2018 aliquam
742 1936 910 1998 fenestram
938 1937 1087 1997 intrando
1104 1937 1229 2017 aliquas
1253 1936 1334 1999 sales
1352 1937 1383 1998 in
1409 1938 1525 1999 scrinio
1544 1958 1635 2020 repo-

371 2047 446 2107 sitas
470 2044 585 2106 furtive
610 2043 789 2125 exportavit
814 2044 845 2104 in
872 2063 1019 2104 mensura
1045 2055 1183 2124 quatuor
1207 2043 1313 2103 staria.

479 2151 554 2213 ltem
582 2150 667 2212 idem
701 2148 801 2210 fassus
829 2163 885 2226 est,
919 2149 1006 2229 quod
1040 2148 1113 2209 vina
1138 2161 1201 2209 tam
1235 2148 1368 2230 predicti
1395 2148 1513 2209 Kelecz
1539 2168 1635 2230 quam

373 2260 474 2321 eciam
497 2258 529 2318 in
555 2257 653 2318 domo
678 2257 754 2336 Jurg
779 2254 936 2316 carnificis
961 2255 1063 2316 noctis
1086 2256 1145 2316 sub
1163 2255 1297 2315 silencio
1322 2273 1395 2316 cum
1421 2255 1546 2336 magnis
1569 2274 1636 2316 arn-

372 2365 482 2448 phoris
504 2383 579 2445 sepe
604 2377 634 2423 et
657 2363 764 2443 sepius
789 2359 903 2422 furtive
929 2361 1116 2442 exportavit.

480 2469 556 2531 ltem
583 2467 667 2528 idem
686 2466 787 2528 lassus
812 2481 867 2544 est,
893 2467 981 2547 quod
999 2467 1030 2527 in
1056 2467 1155 2527 domo
1174 2466 1340 2528 Michaelis
1356 2465 1545 2549 Oprasnych
1562 2485 1636 2527 cum

375 2576 534 2657 Gregorio
559 2574 719 2636 avunculo
743 2594 801 2634 suo
827 2575 928 2634 noctis
951 2575 1010 2633 sub
1033 2573 1166 2634 silencio
1192 2573 1222 2633 in
1248 2573 1381 2634 domum
1407 2573 1551 2634 eiusdem
1576 2573 1636 2633 hli-

375 2682 494 2744 chaelis
519 2683 689 2742 intraverat
714 2678 842 2742 fornace
867 2679 1038 2741 destructo,

480 2787 557 2850 ltem
582 2787 657 2868 quia
683 2786 768 2847 idem
794 2783 957 2846 lohannes
977 2785 1216 2846 Keleminchicz
1235 2786 1339 2866 primo
1365 2799 1394 2845 et
1418 2786 1637 2867 principaliter

375 2897 405 2958 in
432 2894 600 2975 sacrilegio
625 2908 654 2954 et
680 2892 764 2954 furto
790 2893 956 2954 cuiusdam
982 2907 1070 2974 parte
1096 2893 1134 2952 de
1153 2893 1257 2953 aureis
1281 2891 1342 2953 filis
1366 2907 1484 2955 textam
1510 2913 1546 2954 ac
1570 2913 1636 2955 cer·

375 3015 482 3064 torum
507 3001 782 3082 manutergiorum
809 3000 939 3061 ecclesie
958 3015 1064 3060 nostre
1089 2999 1281 3081 parochialis
1305 3000 1388 3060 beati
1407 3000 1506 3061 Marci
1531 3021 1636 3062 ewan-

375 3109 489 3189 geliste
514 3121 544 3168 et
569 3108 600 3167 in
625 3106 695 3167 aliis
719 3107 967 3187 quampluribus
984 3105 1148 3166 maleficiis
1173 3126 1208 3167 ac
1239 3104 1409 3167 lurticiniis
1433 3126 1487 3167 ore
1505 3108 1636 3189 proprio

373 3227 439 3274 tam
465 3213 495 3273 in
522 3211 681 3294 supplicio
706 3225 770 3271 tam
795 3211 896 3272 eciam
916 3230 1023 3272 coram
1041 3226 1157 3273 cuncto
1174 3212 1297 3294 populo
1322 3212 1465 3273 eiusdem
1490 3213 1638 3293 civitatis,

374 3339 471 3401 quam
496 3319 596 3380 eciam
622 3336 694 3378 cum
720 3317 833 3378 vicinis
858 3331 889 3378 et
921 3317 1034 3378 exteris
1065 3317 1252 3379 hominibus
1283 3316 1384 3379 fassus
1408 3316 1478 3397 fuit,
1503 3320 1557 3400 qui
1583 3320 1637 3381 Jo-

374 3425 495 3486 hannes
518 3439 648 3506 propter
672 3422 858 3484 huiusmodi
875 3423 1079 3503 sacrilegium
1102 3423 1243 3506 predicte
1262 3423 1394 3485 ecclesie
1412 3444 1508 3506 super
1525 3427 1635 3486 ambas

374 3530 470 3593 facies
494 3550 567 3592 cum
592 3531 680 3591 clave
705 3529 848 3590 eiusdem
873 3530 1006 3591 ecclesie
1038 3530 1132 3610 igniri
1165 3529 1271 3608 debet,
1302 3531 1480 3592 secundum
1504 3545 1636 3613 propter

374 3639 434 3699 alia
461 3636 620 3698 furticinia
645 3635 801 3697 ambabus
818 3637 968 3697 auriculis
993 3637 1134 3717 privetur
1158 3637 1244 3696 etde
1263 3637 1389 3698 civitate
1414 3651 1444 3698 et
1461 3637 1528 3698 eius
1545 3639 1634 3700 terri·

373 3744 457 3805 torio
482 3757 569 3804 extra
593 3742 771 3824 expellatur
796 3757 826 3803 et
842 3743 901 3803 sibi
927 3742 989 3824 jam
1016 3743 1166 3804 introitus
1182 3743 1319 3804 civitatis
1337 3758 1368 3804 et
1392 3745 1459 3804 eius
1484 3745 1635 3806 territorii

374 3850 571 3933 prohibetur.

479 3957 557 4017 Item
583 3975 709 4017 causam
736 3956 817 4017 inter
849 3955 1016 4016 dominam
1046 3955 1242 4017 Dorotheum
1275 3971 1454 4017 consortem
1482 3956 1637 4018 Johannis

374 4064 508 4146 Pollyak
532 4077 562 4124 et
588 4062 786 4143 Stephanum
820 4062 979 4122 literatum
1006 4062 1110 4122 virum
1143 4061 1279 4122 condam
1305 4062 1437 4124 domiue
1462 4063 1636 4125 Katherine

373 4169 438 4231 filie
462 4168 600 4230 condam
619 4167 773 4229 iohannis
791 4168 943 4228 Perouicz
968 4168 1094 4229 racione
1114 4169 1323 4249 possessionis
1340 4169 1484 4230 eiusdem
1502 4169 1637 4231 domine

375 4275 547 4337 Katherine
580 4275 716 4335 condam
750 4275 905 4334 consortis
936 4294 1010 4352 sue,
1042 4274 1134 4354 jurati
1167 4273 1431 4354 adjudicaverunt
1462 4289 1492 4336 et
1522 4275 1636 4337 confir·

374 4395 464 4443 mant
486 4381 594 4442 literas
618 4381 700 4461 ipsas
725 4401 804 4461 quas
829 4381 912 4441 idem
947 4380 1127 4462 Stephanus
1151 4401 1257 4442 coram
1285 4383 1377 4443 nobis
1401 4383 1545 4443 exhibuit
1576 4384 1636 4444 sub

373 4486 487 4568 sigillis
503 4485 646 4547 eiusdem
665 4487 800 4549 civitatis
817 4485 994 4563 conlectas;
1013 4487 1136 4548 literam
1156 4507 1230 4549 vero
1249 4488 1343 4549 aliam
1369 4508 1464 4569 super
1484 4489 1632 4571 papirum

374 4591 552 4656 confectam
580 4592 672 4672 jurati
698 4613 755 4674 pro
780 4613 846 4654 uno
871 4594 1057 4655 testimonio
1081 4607 1191 4657 tenent
1215 4609 1246 4656 et
1270 4609 1407 4657 servant.

478 4698 556 4759 ltem
581 4718 708 4759 causam
734 4700 834 4780 ipsam
853 4701 934 4760 inter
959 4701 1058 4781 ipsam
1078 4701 1274 4762 Dorotheam
1293 4715 1323 4762 et
1348 4701 1545 4783 Stephanum
1565 4703 1635 4765 lite·

374 4819 476 4865 ratum
502 4825 558 4886 per
582 4805 701 4884 juratos
726 4806 952 4886 adjudicatam,
986 4807 1070 4868 idem
1106 4807 1236 4868 domina
1262 4807 1425 4868 Dorothea
1450 4809 1489 4873 de
1514 4809 1635 4886 judicio

374 4910 550 4990 juratorum
569 4931 631 4972 non
658 4926 806 4973 contenta
827 4913 927 4994 ipsam
946 4932 1072 4974 causam
1097 4913 1135 4974 ad
1154 4914 1296 4975 seniores
1312 4913 1433 4994 judices
1450 4915 1634 4997 appellavit.
