3738 5786
385 583 423 643 52
782 565 867 620 Anno
891 575 979 639 1453.
1006 595 1044 606 -
1070 571 1119 637 27.
1143 562 1256 634 aprilis.

383 794 432 854 en,
447 775 561 861 utipsa
574 787 702 835 centum
720 785 750 835 et
766 773 795 834 X
812 772 933 834 solidos
951 774 1049 855 ipsius
1066 771 1228 836 Valentini
1247 768 1327 830 labri
1344 787 1408 830 non
1427 767 1642 844 subtraxisset,

382 881 438 942 sed
464 881 496 941 in
520 880 611 942 totali
643 881 775 942 accione
807 893 837 940 et
868 880 1085 961 acquisicione
1117 879 1217 960 ipsius
1248 876 1410 938 Valentini
1436 873 1517 936 fabri
1549 874 1642 935 inno·

381 1007 456 1049 cens
480 985 595 1070 (esset).

488 1094 566 1155 ltem
591 1094 667 1175 quia
691 1091 805 1155 Gallus
829 1091 913 1153 filius
937 1092 1076 1154 condam
1105 1089 1253 1172 Gregorii
1280 1086 1480 1172 carpentarii,
1505 1085 1646 1148 concivis

383 1215 500 1280 noster,
525 1201 558 1261 id
583 1219 655 1261 cum
680 1197 851 1260 sufficienti
875 1212 906 1260 et
936 1197 1101 1280 fidedigno
1133 1210 1317 1260 nostrorum
1350 1193 1532 1257 concivium
1560 1194 1648 1255 testi·

382 1308 494 1369 monio
519 1308 552 1368 in
576 1306 652 1368 sede
676 1319 784 1368 nostra
812 1304 979 1385 judiciaria
1012 1305 1095 1366 clare
1127 1303 1223 1366 hodie
1248 1303 1281 1364 in
1305 1322 1441 1384 persona
1473 1302 1575 1364 Elene
1599 1321 1648 1363 re·

383 1415 456 1476 licte
481 1428 512 1476 et
536 1414 622 1476 Luce
647 1432 683 1474 ac
702 1411 850 1494 Gregorii
869 1410 1009 1473 filiorum
1035 1425 1065 1472 et
1082 1411 1216 1493 Agnetis
1233 1409 1298 1472 filie
1315 1410 1454 1472 condam
1478 1408 1647 1473 Michaelis

382 1521 499 1582 sutoris
523 1539 630 1581 coram
655 1519 749 1580 nobis
773 1518 1005 1599 comprobavit,
1023 1517 1112 1599 quod
1137 1517 1214 1578 dum
1231 1514 1373 1599 prelatus
1396 1515 1535 1578 Michael
1559 1529 1648 1577 sutor

383 1627 487 1688 adhuc
512 1627 544 1688 in
568 1625 629 1688 hoc
653 1625 763 1687 seculo
792 1625 963 1707 temporali
995 1625 1134 1702 vixisset,
1158 1639 1234 1685 tunc
1267 1624 1334 1706 ipse
1359 1623 1423 1684 vita
1447 1623 1506 1684 sibi
1531 1623 1648 1684 comite

383 1733 589 1794 medietatem
615 1731 781 1793 cuiusdam
801 1732 894 1793 vinee
912 1731 943 1792 in
969 1731 1130 1793 territorio
1148 1730 1285 1792 civitatis
1301 1729 1443 1812 predicte
1468 1728 1554 1810 juxta
1572 1748 1647 1790 con·

383 1853 469 1901 tenta
486 1839 651 1901 literarum
669 1837 921 1920 privilegialium
938 1837 1110 1919 superinde
1128 1835 1357 1915 confectarum,
1382 1856 1400 1898 a
1424 1837 1493 1898 viro
1510 1835 1648 1897 condam

383 1946 520 2028 provido
545 1945 709 2027 Stephano
733 1944 820 2006 dicto
853 1943 1110 2026 Skerchkowych
1142 1963 1253 2005 socero
1277 1963 1336 2004 suo
1361 1962 1418 2023 pro
1444 1955 1527 2004 certa
1552 1961 1647 2024 pecu·

383 2053 510 2114 niarum
535 2053 711 2132 quantitate
737 2051 865 2112 emisset
897 2064 928 2114 et
959 2048 1131 2132 superinde
1164 2050 1249 2111 idem
1275 2048 1413 2111 Michael
1439 2063 1527 2110 sutor
1553 2067 1649 2129 super

384 2159 496 2220 eadem
530 2158 700 2222 medietate
732 2159 825 2219 vinee
857 2157 964 2220 literas
996 2157 1212 2239 privilegiales
1243 2177 1259 2217 a
1293 2155 1387 2217 nobis
1411 2174 1509 2216 seua
1542 2153 1648 2234 judice

385 2266 472 2327 illius
496 2265 651 2347 temporis
675 2263 839 2326 conficiet
863 2263 1005 2326 emanari
1023 2283 1059 2325 ac
1075 2263 1240 2345 procurari
1265 2281 1330 2324 non
1357 2261 1492 2340 lecisset,
1509 2260 1649 2340 ideoque

386 2391 445 2433 nos
478 2371 613 2432 eandem
646 2353 851 2433 medietatem
877 2371 976 2453 ipsius
1009 2371 1100 2430 vinee
1133 2370 1283 2450 predictis
1314 2369 1423 2431 relicte
1457 2381 1489 2430 et
1516 2366 1589 2428 filiis
1614 2386 1650 2428 ac

385 2477 450 2540 filie
475 2479 575 2560 ipsius
600 2478 766 2539 Michaelis
791 2479 907 2539 sutoris
925 2477 993 2558 jure
1012 2476 1206 2538 hereditario
1231 2476 1308 2558 ipsis
1325 2475 1526 2536 incumbenti
1550 2473 1650 2535 literis

385 2585 500 2646 nostris
535 2585 790 2666 privilegialibus
825 2585 917 2644 novis
957 2584 1126 2644 statuimus
1162 2597 1317 2665 perpetuo
1353 2581 1583 2664 possidendam
1619 2593 1651 2641 et

385 2693 693 2774 quomodocumque
717 2691 879 2752 voluerint
904 2689 1149 2772 disponendam.

491 2799 568 2859 Item
588 2797 765 2878 Gregorius
782 2797 927 2857 Percerta
945 2796 1048 2858 dictus
1066 2809 1176 2857 contra
1194 2793 1372 2876 Georgium
1393 2793 1495 2855 filium
1512 2793 1651 2854 condam

386 2905 551 2966 Benedicti
576 2903 647 2965 ruffi
671 2903 813 2965 secundo
838 2904 952 2963 citatus
976 2923 1039 2963 non
1066 2903 1254 2984 comparuit.

492 3011 570 3071 ltem
595 3010 761 3071 Emericus
786 3008 896 3080 Skerta
929 3021 1040 3070 contra
1074 3009 1279 3070 Franciscum
1311 3021 1453 3070 sutorem
1487 3009 1518 3068 in
1545 3007 1651 3089 primo

388 3117 509 3198 judicio
534 3117 678 3198 proxime
703 3116 882 3176 occurrenti
907 3116 1068 3176 tenebitur
1092 3115 1297 3196 respondere.

424 3335 520 3408 lesia
549 3344 646 3407 sexta
675 3339 829 3425 proxima
858 3343 936 3424 post
964 3336 1087 3408 festum
1115 3338 1224 3406 sancti
1255 3335 1361 3407 llarci
1391 3335 1614 3424 evangeliste.

907 3487 972 3568 (27.
996 3488 1128 3570 aprilis).

495 3633 572 3693 ltem
599 3630 775 3712 Gregorius
799 3631 926 3691 institor
950 3645 1060 3692 contra
1087 3630 1230 3692 Blasium
1255 3629 1462 3712 Kurmanych
1489 3630 1521 3690 in
1545 3630 1653 3711 primo

389 3738 509 3819 judicio
534 3739 680 3820 proxime
704 3737 883 3798 occurrenti
908 3737 1069 3798 tenebitur
1094 3737 1298 3818 respondere.

495 3846 573 3906 ltem
598 3845 684 3905 idem
703 3844 879 3926 Gregorius
896 3845 1022 3906 institor
1045 3843 1263 3926 Wrecharych
1282 3843 1385 3905 dictus
1398 3844 1441 3904 'in
1459 3863 1553 3905 causa
1571 3843 1655 3905 inter

390 3953 495 4034 ipsum
522 3967 552 4012 et
577 3953 659 4012 inter
678 3951 879 4013 Demetrium
904 3970 1043 4012 rasorem
1062 3970 1241 4032 pannorum
1260 3950 1379 4029 habita,
1396 3970 1454 4032 pro
1478 3970 1556 4033 pace
1573 3950 1656 4012 inter

389 4059 475 4139 ipsos
509 4057 624 4136 fienda,
660 4077 723 4138 que
758 4071 805 4118 est
836 4058 875 4118 ad
900 4057 1040 4139 primum
1071 4056 1227 4137 judicium
1260 4070 1442 4139 prorogata,
1473 4056 1506 4118 in
1538 4056 1654 4118 eodem

389 4165 494 4247 primo
519 4163 639 4244 judicio
665 4164 760 4224 debet
784 4162 908 4242 justicie
933 4177 1044 4224 astare.

494 4269 572 4331 Item
597 4269 713 4350 jurabit
726 4269 887 4330 lohannes
911 4269 1041 4350 juratus,
1062 4283 1173 4350 sartor,
1191 4271 1291 4331 tercio
1316 4290 1349 4330 se
1373 4269 1519 4352 personis
1537 4283 1653 4331 octavo

390 4379 441 4438 die
466 4398 561 4459 super
585 4397 672 4438 aram
705 4391 814 4438 contra
839 4377 1047 4438 Valentinum
1069 4378 1283 4457 tributarium,
1300 4379 1442 4439 vicinum
1467 4397 1573 4455 suum,
1598 4397 1656 4460 per

390 4483 668 4564 adjudicacionem
701 4483 877 4564 juratorum
902 4503 997 4565 super
1029 4503 1079 4563 eo,
1112 4499 1146 4546 ut
1170 4485 1237 4567 ipse
1262 4505 1322 4547 nec
1353 4499 1441 4547 catos
1465 4504 1523 4546 nec
1547 4484 1655 4567 pullos

390 4591 489 4672 ipsius
513 4590 675 4650 Valentini
700 4610 764 4650 non
790 4589 958 4667 interfecit,
993 4611 1051 4651 nec
1084 4591 1115 4651 in
1142 4611 1218 4652 usus
1241 4611 1316 4654 suos
1349 4591 1517 4670 convertit,
1542 4590 1597 4652 scd
1622 4591 1654 4652 in

389 4697 479 4757 totali
498 4697 628 4757 accione
643 4711 673 4758 et
688 4697 905 4777 acquisicione
924 4697 1023 4778 ipsius
1041 4697 1204 4758 Valentini
1222 4698 1262 4758 sit
1278 4698 1433 4760 innocens
1450 4711 1481 4760 et
1494 4697 1655 4759 innoxius.

496 4803 572 4863 ltem
598 4803 690 4882 jurati
715 4802 940 4882 adjudicarunt
965 4822 1094 4864 causam
1119 4804 1150 4864 in
1184 4802 1268 4865 lacto
1300 4817 1457 4866 terrarum
1482 4817 1513 4866 et
1546 4801 1655 4866 senilis

389 4909 526 4969 condam
551 4908 679 4970 Thome
706 4908 811 4970 Choni
837 4929 893 4990 per
922 4909 1025 4989 ipsum
1058 4911 1196 4972 condam
1220 4909 1383 4972 Thomam
1409 4910 1499 4994 olym
1523 4911 1654 4972 Andree

391 5016 457 5076 Lah
483 5035 540 5098 pro
566 5030 650 5076 certa
674 5017 881 5098 pecuniarum
908 5019 1085 5098 quantitate
1110 5016 1195 5098 juxta
1217 5032 1362 5080 tenorem
1387 5017 1479 5080 litere
1504 5015 1655 5102 inpigno-
