3852 5814
402 556 466 638 478
769 553 969 635 Anno1478.
999 591 1038 601 —-
1063 572 1115 618 20.
1140 557 1307 616 notrembn's.

406 769 510 830 baricz
535 769 708 850 quemdam
733 771 848 830 bovem
883 766 1044 830 infirmum
1070 783 1100 830 et
1131 767 1253 830 fatuum
1278 789 1349 830 cum
1383 789 1445 830 una
1471 789 1565 830 vacca
1589 789 1666 830 sana

405 875 435 936 in
460 874 559 936 fluvio
585 875 818 936 Meduednicza
835 874 985 935 mactavit
1001 887 1032 935 et
1049 875 1215 936 miscendo
1233 895 1342 936 carnes
1360 875 1490 936 insimul
1509 875 1665 937 vendidit.

509 982 595 1044 Idem
631 983 761 1066 Mykula
793 979 893 1044 fassus
916 995 962 1040 est
993 1001 1031 1042 eo
1064 983 1174 1056 modo,
1206 981 1293 1063 quod
1327 981 1469 1062 quodam
1505 982 1556 1043 die
1581 981 1667 1042 idem

405 1088 535 1171 Mykula
550 1108 649 1149 unum
666 1090 782 1149 bovem
796 1088 835 1148 ad
850 1087 1055 1148 mactandum
1070 1088 1216 1166 ducebat,
1229 1087 1409 1166 tuncjudex
1425 1088 1498 1149 anni
1514 1089 1669 1170 presentia

404 1201 436 1256 in
461 1209 551 1278 porta
579 1195 719 1277 Lapides
745 1195 849 1256 eidem
883 1194 1054 1272 obviasset,
1079 1195 1128 1254 cui
1154 1194 1249 1274 judex
1281 1194 1423 1276 precepit
1447 1211 1478 1256 et
1502 1193 1668 1256 interdixit

231 1295 236 1304 ’
322 1327 324 1332 ·
404 1321 444 1362 ne
470 1301 574 1383 ipsum
601 1303 716 1362 bovem
743 1313 928 1376 mactarent,
953 1315 984 1361 et
1008 1321 1151 1361 reversus
1183 1317 1228 1362 est
1252 1320 1324 1362 cum
1351 1301 1432 1364 bove
1456 1301 1495 1361 ad
1520 1300 1666 1378 domurn,

404 1423 434 1468 et
459 1410 533 1490 quia
559 1411 617 1470 bos
642 1407 786 1468 infirmus
810 1405 869 1468 fuit
893 1421 924 1469 et
948 1407 1087 1469 eundem
1121 1409 1187 1490 ipse
1214 1407 1314 1469 Lucas
1340 1408 1371 1468 in
1396 1407 1495 1468 domo
1520 1406 1663 1468 Zalaricz

404 1515 555 1576 mactavit
578 1527 609 1574 et
634 1513 665 1574 in
691 1514 845 1576 maccello
870 1512 1025 1574 vendidit.

511 1619 598 1681 ldem
624 1618 724 1681 fassus
749 1634 805 1698 est,
830 1620 917 1701 quod
943 1619 1008 1702 ipse
1036 1619 1137 1680 Lucas
1163 1619 1309 1681 llibaricz
1335 1620 1491 1701 quosdam
1517 1621 1598 1681 duos
1621 1621 1667 1680 vi·

404 1725 489 1786 tulos
513 1745 588 1786 suos
612 1724 755 1787 infirmos
781 1727 932 1786 mactavit
956 1739 986 1786 et
1011 1725 1156 1786 vendidit
1180 1725 1212 1786 in
1238 1727 1403 1787 maccello.

510 1832 596 1892 ldem
622 1832 753 1916 Mykula
792 1831 891 1893 fassus
915 1845 962 1893 est
987 1831 1074 1912 quod
1101 1832 1167 1914 ipse
1194 1833 1295 1894 Lucas
1320 1833 1468 1893 Ribaricz
1492 1832 1667 1913 quamdam

404 1937 563 2000 infirmam
595 1958 723 2000 vaccam
756 1958 820 1999 non
853 1938 988 2020 pilosam
1023 1938 1054 1998 in
1086 1937 1185 1999 fluvio
1218 1939 1378 2017 mactavit,
1410 1959 1506 2020 quarn
1538 1957 1666 1999 vaccam

405 2063 498 2105 mane
531 2058 752 2106 mactaverunt
784 2044 858 2124 quia
889 2064 944 2124 per
977 2044 1167 2124 porticulam
1201 2045 1363 2106 exiverant
1387 2045 1425 2106 ad
1451 2045 1668 2122 mactandum,

406 2165 435 2211 et
459 2150 590 2231 quando
617 2151 702 2212 idem
721 2151 852 2233 Mykula
880 2149 1056 2211 destinatus
1072 2147 1132 2212 fuit
1156 2151 1195 2210 ad
1221 2151 1394 2231 portandas
1411 2171 1520 2211 carnes
1537 2150 1668 2232 quando

404 2255 465 2335 jam
493 2271 583 2337 porta
609 2257 751 2337 Lapidea
776 2271 842 2318 crat
870 2271 988 2339 aperta,
1013 2271 1088 2318 tunc
1121 2257 1183 2338 jam
1210 2257 1241 2316 in
1274 2271 1364 2337 porta
1393 2257 1530 2338 Lapidea
1558 2257 1668 2318 obvia·

405 2377 519 2424 verunt
542 2364 596 2445 qui
623 2383 732 2425 carnes
757 2366 936 2446 portabant.

510 2470 550 2531 Et
573 2469 648 2550 quia
673 2469 730 2530 iste
754 2468 914 2551 sepefatus
939 2471 1071 2552 Mykula
1103 2470 1249 2531 detentus
1284 2468 1341 2531 fuit
1374 2489 1467 2530 causa
1491 2469 1667 2531 testimonii

406 2594 445 2635 eo
474 2589 618 2657 tempore
654 2576 784 2657 quando
817 2575 976 2656 Georgius
1008 2575 1150 2637 Zalaricz
1185 2591 1269 2636 extra
1302 2576 1496 2638 territorium
1529 2576 1667 2638 civitatis

406 2700 463 2762 pro
487 2681 552 2742 suis
576 2680 742 2742 maleficiis
766 2682 915 2764 expulsus
939 2697 970 2742 et
995 2682 1159 2743 baculatus
1177 2681 1246 2758 fuit,
1271 2682 1464 2762 judicialiter
1488 2683 1665 2761 convictus,

405 2801 434 2847 et
459 2787 535 2848 dum
570 2788 634 2868 ipse
661 2786 821 2869 Georgius
853 2789 994 2849 Zalaricz
1026 2803 1111 2849 trans
1143 2787 1276 2849 fluvium
1312 2788 1552 2870 Meduednycza
1582 2803 1669 2849 extra

406 2907 505 2953 metas
529 2894 665 2955 civitatis
682 2894 888 2976 pervenisset,
906 2909 983 2956 tunc
1000 2895 1078 2955 dixit
1095 2895 1223 2976 publice
1241 2895 1280 2954 ad
1298 2894 1460 2956 Thomam
1486 2893 1668 2956 carnificem

405 3001 492 3080 quod
518 3015 549 3063 et
574 3001 676 3061 Lucas
701 3001 848 3062 Ribaricz
873 3001 963 3082 plura
990 3001 1064 3062 talia
1090 3000 1214 3062 fecisset
1239 3021 1334 3082 quam
1361 3016 1391 3062 et
1416 3002 1482 3084 ipse
1514 3001 1667 3064 Zalaricz.

512 3107 589 3168 ltem
615 3107 761 3168 Thomas
785 3106 923 3168 carnifex
950 3107 1050 3168 fassus
1074 3121 1120 3170 est
1144 3128 1183 3169 eo
1208 3109 1317 3186 modo,
1342 3109 1510 3188 quomodo
1535 3108 1667 3190 quidam

406 3215 463 3275 bos
489 3214 574 3274 Luce
600 3215 748 3275 Ribaricz
780 3216 956 3276 ducebatur
989 3233 1043 3296 per
1078 3215 1243 3297 Mykulam
1276 3213 1466 3275 familiarem
1503 3215 1588 3275 Luce
1613 3215 1668 3275 Ri-

406 3321 511 3380 baricz
536 3333 620 3380 extra
647 3321 686 3380 ad
712 3320 845 3381 fluvium
873 3321 1113 3404 Meduednycza
1146 3320 1186 3381 ad
1212 3321 1428 3397 mactandum,
1461 3321 1565 3402 ipsum
1590 3341 1668 3381 vero

407 3426 535 3508 Mykula
555 3427 714 3488 obviasset
731 3428 905 3488 modernus
929 3426 1024 3507 judex
1042 3441 1071 3488 et
1088 3427 1219 3488 dixisset
1243 3427 1301 3487 sibi
1321 3427 1435 3488 reverti
1460 3446 1532 3488 cum
1551 3427 1666 3488 eodem

406 3533 487 3593 bove
513 3531 651 3610 infirmo,
684 3545 715 3594 et
745 3533 812 3614 ipse
846 3533 976 3615 Mykula
1010 3552 1155 3594 reversus
1187 3531 1247 3594 fuit
1278 3552 1349 3593 cum
1384 3535 1466 3594 bove
1498 3547 1529 3595 et
1562 3534 1668 3614 ipsum

407 3641 521 3700 bovem
547 3639 587 3699 ad
613 3638 801 3700 maccellum
827 3639 977 3716 duxisset,
1010 3652 1041 3700 et
1065 3639 1169 3720 ipsum
1203 3639 1287 3700 idem
1315 3640 1417 3700 Lucas
1441 3640 1588 3701 Ribaricz
1612 3660 1669 3722 per

407 3765 505 3806 unum
532 3746 618 3806 diem
644 3761 674 3806 et
698 3766 754 3827 per
779 3765 876 3807 unam
909 3761 1035 3807 noctem
1069 3746 1229 3806 reclusum
1260 3747 1414 3808 tenuisset
1438 3761 1468 3808 et
1492 3747 1537 3809 sic
1561 3748 1666 3829 ipsum

407 3853 521 3912 bovem
547 3851 614 3931 ipse
639 3853 741 3913 Lucas
766 3853 913 3913 Ribaricz
939 3853 969 3912 in
995 3852 1093 3912 domo
1120 3850 1252 3933 Georgii
1278 3852 1420 3914 Zalaricz
1445 3853 1605 3914 mactavit.

512 3958 598 4018 ldem
627 3957 772 4018 Thomas
797 3957 897 4019 fassus
922 3973 978 4035 est,
1003 3958 1090 4038 quod
1116 3959 1200 4019 idem
1230 3959 1331 4019 Lucas
1354 3960 1503 4020 Ribaricz
1527 3960 1667 4040 quadam

406 4063 483 4125 feria
508 4064 620 4144 quinta
644 4079 715 4145 post
749 4063 863 4126 festum
897 4065 979 4125 beati
1013 4063 1178 4124 Michaelis
1203 4065 1386 4146 archangeli
1418 4067 1593 4146 quamdam
1618 4067 1668 4127 in-

407 4171 531 4232 firmam
565 4191 693 4232 vaccam
727 4173 876 4234 mactavit
908 4185 939 4234 et
971 4192 1025 4253 per
1058 4171 1237 4232 Fabianum
1271 4172 1417 4254 Sipchicz
1447 4173 1478 4233 in
1512 4175 1668 4236 maccello

407 4298 517 4339 carnes
543 4277 636 4338 vendi
662 4277 797 4340 fecisset.

512 4383 588 4445 Item
615 4384 699 4444 idem
727 4382 886 4465 Georgius
911 4385 1051 4445 Zalaricz
1075 4383 1174 4446 fassus
1199 4399 1245 4446 est
1269 4405 1307 4445 eo
1332 4385 1442 4464 modo,
1466 4387 1554 4467 quod
1580 4387 1665 4449 idem

407 4491 509 4551 Lucas
534 4490 681 4550 Ribaricz
707 4491 879 4571 quamdam
905 4510 1032 4551 vaccam
1056 4489 1213 4552 infirmam
1239 4505 1269 4552 et
1293 4490 1432 4553 inflatam
1459 4495 1610 4554 mactavit
1634 4495 1666 4554 in

406 4597 510 4658 noctis
534 4595 667 4657 silencio
692 4612 726 4657 ut
749 4597 857 4656 nullus
882 4617 918 4656 ex
943 4597 1067 4657 civibus
1092 4599 1192 4659 scivit.

511 4703 588 4763 Item
615 4703 835 4763 testimonium
861 4701 946 4763 Galli
973 4703 1119 4764 moderni
1145 4703 1238 4784 jurati
1263 4701 1462 4786 infrascripti.

512 4807 588 4869 Item
615 4810 726 4870 Petrus
753 4809 924 4870 Zrinschalc
959 4810 1037 4870 alias
1063 4811 1187 4872 villicus
1211 4830 1268 4892 pro
1299 4811 1353 4872 tali
1379 4824 1522 4893 tempore
1549 4811 1665 4872 consti—

405 4928 491 4975 tutus
516 4915 554 4974 de
582 4916 746 4976 Kralewcz
764 4915 883 4994 juratus
908 4913 1007 4976 fassus
1032 4929 1077 4976 cst
1102 4936 1140 4976 eo
1158 4917 1267 4994 modo,
1291 4917 1377 4997 quod
1393 4917 1531 4998 quedam
1550 4918 1666 4978 mulier

406 5020 524 5081 fecerat
547 5041 604 5102 pro
631 5022 726 5084 Gallo
751 5023 854 5104 jurato
880 5023 1015 5082 civitatis
1039 5020 1158 5083 furtum
1193 5022 1223 5083 in
1249 5022 1350 5084 tribus
1374 5023 1548 5104 manipulis
1572 5024 1665 5102 milii,
