3838 5786
655 536 741 594 Anno
764 545 854 612 1474.
880 570 921 577 —
945 550 974 596 2.
999 536 1157 596 decembris.
1481 555 1543 616 435

387 749 463 810 ltem
488 753 582 808 caus'a
607 766 670 827 que
688 750 870 807 vertebatur
895 747 977 806 inter
994 745 1171 826 Georgium
1197 747 1273 826 lurg
1299 745 1489 808 familiarem
1505 747 1542 807 de

281 869 383 918 castro
409 854 538 931 Medus,
565 866 598 914 ut
623 867 764 914 actorem
783 855 822 913 ab
847 873 921 932 una,
946 867 977 913 et
995 854 1123 914 Petrum
1148 873 1283 934 pugnar,
1309 867 1342 914 ut
1366 854 1398 913 in
1417 873 1544 914 causant

281 977 449 1024 attractum
486 960 614 1021 racione
638 959 805 1020 cuiusdam
838 959 968 1041 pellicii,
994 979 1050 1040 per
1082 959 1201 1040 juratos
1226 974 1271 1020 est
1295 958 1486 1040 adjudicata,
1511 975 1545 1022 ut

281 1068 422 1150 prelatus
446 1068 523 1148 Jurg
556 1065 696 1128 famulus
729 1065 944 1146 juramentum
978 1085 1073 1147 super
1097 1065 1221 1147 prefato
1246 1065 1382 1147 pellifice
1409 1065 1479 1146 (sic)
1505 1066 1544 1126 ad

283 1195 397 1254 manus
414 1173 528 1256 judicis
547 1173 709 1254 deponere
734 1172 849 1234 debeat
867 1172 1139 1253 quandocumque
1164 1173 1223 1234 sibi
1242 1173 1407 1254 placuerit,
1425 1187 1455 1234 et
1472 1191 1546 1234 mox

283 1280 366 1343 lacto
391 1293 422 1343 et
445 1280 593 1362 deposito
618 1279 799 1360 juramento
824 1279 988 1360 pellicium
1013 1279 1117 1361 ipsum
1143 1298 1201 1360 pro
1226 1299 1259 1339 se
1284 1278 1424 1340 habebit.

334 1447 430 1521 Feria
459 1457 558 1521 sexta
597 1451 751 1538 proxima
790 1460 867 1520 ante
896 1449 1017 1520 testum
1047 1449 1144 1520 beate
1174 1449 1355 1538 Elyzabeth
1384 1448 1489 1520 vidue.

779 1582 846 1663 (18.
869 1584 1057 1660 novembris).

387 1709 541 1790 Magistro
567 1708 668 1768 Paulo
694 1707 733 1768 de
758 1707 991 1784 Jaztrebarzlta,
1016 1706 1167 1768 videlicet
1184 1705 1286 1784 labr0,
1310 1719 1376 1768 tota
1401 1726 1545 1768 commu·

283 1816 364 1876 nitas
389 1813 463 1876 fecit
486 1815 626 1895 graciam
652 1827 682 1875 et
706 1814 803 1874 talem
827 1814 1009 1874 libertatem
1032 1812 1188 1874 concessit
1212 1813 1328 1890 eidem,
1354 1813 1475 1894 quoda
1494 1813 1545 1874 die

283 1921 420 2004 presenti
447 1920 528 1981 inira
553 1921 706 1981 circulum
733 1921 807 1981 anni
834 1920 893 1980 erit
919 1920 1052 1980 liberab
1070 1919 1222 1980 omnibus
1247 1919 1422 1996 laboribus,
1449 1919 1547 1980 datiis

282 2029 321 2090 ad
347 2029 612 2089 communitatem
635 2026 804 2107 provenire
822 2026 1024 2104 debentibus,
1050 2025 1188 2106 demptis
1206 2025 1384 2106 vigilaturis
1401 2039 1431 2088 et
1449 2026 1547 2087 daciis

283 2134 368 2216 regie
394 2131 579 2212 Maiestatis.

389 2239 495 2301 Causa
520 2259 582 2320 que
615 2241 796 2300 vertebatur
829 2239 910 2299 inter
941 2239 1106 2300 dominam
1132 2239 1329 2302 Dorotheam
1363 2253 1544 2300 consortem

285 2346 394 2408 Jacobi
420 2359 450 2407 et
474 2345 676 2406 Anthonium
702 2358 854 2406 sartorem
882 2345 1009 2406 racione
1038 2347 1203 2408 cuiusdam
1229 2346 1373 2428 pignoris
1398 2345 1547 2406 videlicet

282 2454 371 2530 sube,
395 2471 451 2533 per
484 2451 603 2532 juratos
628 2467 674 2512 est
691 2452 919 2532 adjudicatum,
946 2454 1032 2532 quod
1060 2453 1191 2514 domina
1218 2452 1379 2514 Dorothea
1406 2453 1547 2513 restituat

282 2559 399 2639 pignus
422 2557 573 2618 videlicet
603 2559 716 2619 subam
749 2559 789 2618 ad
822 2557 910 2618 illam
944 2578 1075 2619 manum
1108 2579 1170 2640 que
1203 2559 1249 2620 illi
1275 2559 1491 2640 inpignoravit
1515 2572 1546 2619 et

282 2665 452 2747 pecuniam
478 2665 612 2745 accipiat
635 2685 694 2746 pro
719 2684 781 2745 qua
807 2662 867 2725 fuit
891 2665 1105 2745 inpignorata.

388 2771 465 2832 ltem
492 2791 584 2832 causa
619 2791 681 2852 que
714 2772 897 2831 vertebatur
929 2771 1010 2830 inter
1035 2771 1198 2832 Thomam
1230 2785 1385 2832 sartorem
1417 2785 1448 2832 et
1472 2772 1545 2832 l3ar·

281 2877 484 2939 tholomeum
516 2877 670 2938 serarium
696 2896 754 2958 pro
791 2877 932 2958 quodam
968 2897 1087 2958 panno,
1113 2897 1168 2959 per
1199 2876 1321 2958 juratus
1345 2891 1391 2937 est
1422 2877 1545 2960 adjudi-

282 2997 399 3063 catum,
425 2983 512 3065 quod
531 2983 676 3044 Thomas
693 2997 794 3044 sartor
813 2984 965 3065 prestabit
989 2985 1172 3045 mettercius
1190 2984 1404 3064 juramentum
1431 2997 1461 3045 et
1477 3004 1546 3066 pre-

283 3089 365 3152 latus
390 3090 638 3152 bartholomeus
671 3091 766 3152 debet
797 3091 921 3151 solvere
954 3110 1096 3171 pannum
1131 3091 1234 3152 eidem
1268 3090 1408 3170 Tbome,
1433 3105 1463 3152 et
1486 3090 1546 3152 hoc

283 3195 360 3258 feria
384 3197 481 3259 tercia
506 3196 651 3278 proxime
676 3209 820 3258 ventura.

387 3303 465 3363 Item
484 3321 575 3364 causa
595 3322 657 3383 que
676 3303 857 3364 vertebatur
876 3303 956 3365 inter
975 3303 1177 3365 Clementem
1196 3304 1326 3365 Kechlta
1344 3317 1374 3364 et
1392 3303 1545 3364 Mathiam

284 3408 490 3484 frenatorem,
515 3429 571 3491 per
594 3409 714 3490 juratos
731 3424 777 3470 est
801 3409 1019 3488 adjudicatum
1044 3430 1101 3492 pro
1132 3411 1274 3491 quodam
1299 3413 1441 3488 verbere,
1459 3411 1546 3491 quod

284 3514 425 3597 prefatus
451 3515 587 3577 Mathias
612 3515 752 3577 frenator
780 3517 867 3576 solus
899 3517 1051 3597 prestabit
1075 3516 1289 3596 juramentum
1330 3529 1360 3576 et
1383 3517 1444 3576 hoc
1469 3515 1546 3578 seria

283 3623 379 3683 tercia
403 3622 548 3704 proxime
574 3635 717 3684 ventura.

388 3729 466 3790 ltem
492 3749 619 3790 causam
646 3729 727 3790 inter
759 3729 961 3790 Anthonium
987 3743 1017 3790 et
1042 3729 1184 3790 Blasium
1217 3728 1394 3810 lutifigulos
1419 3729 1545 3790 racione

283 3835 464 3913 verberum,
489 3855 544 3915 per
572 3833 692 3915 juratos
721 3848 767 3896 est
799 3834 1018 3914 adjudicatum
1051 3835 1265 3916 juramentum
1291 3849 1430 3916 prestare
1456 3837 1545 3896 uxori

283 3939 380 4000 Blasii
395 3939 545 4021 lutifiguli
564 3941 781 4020 metsecunde,
799 3941 885 4021 quod
901 3940 1042 4022 prelatus
1059 3941 1241 4003 Anthonius
1255 3940 1328 4003 fecit
1352 3961 1447 4023 super
1464 3961 1546 4021 eam,

283 4059 312 4107 et
336 4045 397 4108 hoc
421 4047 573 4129 prestabit
597 4046 674 4109 feria
699 4048 795 4108 tercia
819 4049 964 4129 proxime
990 4063 1132 4112 ventura.

337 4209 432 4284 Faria
461 4221 560 4285 sexta
588 4214 740 4302 proxima
769 4223 847 4286 ante
885 4215 1007 4286 festum
1036 4218 1133 4288 beate
1162 4215 1311 4287 Barbare
1337 4215 1489 4305 virginis.

788 4348 833 4426 (2.
857 4351 1035 4430 decembris).

390 4475 468 4536 Item
494 4474 569 4555 quia
596 4475 721 4535 Marcus
747 4472 968 4534 varaltouucz
998 4473 1137 4534 carnilex
1162 4473 1333 4534 sufficienti
1358 4474 1544 4534 testimonio

284 4599 390 4641 coram
417 4580 511 4641 nobis
543 4580 774 4661 comprobavit,
807 4579 895 4660 quod
930 4579 1005 4640 dum
1036 4579 1169 4660 provida
1203 4579 1402 4658 Margaretha
1436 4579 1545 4640 relicta

284 4687 420 4747 condam
445 4686 624 4748 Clementis
647 4685 815 4768 ireniparis
848 4687 879 4747 in
905 4687 1054 4747 extremis
1087 4688 1148 4748 vite
1181 4706 1236 4747 sue
1262 4687 1445 4763 laborasset,
1470 4700 1545 4747 tuuc

283 4793 349 4871 ipsa
375 4791 533 4874 prefatum
553 4794 696 4854 Marcum
719 4792 899 4854 carnificem
917 4813 1010 4853 suurn
1031 4813 1139 4854 verum
1168 4807 1198 4852 et
1216 4793 1409 4874 legittimum
1434 4813 1545 4853 execu-

282 4911 385 4959 torem
410 4897 545 4977 iecisset,
571 4900 644 4959 ideo
662 4899 768 4960 eidem
794 4901 901 4960 Marco
924 4899 1061 4959 carnifici
1088 4899 1233 4960 omnium
1260 4918 1364 4959 rerum
1389 4913 1419 4958 et
1444 4900 1544 4958 bono·

282 5023 362 5083 rum,
388 5006 627 5086 possessionum
661 5006 804 5066 eiusdem
832 5005 1031 5085 Margarethe
1066 5006 1148 5065 dicte
1184 5005 1407 5086 Margetlricza,
1433 5004 1546 5065 dumus

1423 5108 1441 5148 a
