3644 5788
364 583 421 644 192
724 567 810 624 Anno
830 561 923 643 1460.
949 599 990 608 -
1008 577 1043 641 5.
1067 567 1240 640 septembris.

359 672 815 679 *ἡ*
1152 727 1164 752 O

467 777 542 838 Item
568 791 698 859 propter
723 796 852 839 cervum
878 778 932 858 qui
958 777 1017 838 luit
1035 776 1219 840 interiectus
1243 778 1274 839 in
1301 791 1385 840 meta
1403 779 1540 840 civitatis
1569 779 1624 840 ad·

358 883 581 963 judicaverunt
613 898 759 964 quartam
793 897 914 965 partem
947 883 1045 964 judici
1071 897 1101 945 et
1133 904 1288 966 expensas
1319 885 1351 945 ln
1383 885 1625 962 ambulacione,'

358 1004 612 1071 prorogaverunt
637 990 865 1070 juramentum.
1445 1049 1450 1058 .

464 1097 542 1158 Item
567 1097 813 1158 archidiaconus
838 1097 1030 1159 Dubicensis
1053 1111 1084 1160 et
1113 1097 1230 1159 KeIecz
1255 1109 1344 1159 sutor
1367 1110 1626 1180 prorogaverunt

357 1203 397 1264 ad
422 1204 565 1265 seniores
590 1203 720 1284 iudices.

463 1310 542 1372 Item
567 1311 677 1392 Zayko
701 1308 851 1372 carnifici.
879 1312 986 1388 (deest).

464 1416 541 1478 Item
575 1436 654 1478 uxor
686 1415 860 1498 Raphaelis
891 1415 972 1478 fassa
996 1429 1042 1478 est
1073 1416 1131 1477 toti
1156 1417 1378 1479 communitati
1405 1431 1439 1478 ut
1464 1417 1531 1498 ipse
1557 1418 1618 1478 Ra-

357 1522 453 1605 phael
478 1537 642 1605 receperat
673 1523 835 1604 quandam
872 1523 1059 1606 peccuniam
1093 1523 1242 1584 videlicet
1274 1543 1389 1585 novem
1415 1522 1521 1585 luntas
1545 1543 1618 1586 cum

359 1629 463 1691 media
491 1629 649 1712 Dyonisio
674 1629 839 1711 Wodopia
865 1631 989 1692 concivi
1007 1645 1128 1709 nostro,
1152 1644 1183 1691 et
1206 1629 1273 1712 ipse
1297 1630 1383 1692 idem
1403 1630 1547 1713 Raphael
1571 1651 1618 1692 re·

357 1736 450 1798 cessit
474 1737 577 1797 noctis
601 1737 633 1797 in
658 1736 802 1798 silencio.

463 1841 540 1902 Item
566 1841 741 1903 Katherina
766 1861 845 1902 uxor
871 1841 1025 1923 Stephani
1044 1843 1160 1904 sutoris
1185 1840 1250 1904 filia
1275 1843 1385 1925 Rybar
1402 1841 1549 1925 Dyonisii
1568 1842 1621 1904 de·

355 1947 464 2028 posuit
488 1946 704 2027 juramentum
729 1962 839 2009 contra
865 1949 985 2010 Rosam
1010 1947 1165 2012 filarkam.

450 2183 544 2256 Feria
574 2194 671 2258 sexta
698 2194 776 2257 ante
803 2186 926 2257 festum
956 2184 1154 2258 NativitaIIs
1182 2187 1338 2274 virgime.
1363 2205 1449 2258 auno
1479 2185 1541 2260 LII.

865 2341 906 2416 (5.
930 2339 1113 2416 septembris).

464 2478 540 2540 Item
568 2479 693 2540 Simoni
711 2483 810 2540 sutori
829 2479 920 2540 Sterk
945 2478 1043 2556 dicto,
1060 2478 1100 2539 de
1117 2478 1267 2556 Zambor‚
1291 2478 1347 2559 qui
1364 2477 1499 2539 abscidit
1518 2478 1619 2540 Elene

357 2585 497 2646 consorti
521 2604 577 2646 sue
602 2605 714 2646 nasum
748 2584 965 2666 adjudicatum
999 2599 1056 2663 est,
1080 2584 1168 2666 quod
1201 2603 1369 2664 nunquam
1393 2585 1432 2645 ad
1458 2585 1622 2646 civitatem

357 2691 533 2772 predictam
559 2705 589 2751 et
613 2691 682 2752 eius
698 2691 893 2753 territorium
913 2691 1029 2752 intrare
1054 2690 1160 2770 debet,
1180 2704 1211 2752 et
1233 2689 1259 2751 si
1276 2688 1496 2772 deprehensus
1513 2689 1623 2770 fuerit,

354 2811 469 2858 extunc
494 2797 619 2859 amittet
643 2817 740 2858 unam
765 2817 908 2858 manum.

461 2904 537 2965 Item
571 2902 692 2986 prelata
724 2904 841 2966 mulier
873 2903 974 2966 Elena
1007 2903 1138 2986 expulsa
1170 2916 1217 2965 est
1249 2903 1441 2966 decivitate
1476 2903 1623 2984 predicta

353 3023 483 3092 propter
508 3009 665 3072 maleficia
698 3030 753 3071 sua
786 3009 818 3070 in
851 3011 969 3091 quibus
1000 3005 1199 3092 deprehensa
1225 3021 1256 3072 et
1287 3023 1432 3071 accusata
1457 3007 1537 3086 fuit;
1570 3010 1623 3072 cui

352 3115 501 3194 similiter
524 3115 685 3197 ingressus
708 3115 852 3176 eiusdem
881 3115 1018 3177 civitatis
1035 3115 1234 3196 prohibetur,
1258 3115 1284 3176 ai
1302 3115 1494 3198 reprehensa
1512 3113 1623 3194 fuerit,

353 3235 468 3283 extunc
493 3221 588 3283 debet
611 3221 717 3305 puniri
743 3221 829 3302 juxta
853 3221 1060 3303 privIlegium
1085 3221 1222 3282 civitatis
1245 3221 1398 3303 predicte.

459 3327 536 3390 Item
562 3327 701 3409 quedam
727 3331 820 3388 Anna
837 3327 967 3409 publica
992 3327 1109 3388 mulier
1132 3327 1287 3389 subtraxit
1303 3327 1431 3388 mulieri
1449 3326 1621 3389 Tanczecz

352 3453 453 3495 unum
479 3434 717 3515 manutergium
752 3447 783 3496 et
808 3453 909 3495 unum
941 3434 1074 3516 pileum,
1098 3453 1157 3517 pro
1181 3453 1246 3515 quo
1279 3433 1416 3496 abscissa
1440 3447 1487 3494 est
1511 3433 1619 3496 eidem

353 3560 416 3601 una
440 3541 602 3617 auricula;
620 3541 733 3622 etipsa
759 3539 845 3602 idem
862 3544 956 3601 Anna
974 3538 1056 3602 lassa
1081 3539 1141 3603 luit
1157 3541 1189 3602 in
1208 3540 1351 3602 martirIo
1365 3553 1475 3602 contra
1500 3541 1619 3623 Elyza-

353 3645 427 3706 beth
452 3660 634 3707 consortem
653 3645 806 3728 Stephani
832 3646 913 3707 labri
931 3645 1025 3729 Chyk
1042 3647 1129 3726 dicti,
1147 3646 1235 3728 quod
1260 3647 1326 3729 ipsa
1352 3646 1491 3708 dedisset
1509 3647 1618 3709 eidem

352 3755 446 3813 Anne
467 3771 568 3812 unum
593 3751 662 3815 flor.
687 3753 755 3812 auri
780 3753 812 3812 in
827 3757 887 3829 'e0‚
912 3751 1000 3833 quod
1026 3753 1092 3834 ipsa
1110 3751 1336 3813 combussisset
1361 3751 1477 3812 domos
1493 3751 1615 3813 KeIecz

351 3859 467 3920 sutoris
493 3872 523 3920 et
547 3858 790 3919 convicinorum
815 3857 959 3918 eiusdem
993 3857 1181 3936 Clementis,
1213 3851 1343 3941 pr'opter
1375 3857 1462 3939 quod
1488 3871 1535 3919 est
1560 3878 1614 3920 ex-

351 3984 499 4046 percussa
524 3964 564 4026 de
589 3964 717 4026 civitate
741 3983 813 4025 curn
839 3964 962 4025 baculis
986 3977 1016 4025 et
1039 3964 1220 4046 prohibitus
1237 3977 1282 4026 est
1307 3964 1334 4026 ei
1361 3964 1521 4045 ingressus
1538 3963 1617 4024 civi·

350 4071 422 4132 tatis
445 4072 504 4132 sub
528 4090 611 4151 pena
634 4069 731 4131 simili
757 4090 797 4132 ne
823 4071 917 4132 intret
941 4071 1102 4132 civitatem
1127 4085 1157 4132 et
1181 4070 1250 4132 eius
1274 4071 1479 4134 territorium.

456 4177 533 4237 Item
558 4175 777 4257 adjudicatum
794 4189 840 4237 est
862 4176 979 4238 KeIecz
1003 4177 1114 4255 sutori,
1132 4175 1298 4238 Anthonio
1322 4177 1535 4259 Thermsych‚
1552 4177 1618 4240 Va·

349 4283 474 4345 lentino
498 4281 600 4361 labro,
627 4284 736 4344 Marco
758 4303 879 4362 genero
898 4283 1130 4366 Scrobothych‚
1155 4283 1241 4344 Iwko
1266 4284 1377 4362 sutori,
1402 4283 1484 4365 Sego
1501 4285 1618 4364 sutori,

350 4387 479 4450 Thome
503 4389 614 4467 sutori,
639 4390 695 4470 qui
729 4388 1007 4471 deprehenderant
1042 4389 1219 4472 Elyzabeth
1252 4403 1433 4452 consortem
1460 4390 1618 4472 Stephani

349 4493 428 4556 fabri
454 4495 547 4578 Chyk
572 4495 659 4574 dicti,
698 4495 801 4556 noctis
825 4496 856 4556 in
882 4495 1016 4557 silencio
1050 4515 1123 4557 cum
1148 4496 1292 4578 quodam
1317 4497 1506 4578 presbitero,
1532 4517 1619 4578 quos

348 4602 416 4662 siue
440 4602 520 4663 scitu
544 4615 575 4663 et
598 4601 764 4663 voluntate
788 4601 990 4665 tradiderunt
1014 4601 1054 4663 ad
1072 4621 1187 4664 manus
1211 4603 1321 4664 vicarii
1345 4603 1532 4685 spiritualis,
1558 4606 1617 4686 qui

348 4707 484 4787 quilibet
516 4708 658 4789 ipsorum
692 4720 802 4770 contra
834 4707 985 4790 judicem,
1017 4707 1158 4791 juratos,
1190 4709 1358 4772 convictus
1389 4723 1435 4771 est
1467 4709 1499 4770 in
1537 4711 1617 4774 vivo

348 4811 510 4893 homagio.
880 4811 883 4816 ’

455 4918 532 4980 Item
565 4919 652 4999 quod
678 4919 792 4980 liceta
825 4920 949 4981 dudum
982 4921 1064 4982 inter
1094 4922 1248 5002 providos
1279 4933 1310 4984 et
1341 4921 1494 4984 honestos
1526 4922 1615 4985 vitos

348 5023 548 5085 Anthonium
574 5024 711 5104 juratum
738 5025 899 5101 Soldinar‚
917 5027 1108 5108 quiquidem
1133 5028 1316 5090 Anthonius
1342 5029 1482 5110 porrexit
1505 5031 1613 5112 queri·
