3738 5786
751 539 837 596 Anno
865 549 956 615 1454.
980 571 1024 581 -
1047 552 1097 597 22.
1121 539 1230 596 martii.

358 750 494 811 eandem
519 769 647 811 causam
673 750 712 811 ad
737 748 893 831 judicium
924 749 1089 810 seniorum
1113 747 1255 830 judicum
1290 767 1348 830 pro
1373 747 1499 810 meliori
1525 747 1625 830 ipsius

356 876 451 918 cause
477 855 724 919 deliberacione.

465 962 541 1023 Item
578 961 671 1043 jurati
707 961 930 1042 adjudicarunt
962 960 1058 1022 aliam
1094 979 1221 1021 causam
1255 959 1444 1022 eorumdem
1482 958 1624 1021 Conradi

355 1069 472 1151 judicis
497 1083 527 1130 et
544 1068 674 1131 Thome
691 1069 808 1130 literati
831 1068 863 1128 in
881 1066 965 1129 lacto
982 1067 1081 1149 precii
1099 1066 1265 1128 cuiusdam
1283 1066 1366 1127 vasis
1382 1065 1481 1148 ipsius
1494 1064 1623 1126 Thome

357 1177 473 1238 literati
497 1196 554 1259 per
577 1177 682 1258 ipsum
708 1174 871 1236 Thomam
896 1174 1057 1235 literatum
1083 1173 1142 1255 ipsi
1172 1172 1326 1236 Conrado
1350 1171 1446 1254 judici
1472 1189 1620 1233 accomo-

357 1282 433 1360 dati,
458 1283 514 1344 tali
541 1281 651 1360 modo,
683 1295 718 1342 ut
742 1281 809 1362 ipse
842 1279 988 1341 Thomas
1021 1279 1123 1362 jurare
1156 1279 1318 1340 tenebitur
1350 1277 1497 1340 similiter
1531 1297 1626 1359 super

357 1408 444 1450 aram
469 1403 583 1450 octavo
609 1388 659 1450 die
684 1407 779 1470 super
803 1407 854 1465 eo,
879 1402 913 1448 ut
937 1387 1004 1469 ipse
1026 1386 1173 1448 Thomas
1197 1386 1341 1448 literatus
1365 1385 1544 1468 predictum
1569 1404 1624 1445 vas

357 1515 450 1558 suum
475 1494 599 1578 prelato
618 1493 770 1557 Conrado
794 1493 893 1575 judici
911 1513 969 1575 pro
994 1494 1102 1576 precio
1120 1493 1354 1572 accomodavit,
1379 1506 1410 1554 et
1426 1511 1492 1554 non
1516 1491 1622 1573 gratis.

464 1601 542 1664 ltem
566 1621 622 1684 per
639 1600 917 1683 adjudicacionem
942 1599 1118 1680 juratorum
1136 1598 1276 1681 prelatus
1294 1598 1465 1661 Conradus
1490 1599 1622 1659 Rawsar

358 1707 413 1770 uni
438 1709 541 1791 jurato
566 1708 607 1770 ad
632 1727 763 1770 manum
798 1706 902 1786 jurare
937 1707 1099 1768 tenebitur
1129 1725 1224 1788 super
1249 1725 1299 1785 eo,
1331 1721 1366 1768 ut
1389 1706 1457 1788 ipse
1482 1726 1499 1766 a
1526 1705 1626 1766 Paulo

358 1815 563 1897 Zagorchych
589 1815 628 1876 de
654 1814 828 1875 Branowcz
863 1833 961 1875 unam
985 1832 1125 1874 marcam
1158 1813 1365 1874 denariorum
1389 1833 1446 1895 per
1470 1812 1626 1873 ducentos

358 1921 507 1984 denarios
531 1919 750 2002 computando
774 1933 805 1980 et
829 1939 929 1980 unum
954 1919 1123 1980 denarium
1140 1919 1357 1980 wiennensem
1382 1938 1447 1981 non
1472 1918 1623 2000 percepit.

465 2027 543 2088 ltem
569 2025 744 2088 Katberina
769 2024 833 2087 lilia
858 2025 996 2088 condam
1015 2026 1172 2087 lanchecz
1197 2025 1236 2086 de
1260 2025 1336 2086 villa
1361 2025 1485 2086 Nowak
1502 2037 1625 2102 vocata,

358 2153 438 2196 uxor
462 2133 619 2214 legittima
643 2131 772 2194 Andree
796 2132 921 2214 Repesa
946 2132 977 2192 in
1011 2128 1181 2193 manifesto
1207 2130 1371 2194 furticinio
1396 2143 1443 2191 est
1465 2143 1625 2212 repperta,

358 2238 432 2302 ideo
456 2240 558 2321 ipsam
583 2239 615 2299 in
640 2237 826 2299 huiusmodi
845 2238 931 2298 malo
956 2257 1053 2319 opere
1071 2251 1254 2320 reppertam
1278 2255 1336 2320 pro
1360 2236 1465 2318 prima
1490 2236 1539 2296 sui
1556 2254 1626 2297 cor·

358 2347 504 2434 reccione
529 2345 568 2406 de
594 2345 720 2406 civitate
746 2358 777 2405 et
800 2343 869 2405 eius
885 2343 1045 2405 territorio
1069 2344 1204 2426 turpiter
1229 2363 1301 2405 curn
1320 2342 1443 2405 baculis
1466 2341 1626 2424 expellere

357 2451 492 2516 fecimus
515 2471 572 2533 per
596 2469 751 2534 precones
776 2463 912 2529 nostros,
944 2449 1230 2531 commisimusque
1265 2449 1370 2510 eidem
1395 2462 1430 2510 ut
1454 2448 1494 2509 de
1518 2461 1625 2510 cetero

358 2560 399 2621 ad
423 2559 525 2641 ipsam
550 2557 710 2619 civitatem
736 2570 767 2618 et
791 2556 859 2617 eius
882 2556 1079 2617 territorium
1113 2556 1204 2617 nullo
1230 2555 1329 2617 modo
1354 2555 1472 2617 intrare
1497 2554 1622 2632 debeat,

359 2685 421 2747 que
446 2665 471 2724 si
504 2664 536 2724 in
562 2663 627 2745 ipsa
662 2663 788 2725 civitate
821 2677 851 2724 et
883 2663 952 2723 eius
983 2662 1144 2724 territorio
1176 2662 1310 2725 ulterius
1342 2675 1489 2744 repperta
1521 2659 1626 2740 luerit,

358 2791 475 2854 penam
501 2789 597 2852 quam
623 2769 816 2830 demeruerit
841 2783 1064 2850 consequetur.

466 2877 543 2938 ltem
570 2878 695 2938 Marcus
727 2874 815 2937 laber
849 2889 958 2936 contra
992 2874 1171 2937 Johannem
1206 2873 1364 2936 Venthich
1389 2893 1545 2956 generum
1578 2893 1626 2936 se·

361 2982 467 3044 cundo
491 2982 605 3044 citatus
629 3000 694 3042 non
720 2981 909 3063 comparuit.

466 3088 543 3150 ltem
571 3086 747 3168 Gregorius
778 3086 862 3148 lilius
894 3086 1099 3169 Banlrowycb
1133 3101 1163 3148 et
1187 3087 1321 3166 Ztanlro,
1353 3086 1491 3168 quilibet
1514 3105 1625 3148 eorum

361 3194 503 3256 secundo
527 3213 559 3254 se
584 3214 682 3276 penes
706 3193 877 3254 effusiones
901 3193 1066 3273 sanguinis
1084 3211 1197 3254 eorum
1215 3206 1329 3254 mutuo
1353 3213 1448 3275 super
1471 3212 1538 3254 sese
1556 3212 1626 3274 per-

361 3301 500 3384 petratis,
533 3313 647 3362 octavo
679 3300 730 3361 die
763 3319 858 3382 super
889 3318 977 3360 aram
1013 3312 1120 3360 sancte
1152 3298 1266 3361 Crucis
1298 3298 1401 3380 jurare
1432 3301 1627 3361 tenebuntur

361 3427 456 3489 super
480 3426 531 3485 eo,
555 3420 590 3467 ut
616 3425 699 3467 unus
723 3425 835 3467 eorum
868 3406 1004 3467 alterum
1036 3424 1148 3466 eorum
1173 3425 1275 3486 usque
1307 3405 1474 3487 sanguinis
1498 3404 1625 3466 effusio·

362 3533 435 3576 nem
459 3512 640 3574 vulneravit
664 3527 695 3573 et
719 3511 870 3588 offendit;
894 3525 926 3573 et
950 3511 1097 3593 deposito
1114 3511 1184 3594 ipso
1209 3511 1389 3592 juramento
1415 3531 1498 3573 uuus
1515 3529 1625 3572 eorum

362 3620 451 3682 alteri
477 3619 620 3701 ipsorum
645 3616 899 3680 satisfaccionem
925 3618 1054 3700 birsagii
1071 3618 1238 3697 sanguinis
1262 3618 1443 3700 persolvere
1467 3618 1628 3681 tenebitur

362 3726 449 3787 salva
474 3723 587 3806 judicis
611 3725 775 3805 porcione.

468 3831 544 3893 ltem
569 3829 649 3892 feria
673 3845 785 3912 quarta
809 3831 954 3913 proxima
988 3844 1060 3912 post
1084 3828 1202 3892 festum
1236 3831 1512 3892 Annunciacionis
1536 3833 1629 3892 beate

364 3939 464 4000 Maris
488 3937 632 4019 virginis,
660 3939 802 3999 seniores
826 3937 947 4018 judices
965 3957 1092 3998 causam
1119 3937 1183 3998 litis
1207 3951 1238 3998 et
1261 3936 1479 4016 juramentalis
1502 3936 1629 4019 deposi-

362 4045 464 4106 cionis
488 4046 570 4105 inter
596 4043 784 4106 Conradum
802 4045 925 4105 Rausar
949 4043 1051 4105 filiurn
1069 4043 1179 4124 Vlrici,
1196 4043 1355 4105 seniorem
1382 4043 1521 4124 judicem
1538 4043 1628 4104 simi·

363 4151 445 4228 liter,
470 4151 509 4210 ab
533 4169 596 4211 una
621 4163 720 4231 parte,
738 4164 768 4211 et
784 4163 872 4232 parte
895 4151 935 4210 ab
953 4149 1051 4211 altera
1069 4150 1150 4210 inter
1169 4148 1332 4211 Thomam
1351 4149 1512 4211 literatum
1529 4148 1625 4211 servi·

362 4273 464 4319 torem
491 4255 568 4317 alias
601 4257 724 4317 domini
750 4258 860 4318 Jacobi
885 4256 923 4317 de
954 4256 1122 4334 Zerdahel,
1153 4256 1336 4338 nuperrime
1370 4271 1492 4318 motam
1517 4268 1547 4318 et
1570 4275 1626 4338 per

362 4364 481 4446 juratos
505 4362 729 4444 adjudicatam,
753 4364 797 4424 sic
822 4363 993 4424 univerunt
1017 4377 1047 4423 et
1063 4362 1339 4424 concordaverunt
1359 4362 1399 4424 ad
1424 4362 1520 4425 finem
1542 4365 1627 4424 bone

362 4469 449 4553 pacis
473 4470 549 4551 ipsis
573 4471 728 4531 ambabus
752 4470 895 4552 partibus
923 4470 1219 4548 consencientibus,
1252 4469 1339 4550 quod
1365 4471 1430 4552 ipse
1456 4469 1627 4533 Conradus

362 4579 494 4638 Rawsar
517 4575 641 4658 prelato
666 4576 793 4637 Thome
819 4576 944 4638 literato
969 4576 1020 4637 die
1045 4576 1210 4638 dominico
1231 4577 1376 4658 proxime
1400 4589 1535 4638 venturo
1559 4589 1624 4637 tres

362 4683 501 4745 florenos
525 4683 592 4743 auri
617 4682 669 4744 vel
700 4696 829 4744 monete
855 4703 909 4744 eos
938 4682 1092 4761 facientis,
1124 4696 1155 4744 et
1179 4683 1260 4744 alios
1291 4696 1353 4744 tres
1377 4683 1447 4746 flor.
1472 4682 1540 4745 auri
1572 4682 1624 4744 vel

363 4803 492 4851 monete
517 4789 760 4870 quintodecimo
785 4789 836 4851 die
860 4804 932 4872 post
953 4788 1069 4851 festum
1098 4789 1197 4851 sancti
1223 4788 1353 4871 Georgii
1378 4790 1516 4851 martiris
1539 4808 1624 4851 nuuc

363 4896 506 4978 proxime
521 4909 691 4957 venturum
702 4909 888 4960 occurrente
901 4896 1085 4978 persolvere
1094 4896 1266 4976 tenebitur,
1280 4897 1346 4978 ipse
1358 4911 1465 4959 autem
1479 4896 1625 4958 Thomas

265 5041 267 5050 ι
362 5002 507 5063 literatus
531 5002 562 5062 in
588 5001 758 5063 novalibus
782 5003 857 5063 novi
875 5001 1026 5064 frumenti
1043 5003 1189 5084 proxime
1214 5003 1355 5064 venturis
1379 5003 1444 5065 duo
1469 5003 1627 5086 quartalia
