3694 5782
601 584 687 640 Anno
710 579 802 661 1465.
827 617 870 627 -
893 599 922 646 2.
947 589 1073 660 augusti.
1405 607 1467 669 277

984 693 1097 700 ——.
1104 695 1273 700 ——-—
1280 695 1303 700 .-

308 799 405 875 Feria
434 811 533 876 sexta
564 803 716 894 proxima
744 805 786 876 ad
818 805 952 877 vincula
980 805 1069 878 beati
1099 807 1188 879 Petri
1219 810 1374 898 apostoli.

677 948 763 1000 anno
792 927 845 1002 tx
874 931 1002 1018 quinto.

730 1079 776 1162 (2.
800 1081 943 1162 augusti).

309 1223 387 1285 ltem
412 1223 488 1304 quia
512 1223 633 1305 probus
656 1235 687 1284 et
713 1221 867 1284 honestus
898 1221 1023 1303 juvenis
1049 1223 1230 1285 Demetrius
1255 1225 1468 1304 barbitonsor,

203 1329 287 1391 lilius
311 1330 369 1391 viri
395 1329 533 1391 condam
557 1329 684 1410 providi
716 1328 869 1411 Stephani
902 1329 1065 1411 scriptoris
1101 1350 1138 1390 ex
1171 1331 1304 1412 provida
1330 1332 1466 1394 condam

202 1437 337 1499 muliere
362 1435 538 1498 Katherina
562 1449 685 1514 vocata,
709 1434 774 1497 filia
810 1435 948 1498 condam
975 1435 1159 1518 Bosychech
1183 1439 1402 1518 cognominati
1427 1439 1467 1502 de

202 1543 278 1605 villa
303 1542 469 1605 Kralewcz
494 1543 553 1604 sub
578 1555 680 1604 castro
706 1541 832 1605 Medwe
857 1543 1021 1620 existente,
1054 1557 1201 1604 consorte
1226 1543 1371 1606 eiusdem
1397 1545 1465 1608 Ste-
1545 1598 1550 1606 .

201 1650 299 1733 phani
325 1649 487 1733 scriptoris
519 1650 708 1732 progenitus
740 1669 797 1711 seu
828 1663 1023 1733 procreatus,
1049 1650 1081 1711 id
1106 1651 1200 1712 nobis
1231 1651 1380 1732 detegere
1413 1671 1466 1715 cu·

200 1757 291 1836 ravit,
317 1771 351 1818 ut
374 1756 464 1818 litere
489 1769 596 1818 nostre
627 1775 684 1816 seu
708 1755 845 1818 civitatis
877 1757 1018 1838 predicte
1051 1757 1268 1838 privilegiales
1293 1777 1350 1840 pro
1375 1773 1465 1840 parte

200 1863 345 1946 ipsorum
369 1862 507 1926 condam
532 1862 687 1945 Stephani
711 1875 743 1925 et
767 1862 953 1943 Katherine,
975 1864 1072 1946 patris
1096 1878 1127 1926 et
1144 1865 1253 1926 matris
1278 1865 1377 1947 ipsius
1402 1866 1463 1927 De-

200 1970 316 2049 metrii,
341 1989 437 2052 super
460 1969 600 2051 quadam
624 1969 717 2031 vinea
742 1989 800 2031 nec
818 1989 882 2032 non
904 1969 1098 2051 quibusdam
1124 1971 1214 2031 terris
1238 1971 1414 2033 arabilibus
1432 1972 1463 2033 in

202 2076 363 2138 territorio
388 2089 497 2138 nostro
521 2096 577 2138 seu
602 2077 738 2138 civitatis
761 2075 881 2159 prefate
913 2097 949 2138 ac
974 2077 1056 2139 inter
1080 2077 1159 2139 duas
1183 2077 1249 2138 vias
1272 2097 1462 2140 communes

202 2204 299 2246 unam
326 2184 366 2246 ab
391 2185 513 2246 oriente
538 2197 568 2246 et
592 2184 730 2246 aliama
763 2184 991 2265 septemtrione
1023 2184 1190 2246 tendentes
1214 2185 1253 2246 ad
1285 2185 1464 2266 predictum

198 2305 338 2353 castrum
364 2290 501 2369 Medwe,
525 2310 562 2352 ac
594 2289 675 2352 inter
706 2290 785 2351 duas
816 2303 916 2352 terras
940 2291 1076 2352 arabiles
1109 2303 1293 2370 castrenses,
1325 2311 1421 2354 unam
1447 2313 1465 2354 a

197 2397 405 2460 meridionali
430 2411 461 2458 et
484 2397 580 2458 aliam
606 2399 646 2458 ab
671 2396 864 2458 occidentali
882 2398 1027 2479 partibus
1052 2395 1168 2458 habitis
1193 2411 1223 2458 et
1246 2398 1464 2478 existentibus,

200 2507 305 2588 ipsum
331 2504 481 2567 videlicet
505 2503 706 2566 Demetrium
740 2517 811 2586 post
842 2503 968 2566 obitum
1002 2504 1143 2585 ipsorum
1169 2503 1237 2584 jure
1271 2504 1464 2566 hereditario

197 2612 404 2693 tangentibus
428 2625 459 2672 et
489 2611 767 2689 concernentibus,
800 2622 895 2692 prout
928 2610 987 2672 hoc
1019 2609 1160 2692 prefatus
1192 2610 1373 2672 Demetrius
1398 2611 1464 2672 evi·

198 2719 285 2781 denti
310 2719 497 2780 testimonio
529 2719 706 2800 proborum
730 2731 761 2779 et
794 2715 1031 2798 fidedignorum
1065 2717 1206 2778 virorum
1238 2737 1345 2780 coram
1371 2717 1465 2780 nobis

198 2826 423 2908 comprobavit
447 2840 478 2886 et
495 2825 745 2901 demonstravit;
770 2824 967 2906 quequidenr
985 2823 1076 2886 litere
1101 2839 1172 2906 post
1195 2825 1319 2888 obitum
1337 2843 1464 2886 eorum·

111 2977 113 2982 -
197 2931 270 2993 dem
297 2931 453 3014 Stephani
479 2945 509 2993 et
534 2931 720 3009 Katherine,
745 2929 843 3012 patris
868 2943 899 2992 et
922 2931 1032 2992 matris
1052 2930 1197 2992 eiusdem
1222 2931 1390 3008 Demetrii,
1414 2949 1463 2992 ca·

196 3039 330 3101 sualiter
354 3037 470 3100 amisse
495 3036 599 3099 forent
623 3051 654 3099 et
678 3036 855 3120 deperdite,
880 3056 959 3118 quas
984 3037 1050 3118 ipse
1075 3036 1258 3099 Demetrius
1282 3038 1322 3098 ad
1346 3037 1463 3098 trinam

197 3144 358 3207 forensem
385 3158 525 3205 nostram
551 3143 712 3225 publicam
738 3143 1029 3225 proclamacionem
1049 3144 1115 3226 ipse
1140 3143 1323 3205 Demetrius
1347 3143 1463 3205 nullibi

197 3252 343 3314 invenire
368 3251 483 3332 potuit,
509 3250 647 3330 ideoque
681 3269 738 3310 nos
772 3249 908 3311 eandem
941 3251 1066 3312 vineam
1093 3269 1166 3312 cum
1191 3250 1343 3333 predictis
1373 3249 1465 3311 terris

197 3360 302 3422 eidem
329 3358 495 3420 Demetrio
520 3372 551 3418 et
574 3377 631 3438 per
655 3376 729 3418 eum
753 3357 818 3418 suis
835 3356 1008 3418 heredibus
1025 3356 1092 3438 jure
1117 3358 1177 3418 sibi
1203 3358 1408 3420 incumbente
1426 3375 1463 3416 ex

196 3465 360 3548 premissis
391 3464 560 3526 statuimus
593 3463 661 3544 jure
693 3477 848 3545 perpetuo
881 3477 911 3525 et
943 3463 1195 3525 irrevocabiliter
1227 3462 1400 3526 tenendam
1433 3475 1463 3524 et

196 3571 507 3655 quomodocumque
546 3571 683 3633 voluerit
724 3569 809 3651 juxta
846 3569 1071 3632 condicionem
1113 3571 1250 3633 civitatis
1293 3583 1460 3653 prenotate

197 3679 445 3764 disponendam.

303 3787 382 3849 ltem
408 3784 590 3868 Stephanus
603 3783 743 3846 carnifex
761 3785 870 3866 Zaylro
895 3783 1011 3861 dictus,
1030 3783 1061 3845 in
1079 3797 1194 3864 quarto
1211 3782 1331 3862 judicio
1349 3795 1460 3844 contra

197 3893 301 3975 ipsum
326 3891 571 3973 querulantibus
603 3891 789 3952 concivibus
814 3890 929 3950 nostris
963 3909 1069 3951 coram
1104 3890 1197 3951 nobis
1229 3889 1408 3971 comparuit
1432 3903 1463 3951 et

196 4000 293 4081 peciit
317 3999 503 4076 terminum,
527 3998 577 4060 cui
611 3997 704 4059 datus
736 4011 782 4058 est
813 3997 969 4058 terminus
993 4015 1101 4058 coram
1135 3996 1229 4058 nobis
1253 3995 1461 4078 comparendi

197 4105 264 4167 dies
288 4105 384 4188 primi
408 4104 529 4186 judicii.

302 4211 380 4273 ltem
406 4211 563 4273 Martinus
591 4209 721 4294 Banych
753 4210 866 4288 dictus,
898 4223 997 4288 sutor,
1023 4210 1165 4272 concivis
1198 4223 1317 4288 noster,
1350 4222 1461 4270 contra

197 4316 389 4379 Michaelem
414 4331 555 4378 sutorem
592 4317 738 4377 similiter
770 4317 937 4378 concivem
970 4330 1114 4378 nostrum
1141 4316 1172 4377 in
1206 4315 1310 4398 primo
1342 4313 1461 4396 judicio

195 4442 304 4485 coram
329 4423 423 4485 nobis
446 4421 553 4485 eidem
578 4421 698 4504 judicio
723 4435 824 4484 astare
849 4437 879 4484 et
904 4423 1096 4506 respondere
1122 4423 1290 4486 tenebitur.

303 4529 382 4592 ltem
407 4530 574 4591 Emericus
590 4541 679 4591 sutor
704 4529 786 4610 Sega
804 4529 917 4607 dictus,
935 4530 1076 4590 concivis
1101 4543 1217 4607 noster,
1236 4529 1266 4590 id
1285 4547 1357 4589 cum
1375 4526 1461 4588 sulfi-

196 4636 293 4699 cienti
318 4651 350 4699 et
373 4635 514 4698 evidenti
539 4635 725 4699 testimonio
758 4649 917 4698 certorum
943 4649 973 4696 et
1007 4637 1182 4716 proborum
1208 4635 1350 4695 virorum
1375 4633 1461 4696 testi-

197 4743 309 4805 monio
334 4762 444 4805 coram
468 4743 562 4805 nobis
587 4743 819 4826 comprobavit,
845 4742 933 4823 quod
952 4743 1019 4825 ipse
1043 4743 1215 4823 quemdam
1242 4739 1378 4802 fundum
1403 4761 1459 4802 seu

197 4849 290 4911 civile
318 4851 349 4912 in
374 4850 446 4912 vico
471 4850 618 4912 exteriori
643 4867 699 4910 seu
723 4849 827 4930 platea
860 4861 1004 4909 sutorum
1029 4869 1045 4909 a
1071 4847 1207 4909 condam
1232 4847 1368 4930 provido
1393 4847 1462 4908 viro

201 4955 356 5019 Michaele
380 4969 488 5017 sutore
520 4975 578 5038 pro
602 4955 679 5016 suis·
699 4955 860 5036 peccuniis
893 4955 1030 5032 emisset,
1063 4974 1158 5034 super
1190 4973 1254 5034 quo
1279 4950 1380 5014 fundo
1406 4973 1462 5014 seu

202 5061 286 5124 civili
312 5063 380 5145 ipse
405 5062 571 5124 Emericus
596 5073 685 5123 sutor
702 5061 783 5142 Sega
812 5061 915 5123 dictus
932 5075 1061 5144 propter
1080 5059 1360 5122 distrabiacionem
1379 5059 1462 5119 dicte
