3738 5786
791 547 877 603 Anno
901 557 988 622 1457.
1015 579 1055 587 -
1079 556 1107 620 7.
1123 545 1279 619 januarii.

505 757 583 818 Item
609 757 684 838 quia
710 756 856 818 Thomas
873 755 962 817 faber
985 755 1070 816 lilius
1095 753 1226 837 Gyliani
1244 754 1284 816 de
1310 755 1492 816 Kramburlt
1518 755 1549 815 in
1575 753 1662 816 furtu

401 863 570 926 manifesto
588 865 778 925 babatorum
804 876 834 924 et
850 883 918 924 sere
943 883 979 924 ac
997 862 1132 923 aliarum
1152 881 1257 922 rerum
1276 873 1442 943 reppertus
1466 873 1513 923 est
1529 879 1547 922 a
1564 872 1662 937 certo,

400 972 539 1052 ideoque
563 971 667 1052 ipsum
694 970 913 1032 misericordia
939 969 990 1030 dei
1013 980 1044 1029 et
1060 967 1276 1049 peticionibus
1299 983 1460 1029 certorum
1486 968 1662 1050 proborum

398 1078 542 1138 virorum
566 1077 657 1155 moti,
675 1075 781 1137 eidem
797 1075 926 1137 Thome
945 1073 1036 1135 labro
1053 1073 1149 1134 talem
1165 1072 1300 1134 fecimus
1316 1074 1455 1155 graciam
1473 1087 1509 1135 ut
1525 1074 1664 1135 eundem

398 1203 456 1266 pro
481 1183 583 1264 prima
608 1181 812 1243 correccione
836 1181 971 1264 turpiter
996 1179 1119 1241 baculis
1142 1180 1247 1241 taliter
1282 1180 1442 1262 expellere
1466 1178 1600 1242 fecimus
1625 1179 1666 1241 de

398 1289 525 1351 civitate
551 1301 582 1350 et
607 1289 675 1350 eius
699 1287 872 1366 territorio,
898 1301 932 1348 ut
966 1287 1032 1370 ipse
1058 1285 1205 1347 Thomas
1229 1285 1318 1348 faber
1343 1286 1384 1346 ad
1408 1286 1568 1348 civitatem
1594 1305 1665 1368 pre-

398 1396 516 1457 dictam
542 1407 573 1456 et
597 1395 666 1456 eius
690 1395 887 1456 territorium
913 1394 952 1455 de
977 1407 1083 1455 cetero
1106 1412 1273 1474 nunquam
1298 1394 1415 1455 intrare
1440 1393 1566 1466 debeat,
1590 1393 1666 1454 licet

399 1503 466 1584 ipse
499 1501 646 1563 Thomas
678 1499 766 1562 faber
790 1521 848 1584 pro
881 1501 950 1583 ipso
983 1519 1042 1560 suo
1075 1498 1160 1560 furtu
1192 1501 1345 1582 suspendi
1377 1499 1557 1576 debuisset;
1588 1499 1659 1580 qui·

400 1607 532 1690 quidem
551 1606 697 1668 Thomas
721 1605 809 1668 faber
834 1607 859 1668 si
877 1607 1011 1668 ulterius
1028 1605 1059 1666 in
1077 1605 1205 1667 civitate
1230 1621 1261 1668 et
1285 1608 1353 1668 eius
1370 1606 1530 1668 territorio
1560 1605 1661 1687 ipsam

399 1713 548 1776 intrando
572 1727 738 1795 reppertus
762 1711 867 1792 fuerit,
893 1733 967 1775 mox
991 1712 1077 1795 juxta
1101 1732 1157 1772 sua
1190 1713 1344 1775 demerita
1371 1733 1488 1796 penam
1513 1711 1664 1794 supplicii

401 1841 498 1904 quarn
524 1821 720 1882 demeruerit
744 1832 967 1902 consequetur.

468 2039 564 2114 Faria
592 2048 690 2114 sexta
719 2045 873 2131 proxima
901 2051 978 2132 post
1006 2043 1129 2114 festum
1158 2043 1422 2132 Epiphaniarum
1450 2042 1590 2112 Domini.

803 2192 848 2273 (7.
865 2197 1017 2272 januarii,
1040 2215 1109 2256 ann.
1136 2193 1244 2274 1457).

507 2335 585 2396 ltem
599 2355 726 2396 causam
745 2336 827 2396 inter
841 2336 1031 2397 Michaelem
1046 2337 1218 2414 literatum,
1232 2336 1382 2416 juratum,
1398 2349 1429 2398 et
1445 2336 1527 2396 inter
1541 2335 1663 2397 Lucam

400 2454 552 2518 sutorem,
584 2441 734 2522 juratum,
759 2461 866 2503 coram
900 2441 1010 2522 juratis
1040 2457 1173 2519 motam,
1198 2442 1237 2502 ad
1271 2443 1440 2504 instantem
1468 2441 1662 2523 peticionem

400 2549 575 2630 proborum
600 2548 742 2609 vitorum
767 2568 825 2630 pro
854 2569 931 2630 pace
963 2547 1068 2609 fienda
1093 2549 1132 2610 ad
1165 2547 1305 2631 primurn
1331 2547 1485 2628 judicium
1512 2547 1661 2610 duximus

399 2654 647 2737 prorogandam.

505 2760 584 2822 ltem
597 2759 690 2840 jurati
705 2759 971 2839 adjudicaverunt
984 2781 1111 2822 causam
1125 2761 1205 2822 inter
1219 2761 1354 2822 Elenam
1368 2761 1511 2822 relictam
1524 2761 1662 2821 condam

399 2865 492 2927 Pauli
517 2865 708 2948 Kerpanych
735 2879 765 2928 et
783 2866 865 2927 inter
883 2865 1078 2948 Gregorium
1096 2865 1293 2948 lutifigulum
1311 2866 1465 2945 habitam,
1482 2867 1537 2927 tali
1553 2865 1662 2943 modo,

399 2985 434 3034 ut
458 2971 533 3053 quia
558 2972 625 3053 ipse
651 2970 827 3052 Gregorius
852 2970 1029 3054 lutifigulus
1053 2973 1228 3054 predictam
1261 2973 1394 3034 Elenam
1420 2972 1556 3053 turpiter
1580 2973 1662 3032 vitu·

400 3079 524 3160 peravit
548 3078 658 3139 dicens
682 3097 752 3139 earn
778 3079 944 3160 antiquam
977 3080 1133 3140 camelam
1166 3099 1245 3158 esse,
1270 3079 1345 3141 ideo
1377 3079 1530 3140 remansit
1554 3093 1664 3140 contra

400 3203 469 3246 earn
495 3185 526 3245 in
540 3185 579 3246 X.
599 3185 704 3265 pensis
721 3183 939 3264 denariorum,
952 3198 1061 3246 contra
1088 3186 1207 3264 juratos
1221 3186 1253 3246 in
1271 3185 1308 3247 V.
1326 3185 1432 3267 pensis
1447 3185 1664 3246 denariorum.

506 3309 582 3370 ltem
602 3308 694 3390 jurati
713 3308 978 3390 adjudicaverunt
991 3329 1119 3371 causam
1135 3309 1333 3390 Margarerhe
1349 3323 1380 3371 et
1392 3309 1557 3371 Dorothee
1575 3307 1664 3390 puel-

399 3415 503 3476 larum
528 3434 584 3496 per
609 3415 745 3476 Paulum
769 3429 979 3477 mercatorem
997 3416 1211 3494 detentarum,
1233 3416 1288 3478 tali
1311 3415 1421 3494 modo,
1446 3429 1481 3477 ut
1504 3417 1581 3496 quia
1599 3415 1664 3497 ipse

399 3521 506 3602 puelle
532 3540 588 3602 per
613 3521 717 3602 ipsum
736 3521 871 3581 Paulum
889 3519 1019 3582 fuerunt
1043 3523 1180 3600 detente,
1206 3523 1279 3584 ideo
1297 3523 1410 3583 eedem
1436 3521 1543 3603 puelle
1569 3539 1663 3581 exeo

399 3627 473 3708 quia
498 3641 571 3687 sunt
596 3626 723 3688 detente
748 3641 779 3688 et
804 3628 1006 3706 incarcerate,
1031 3643 1104 3689 sunt
1128 3648 1186 3710 pro
1217 3649 1302 3690 nunc
1327 3648 1385 3710 pro
1410 3630 1512 3712 prima
1538 3647 1661 3689 correc-

399 3734 492 3794 cione
517 3753 602 3794 nunc
626 3734 724 3794 libere
750 3753 850 3795 exeo
875 3735 950 3815 quia
974 3750 1048 3796 sunt
1071 3736 1194 3816 punite,
1222 3735 1278 3796 tali
1302 3749 1411 3796 tamen
1436 3733 1547 3812 modo,
1572 3733 1659 3814 quod

400 3840 466 3920 ipse
484 3839 523 3899 de
541 3852 647 3901 cetero
664 3859 697 3901 se
722 3842 761 3900 ab
786 3839 971 3901 huiusmodi
990 3842 1219 3902 nuncciacione
1245 3855 1276 3902 et
1292 3842 1427 3903 servicio
1454 3841 1538 3902 malo
1563 3841 1657 3902 absti-

398 3960 505 4025 neant,
528 3966 591 4027 que
608 3947 632 4006 si
656 3945 695 4007 de
713 3960 817 4006 cetero
842 3967 874 4006 se
899 3967 915 4007 a
940 3948 994 4008 tali
1019 3949 1106 4009 malo
1131 3949 1266 4010 servicio
1291 3962 1322 4010 et
1338 3947 1569 4011 nuncciacione
1596 3967 1658 4008 nou

399 4053 604 4115 abstinebunt
637 4067 667 4116 et
700 4074 766 4115 non
799 4057 1025 4136 precavebunt,
1058 4068 1173 4116 extunc
1205 4055 1290 4136 juxta
1323 4068 1472 4119 contenta
1497 4053 1657 4137 privilegii

398 4161 572 4242 punientur
596 4161 665 4241 ipso
683 4160 776 4223 facto
802 4199 845 4208 -
869 4163 908 4223 Et
925 4163 1000 4244 quia
1019 4163 1165 4224 Thomas
1182 4163 1286 4224 dictus
1303 4163 1449 4241 Cheden,
1474 4175 1662 4244 procurator

398 4268 498 4348 ipsius
522 4267 613 4328 Pauli
639 4269 834 4347 mercatoris,
860 4271 961 4350 ipsam
979 4289 1075 4330 unam
1097 4270 1240 4352 puellam
1266 4271 1298 4330 in
1317 4269 1458 4351 pretorio
1483 4267 1662 4329 communi·

397 4374 471 4434 tatis
495 4393 601 4434 coram
626 4373 731 4454 judice
756 4388 787 4436 et
803 4375 913 4456 juratis
937 4376 1140 4457 vituperavit,
1166 4376 1268 4458 ipsam
1286 4375 1442 4438 camelam
1467 4373 1662 4456 appellando

358 4491 362 4498 ·
399 4493 429 4539 et
453 4477 632 4556 tullianam,
658 4480 745 4562 quod
771 4483 980 4562 comprobare
1007 4501 1071 4542 non
1105 4483 1211 4564 potuit
1236 4501 1321 4544 nunc
1345 4501 1404 4543 nec
1429 4479 1661 4562 comprobavit,

399 4585 472 4646 ideo
498 4599 607 4646 contra
631 4586 732 4667 ipsam
763 4587 905 4668 puellam
930 4588 1082 4649 remansit
1113 4588 1146 4648 in
1178 4589 1238 4650 XX
1263 4589 1370 4670 pensis
1402 4587 1609 4648 denariorum
1633 4599 1663 4648 et

399 4693 542 4773 quinque
567 4693 673 4772 pensis
698 4693 902 4754 denariorum
936 4708 1044 4755 contra
1077 4695 1217 4772 judicem
1242 4709 1273 4757 et
1297 4694 1435 4774 iuratos3
1461 4694 1500 4755 de
1526 4713 1592 4775 quo
1617 4692 1661 4772 ju-

399 4799 484 4858 dicio
510 4799 652 4880 ipsorum
671 4799 846 4876 juratorum
866 4802 930 4882 ipse
956 4801 1102 4862 Thomas
1127 4801 1248 4881 juratus
1265 4821 1330 4862 non
1349 4814 1528 4876 contentus,
1554 4799 1660 4880 appel-

400 4905 476 4965 lavit
501 4905 603 4986 ipsam
629 4925 755 4966 causam
789 4907 820 4967 in
850 4908 1046 4987 presenciam
1079 4908 1244 4969 seniorum
1277 4907 1421 4988 judicum
1447 4926 1504 4990 pro
1536 4905 1660 4968 meliori

400 5011 499 5092 ipsius
523 5030 616 5071 cause
642 5011 924 5074 deternrinacione.
