3644 5788
555 549 756 630 Ann014t23’.
783 587 823 598 —
847 567 898 614 22.
922 552 1038 628 aprilis.

174 764 295 844 dequo
320 763 441 842 judicio
467 765 533 846 ipse
559 764 721 825 Barnabas
745 785 809 826 non
828 779 999 827 contentus
1023 765 1198 848 appellavit
1222 767 1261 826 ad
1286 767 1428 828 seniores

173 870 296 950 judices.

349 1069 445 1144 Feria
473 1076 580 1146 tercia
610 1078 765 1164 proxima
789 1084 865 1164 post
893 1075 1062 1148 Benedicti
1093 1077 1236 1148 abbatis.

688 1227 754 1308 (22.
778 1231 902 1304 anartii).

269 1368 347 1430 item
372 1369 518 1430 Thomas
541 1383 653 1446 sartor,
677 1372 784 1432 senior
801 1371 932 1452 juratus,
957 1387 1065 1433 contra
1093 1371 1258 1433 Simonem
1284 1385 1425 1432 sutorem

172 1474 355 1535 secundario
380 1477 493 1537 citatus
518 1475 549 1536 in
574 1476 695 1556 jndicio
720 1497 826 1538 coram
853 1478 946 1538 nobis
972 1497 1036 1538 non
1061 1479 1252 1560 comparuit.

572 1717 717 1787 Sabbata
745 1725 823 1805 post
851 1716 1014 1803 Gregorii.

688 1871 751 1945 (19.
775 1869 900 1948 martit).

270 2010 347 2072 Item
372 2030 499 2072 causam
526 2011 606 2072 inter
631 2009 832 2072 Anthonium
858 2011 1016 2093 Chaykyn
1042 2011 1162 2071 dictum
1188 2023 1218 2070 et
1243 2010 1357 2071 Beriek
1374 2029 1425 2070 so-

171 2117 285 2177 rorium
310 2117 434 2178 domini
451 2119 625 2196 Ambrosii,
650 2119 815 2179 concivem
834 2135 989 2196 nostrum,
1007 2137 1063 2200 per
1087 2116 1225 2178 eundem
1250 2117 1365 2177 Berlek
1383 2116 1423 2176 ad

170 2223 306 2284 seniores
331 2223 452 2304 judices
475 2225 670 2306 appellatam
696 2240 726 2286 et
750 2244 806 2306 per
830 2224 950 2302 juratos
979 2224 1084 2285 eidem
1110 2223 1275 2285 Anthonio
1300 2223 1425 2302 adjudi-

171 2343 280 2408 catam,
304 2331 446 2392 seniores
483 2330 605 2411 judices
634 2332 726 2392 sicuti
755 2331 847 2412 jurati
880 2331 1141 2412 adjudicaverant
1172 2332 1364 2392 roborarunt
1395 2344 1426 2392 et

169 2435 404 2514 confirmarunt,
429 2437 527 2498 etsie
561 2437 627 2518 ipse
660 2437 774 2498 Berlek
804 2451 849 2498 est
881 2439 1046 2499 convictus
1071 2450 1179 2498 contra
1212 2437 1353 2498 seniores
1376 2436 1424 2516 ju·

168 2540 250 2601 dices
273 2542 303 2602 in
328 2563 382 2603 sex
407 2543 513 2624 pensis
548 2542 752 2604 denariorum
786 2557 817 2604 et
850 2557 959 2605 contra
992 2543 1112 2624 juratos
1137 2543 1168 2603 in
1194 2543 1295 2603 tribus
1319 2543 1425 2624 pensis

168 2646 379 2712 denariorum.

268 2773 342 2834 Item
375 2777 449 2855 quia
474 2775 648 2858 Dyonisius
678 2775 769 2836 aliter
793 2776 886 2836 Janse
905 2775 1017 2852 dictus,
1042 2774 1125 2835 filius
1153 2774 1317 2836 Benedicti
1345 2775 1420 2837 dicti

169 2879 316 2962 Kosarya,
350 2881 388 2940 de
420 2881 497 2942 villa
529 2883 758 2964 Byskvvpowcz
790 2901 889 2962 prope
921 2881 1163 2958 Warasdinum‚
1196 2881 1227 2940 in
1253 2879 1423 2942 manifesto

167 2982 247 3046 furtu
272 2988 486 3068 quorumdam
505 3003 643 3068 quatuor
668 2991 766 3049 boum
784 3001 814 3048 et
837 2988 931 3048 unius
949 3007 1059 3048 currus
1085 3000 1115 3048 et
1140 3002 1296 3048 certarum
1316 3007 1423 3048 rerum

167 3107 303 3173 repertus
334 3109 421 3155 esta
454 3109 551 3172 certo,
577 3108 673 3176 prout
706 3093 765 3155 hoc
799 3092 918 3155 sartum
951 3094 1087 3174 ipsemet
1119 3093 1224 3171 Janse,
1250 3093 1424 3176 Dyonisius

167 3197 274 3278 dictus,
298 3199 347 3261 fur
371 3201 498 3281 publice
524 3201 620 3261 hodie
644 3220 750 3261 coram
777 3199 893 3278 judice,
918 3198 1029 3279 juratis
1061 3213 1091 3259 et
1116 3199 1273 3260 universis
1298 3199 1424 3260 civibus

168 3325 200 3364 ac
224 3326 329 3368 coram
354 3320 419 3368 tota
445 3308 675 3368 communitate
700 3307 836 3368 civitatis
867 3319 1032 3386 prenotate
1058 3306 1088 3365 in
1114 3306 1255 3386 generali
1282 3319 1312 3367 et
1335 3326 1422 3368 com·

169 3412 253 3471 muni
278 3413 534 3494 congregacione
560 3433 670 3474 eorum
697 3413 728 3472 in
754 3412 873 3492 judicio
898 3426 944 3474 est
968 3410 1141 3488 confessus,
1167 3412 1304 3492 ideoque
1329 3411 1421 3492 jurati

168 3517 297 3579 civitatis
321 3533 486 3600 prenotate
512 3520 615 3601 ipsum
633 3519 835 3601 Dyonisium¹
862 3519 955 3579 Janse
977 3519 1108 3596 dictum,
1133 3516 1246 3596 furem,
1263 3517 1421 3600 supplicio

167 3637 195 3682 et
217 3644 296 3705 pene
320 3626 455 3707 patibuli
482 3626 691 3687 decreverunt
708 3639 738 3686 et
755 3624 1019 3705 adjudicaverunt
1044 3623 1112 3685 iore
1130 3625 1421 3706 condempnatum

167 3730 217 3808 qui
242 3730 335 3792 hodie
360 3731 446 3812 juxta
471 3752 525 3793 sua
560 3731 713 3792 demerita
747 3731 889 3813 predicta
915 3743 960 3792 est
986 3731 1016 3790 in
1050 3731 1196 3811 patibulo
1229 3731 1312 3792 dicte
1346 3731 1421 3792 civi-

166 3836 233 3897 tatis
255 3858 435 3920 suspensus.
469 3838 533 3912 Qui
560 3839 744 3920 Dyonisius,
777 3838 870 3900 Janse
903 3839 1017 3917 dictus,
1041 3838 1100 3898 sibi
1134 3839 1258 3899 socium
1284 3839 1315 3898 in
1350 3838 1420 3919 ipso

166 3939 246 4004 furtu
270 3945 441 4025 quemdam
467 3944 665 4026 Stephanum
695 3945 905 4026 presbiterum
932 3942 1100 4026 Glaynych
1130 3944 1251 4004 dictum
1275 3943 1314 4004 de
1339 3943 1419 4004 Wa-

166 4049 287 4112 rasdino
312 4049 411 4113 fassus
436 4065 492 4130 est,
517 4051 572 4132 qui
597 4052 706 4112 omnia
730 4049 890 4112 surticinia
915 4070 987 4111 cum
1014 4051 1083 4130 ipso
1108 4049 1312 4131 perpetravit.

224 4287 315 4362 Faria
343 4299 441 4362 sexta
470 4293 625 4379 proxima
652 4298 730 4362 ante
764 4291 885 4361 iestttm
913 4288 1003 4360 beati
1032 4287 1162 4376 Georgii
1191 4286 1355 4360 martiris.

679 4445 743 4517 (22.
768 4445 895 4518 aprilis).

265 4582 339 4644 item
372 4583 534 4646 iohannes
559 4581 872 4666 Wenthycheychyn
906 4595 1008 4644 sartor
1039 4596 1148 4644 contra
1174 4582 1339 4643 Vrbanam
1364 4601 1418 4662 ge·

166 4706 271 4749 nerum
294 4709 387 4751 suum
413 4689 444 4750 in
470 4689 574 4770 primo
606 4689 727 4770 judicio
753 4691 848 4751 debet
880 4709 1065 4771 comparere
1090 4703 1122 4751 et
1154 4688 1288 4768 objectis
1311 4687 1417 4748 eidem

165 4795 362 4875 respondere.

263 4919 336 4982 item
362 4920 458 5003 Elyas
483 4918 569 4982 fusor
594 4939 832 5002 campanarum,
866 4919 1007 4980 concivis
1032 4932 1148 4994 noster,
1174 4917 1278 5000 primo
1303 4917 1417 4978 citatus

164 5038 267 5086 contra
292 5025 490 5105 Gurkonem‚
516 5027 592 5110 (non
617 5027 822 5110 comparuit).
