3738 5786
610 601 811 678 Anno1454.
837 634 877 644 —
901 615 953 661 20.
977 601 1137 662 decembris.

241 703 582 713 ——q—--u—
595 707 677 712 —
688 708 732 713 -—
942 709 1084 716 --.-..
1092 711 1214 717 —-—--
1249 713 1332 720 —....

1220 712 1244 718 ⁴·
1334 715 1505 723 -—-—

343 809 423 872 ltem
457 810 633 894 Gregorius
664 811 844 893 lutifigulus
868 813 977 896 Zayko
1009 815 1112 877 dictus
1144 829 1252 878 contra
1279 817 1442 900 Mathyam
1467 820 1505 880 de

239 915 320 996 Vgra
344 917 453 998 primo
478 917 591 979 citatus
615 937 681 980 non
706 919 896 1001 comparuit.

343 1022 422 1085 ltem
448 1043 506 1106 pro
531 1024 647 1086 debitis
672 1025 817 1107 quinque
834 1026 1027 1088 cubulorum
1049 1029 1167 1110 quibus
1192 1031 1329 1092 condam
1357 1032 1503 1116 Mathyas

237 1128 340 1192 dictus
357 1130 583 1214 Skrobothych
607 1130 647 1194 de
664 1133 758 1194 vinea
782 1153 850 1212 sua,
867 1153 996 1215 quama
1015 1134 1144 1218 Mathya
1162 1135 1265 1216 jurato
1284 1138 1504 1222 Kerzowaych

237 1235 322 1298 dicto
347 1253 599 1321 comparaverat,
616 1237 656 1299 ad
674 1239 885 1301 kolendinum
908 1240 1078 1304 Slavorum
1096 1241 1221 1304 solvere
1238 1245 1418 1323 tenebatur,
1437 1265 1502 1307 non

235 1342 331 1404 solvit
355 1363 415 1405 nec
438 1345 563 1406 solvere
588 1343 701 1422 voluit,
725 1364 820 1427 super
843 1346 956 1407 eadem
982 1347 1074 1408 vinea
1100 1365 1157 1429 pto
1182 1347 1375 1412 vendicione
1405 1349 1505 1432 ipsius

235 1449 373 1530 primam
398 1449 495 1512 hodie
520 1449 594 1513 lecit
618 1449 684 1512 fieri
709 1451 1014 1532 proclamacionem.

341 1557 422 1619 ltem
446 1558 522 1638 quia
548 1558 735 1619 Franciscus
758 1571 847 1620 sutor
871 1559 1064 1640 vituperavit
1088 1578 1220 1620 uxorem
1247 1559 1505 1640 Thomejurati,

235 1662 309 1724 ideo
334 1677 446 1724 contra
472 1665 573 1747 ipsam
599 1663 751 1725 remansit
773 1664 805 1726 in
830 1665 941 1727 decem
968 1665 1074 1746 pensis
1098 1665 1315 1728 denariorum.

342 1769 420 1831 ltem
455 1771 530 1851 quia
563 1771 688 1832 Vlricus
718 1771 935 1852 carpentarius
969 1771 1103 1832 Elenam
1136 1771 1318 1856 Kusyczam
1342 1785 1372 1834 et
1404 1769 1503 1836 liliam

235 1897 327 1938 suam
353 1878 490 1940 Suskam
524 1897 630 1940 coram
666 1880 794 1942 Thoma
829 1879 932 1960 jurato
964 1879 1157 1960 vituperavit
1188 1893 1219 1942 et
1242 1880 1406 1962 percussit,
1431 1880 1505 1942 ideo

234 1986 390 2046 remansit
415 1987 447 2046 in
473 1986 529 2047 llll
554 1987 661 2068 pensis
684 1987 891 2049 denariorum
917 1999 1026 2046 contra
1051 1985 1230 2066 quamlibet
1255 2005 1375 2048 earum.

341 2091 420 2152 ltem
446 2091 538 2172 jurati
564 2092 829 2173 adjudicaverunt
852 2111 981 2152 causam
1000 2092 1081 2152 inter
1106 2091 1269 2174 Mathyam
1295 2091 1334 2152 de
1360 2092 1445 2173 Vgra
1471 2107 1502 2155 et

234 2197 318 2258 inter
343 2196 539 2279 Gregorium
563 2197 772 2282 lutifigulum,
796 2198 899 2260 filium
923 2217 1028 2273 suum,
1053 2197 1206 2277 habitam,
1230 2198 1275 2260 cic
1299 2197 1503 2280 adjudicave-

232 2319 318 2380 runt,
344 2319 378 2365 ut
403 2304 443 2366 de
474 2306 542 2388 ipso
575 2306 665 2370 milio
697 2305 840 2388 litigioso
872 2305 940 2387 ipse
964 2303 1112 2386 Mathyas
1135 2304 1200 2366 duo
1233 2303 1390 2386 quartalia
1423 2304 1503 2366 milii

232 2409 350 2472 debeat
374 2411 520 2493 excipere
545 2431 602 2493 pro
621 2411 736 2492 sangis,
762 2425 793 2473 et
815 2411 980 2474 residuum
997 2425 1102 2472 totum
1127 2411 1253 2473 milium
1278 2429 1334 2492 per
1358 2409 1502 2472 medium

231 2516 400 2592 dividan13
432 2518 472 2578 de
504 2537 569 2598 quo
598 2517 719 2600 judicio
752 2519 818 2600 ipse
852 2517 999 2600 Mathyas
1031 2535 1095 2578 non
1129 2529 1297 2578 contentus
1328 2515 1504 2598 appellavit

231 2624 370 2684 eandem
397 2643 525 2686 causam
550 2624 590 2685 ad
614 2625 757 2686 seniores
782 2623 904 2701 judices
928 2643 984 2706 per
1007 2643 1062 2686 eos
1086 2621 1337 2704 dijudicandam.

340 2730 419 2792 ltem
445 2731 520 2792 licet
544 2731 625 2792 inter
649 2729 808 2812 prelatum
842 2729 1022 2792 iohannem
1054 2729 1194 2809 judicem
1227 2728 1329 2792 filium
1362 2731 1500 2792 condam

232 2838 314 2898 Pero
339 2837 447 2918 jurati,
471 2839 510 2899 ab
536 2857 599 2898 una
617 2851 717 2920 parte,
742 2838 782 2898 ab
807 2837 905 2898 altera
922 2855 999 2898 vero
1016 2849 1104 2917 parte
1128 2835 1211 2898 inter
1236 2837 1409 2898 Martinum
1434 2857 1497 2899 sar·

231 2957 335 3006 torem
371 2943 474 3005 filium
509 2944 619 3022 Marci,
653 2945 781 3006 racione
814 2942 1024 3025 plurimarum
1060 2942 1269 3024 pecuniarum
1294 2963 1330 3005 ac
1362 2944 1496 3005 aliarum

230 3069 337 3111 rerum
364 3050 553 3112 earumdem
579 3049 721 3132 parcium
748 3069 783 3111 ac
808 3049 908 3112 eciam
934 3049 1062 3111 racione
1091 3049 1300 3110 serviciorum
1325 3063 1355 3111 et
1379 3050 1498 3112 viatio-

231 3176 310 3218 num
336 3157 438 3238 ipsius
463 3157 591 3218 Martini
616 3157 746 3219 sartoris
774 3157 856 3217 inter
888 3155 1017 3218 easdem
1043 3167 1147 3237 partes
1180 3155 1245 3218 litis
1269 3169 1300 3218 et
1323 3157 1501 3237 questionis

230 3283 267 3324 ac
300 3263 574 3325 controversionis
605 3263 737 3324 materia
762 3281 869 3324 coram
903 3262 996 3323 nobis
1029 3275 1115 3322 mota
1148 3260 1243 3324 luerit
1275 3276 1305 3324 et
1330 3277 1438 3324 exorta
1464 3282 1499 3324 ac

231 3368 436 3450 aliquamdiu
462 3370 600 3430 extiterit
631 3369 795 3447 ventilata,
827 3387 862 3430 ac
886 3381 994 3428 tamen
1028 3367 1095 3448 ipse
1120 3380 1224 3449 partes
1248 3387 1305 3450 per
1338 3370 1498 3451 composi·

232 3476 360 3537 cionem
386 3489 417 3536 et
449 3475 692 3538 ordinacionem
724 3475 938 3557 plurimorum
972 3474 1147 3554 proborum
1180 3473 1333 3553 virorum,
1366 3476 1499 3538 idoneo-

231 3601 369 3663 rumque
395 3595 426 3643 et
450 3581 659 3642 honestorum
683 3582 825 3642 virorum
856 3579 895 3641 ad
921 3579 1017 3640 talem
1043 3579 1130 3661 pacis
1154 3593 1184 3640 et
1208 3580 1379 3642 concordie
1404 3581 1499 3644 deve·

232 3703 348 3750 nerunt
372 3689 540 3766 unionem,
564 3687 652 3769 quod
677 3687 805 3749 racione
839 3687 921 3748 inter
945 3687 1029 3768 ipsas
1061 3698 1166 3767 partes
1189 3705 1245 3768 per
1270 3687 1355 3769 ipsos
1378 3689 1498 3770 probos

232 3809 262 3857 et
286 3793 468 3876 fidedignos
492 3814 528 3856 ac
553 3793 704 3855 honestos
736 3794 821 3854 viros
857 3792 966 3854 debito
999 3806 1030 3853 et
1053 3792 1137 3872 justo
1162 3793 1260 3854 modo
1286 3791 1378 3872 facta,
1402 3813 1498 3876 supra

232 3919 345 3963 omnes
369 3902 523 3984 pecunias
548 3913 578 3963 et
603 3921 651 3962 res
676 3919 755 3981 quas
780 3900 846 3981 ipse
872 3899 1028 3960 Martinus
1052 3913 1153 3960 sartor
1178 3913 1286 3960 contra
1312 3899 1417 3982 ipsum
1444 3901 1496 3962 lo-

232 4007 370 4069 hannem
402 4007 542 4088 judicem
575 4006 754 4090 propositas
785 4006 851 4088 ipse
885 4005 1040 4066 Martinus
1072 4002 1195 4086 prelato
1234 4005 1371 4068 iohanni
1396 4005 1495 4086 judici

232 4129 304 4175 octo
328 4113 397 4176 flor.
424 4114 492 4176 auri
518 4113 700 4195 persolvere
730 4111 852 4190 debuit,
885 4125 915 4174 et
939 4112 1015 4192 quia
1048 4111 1133 4172 idem
1160 4111 1315 4174 Martinus
1340 4113 1498 4194 predictos

231 4237 304 4282 octo
329 4220 399 4283 flor.
425 4221 485 4303 ipsi
510 4219 648 4282 lohanni
673 4217 771 4300 judici
797 4219 892 4301 plene
916 4217 1080 4301 persolvit,
1110 4217 1184 4279 ideo
1208 4219 1275 4300 ipse
1299 4233 1404 4300 partes
1428 4240 1496 4281 sese

231 4339 345 4388 mutuo
370 4345 478 4388 coram
504 4327 597 4387 nobis
620 4345 715 4407 super
747 4325 899 4387 omnibus
924 4323 1013 4386 factis
1038 4343 1151 4385 eorum
1183 4325 1311 4406 penitus
1335 4325 1497 4407 expeditas

230 4445 261 4493 et
285 4433 410 4514 quietas
435 4433 626 4494 dimiserunt
649 4446 680 4494 et
704 4431 915 4513 reliquerunt.

306 4653 402 4726 Feria
432 4663 530 4726 sexta
557 4657 711 4744 proxima
740 4659 819 4724 ante
848 4652 970 4724 festum
999 4657 1087 4726 beati
1117 4653 1242 4724 Thome
1271 4653 1428 4742 apostoli.

726 4813 790 4884 (20.
815 4807 991 4883 decembris).

335 4949 412 5010 ltem
439 4949 513 5031 quia
549 4948 709 5030 Georgius
737 4947 821 5010 filius
856 4947 982 5008 Martini
1008 4948 1047 5008 de
1073 4949 1196 5009 Novvak
1230 4947 1305 5007 villa
1331 4947 1375 5006 sic
1400 4948 1494 5024 dicta,

227 5074 329 5138 prope
357 5055 513 5116 Rakonolt
531 5054 649 5132 habita,
674 5054 753 5116 duas
770 5053 916 5114 camisias
939 5075 975 5116 ac
997 5055 1132 5115 securim
1158 5053 1336 5114 Clementis
1353 5054 1493 5131 agricole

1387 5159 1405 5219 6
