3738 5786
414 545 472 607 118
784 545 870 602 Anno
892 555 982 620 1457.
1006 575 1050 585 —
1074 555 1123 619 14.
1139 541 1289 617 januarii.

411 759 541 822 redibus
564 759 733 820 statuimus
758 771 788 820 et
812 755 1074 819 confirmavimus
1105 765 1261 836 perpetuo
1285 751 1513 835 possidendam
1539 767 1569 814 et
1593 771 1674 834 quo-

410 865 652 948 modocumque
669 864 831 927 voluerint
849 861 1083 946 disponendam
1101 859 1187 942 juxta
1205 858 1430 920 condicionem
1453 859 1588 922 civitatis
1604 877 1675 940 pre-

410 985 519 1035 notate
542 973 583 1034 ab
607 972 741 1053 antiquo
766 970 986 1053 approbatam.

517 1078 596 1140 Item
622 1076 793 1140 Conradus
817 1077 948 1138 Rawsar
971 1073 1057 1135 filius
1081 1071 1190 1150 Vlrici,
1219 1070 1315 1151 judex
1339 1071 1515 1134 modernus
1539 1071 1676 1134 civitatis

410 1184 564 1267 predicte,
596 1196 627 1246 et
654 1183 847 1246 Valentinus
877 1180 963 1243 filius
995 1178 1164 1242 Michaelis
1195 1177 1310 1260 judicis
1341 1198 1378 1240 ac
1409 1177 1565 1240 Martinus
1589 1177 1676 1239 filius

411 1290 543 1353 Thome
568 1303 599 1352 et
622 1290 777 1352 Nicolaus
802 1288 886 1350 lilius
910 1286 1065 1349 Demetrii
1083 1286 1226 1348 seniores
1250 1285 1372 1366 judices
1396 1285 1532 1347 civitatis
1554 1283 1677 1367 prefate

412 1411 443 1461 et
467 1397 652 1460 Anthonius
676 1397 821 1458 literatus
845 1393 929 1456 filius
946 1393 1084 1472 condam
1110 1391 1240 1455 Thome
1265 1392 1304 1452 de
1323 1391 1546 1476 Grabrownyk
1569 1391 1678 1454 senior

411 1503 532 1586 juratus
556 1503 692 1565 civitatis
717 1502 873 1580 eiusdem,
898 1521 933 1562 ac
959 1499 1097 1561 Michael
1121 1497 1207 1561 filius
1232 1499 1330 1561 Marci
1356 1498 1530 1560 modernus
1555 1497 1678 1576 juratus

413 1609 550 1671 civitatis
573 1609 721 1670 similiter
745 1608 890 1671 eiusdem
916 1619 947 1668 et
964 1606 1115 1687 magister
1132 1604 1279 1667 Matheua
1303 1605 1446 1666 notarius
1463 1603 1675 1665 consimiliter

413 1716 557 1778 eiusdem
583 1715 730 1793 civitatis,
755 1715 863 1776 arbitri
888 1733 944 1796 per
972 1713 1144 1774 discretum
1170 1711 1275 1772 virum
1307 1710 1477 1772 dominum
1502 1710 1674 1772 Nicolaum

412 1822 624 1907 presbiterum
641 1820 744 1883 filium
762 1820 890 1882 Thome
906 1819 947 1881 de
970 1817 1211 1900 Zoberothsyns
1228 1815 1421 1878 modernum
1433 1817 1609 1899 plebanum
1624 1835 1674 1878 ec·

414 1928 509 1990 clesie
534 1941 641 1990 nostre
666 1926 857 2009 parochialis
881 1925 964 1987 beati
984 1925 1082 1986 Marci
1108 1923 1313 2004 ewangeliste
1337 1936 1369 1984 et
1392 1941 1449 2005 per
1473 1923 1678 1985 Demetrium

414 2034 517 2096 filium
542 2034 680 2096 condam
704 2032 825 2096 Vrbani
843 2030 1036 2094 modernum
1061 2030 1198 2112 juratum
1228 2029 1364 2091 civitatis
1387 2027 1507 2111 prefate
1533 2030 1565 2090 in
1584 2048 1679 2090 causa

413 2139 543 2203 racione
567 2141 663 2202 tercie
695 2139 793 2222 partis
825 2137 992 2200 cuiusdam
1024 2136 1141 2198 domus
1173 2148 1295 2197 mutate
1325 2148 1356 2197 et
1388 2133 1479 2196 fundi
1505 2154 1541 2196 ac
1567 2133 1680 2197 hedifi-

412 2247 538 2308 ciorum
562 2247 662 2328 ipsius
686 2244 840 2308 Demetrii
866 2244 960 2326 jurati
988 2242 1184 2304 unanimiter
1218 2241 1321 2320 electi,
1345 2239 1506 2323 prefatum
1529 2240 1682 2302 videlicet

414 2352 585 2414 dominum
610 2352 782 2415 Nicolaum
800 2351 986 2433 plebanum,
1010 2349 1145 2432 predicti
1162 2361 1312 2430 quatuor,
1330 2348 1480 2410 videlicet
1497 2347 1681 2427 Conrsdus,

414 2459 615 2539 Valentinus,
641 2459 797 2521 Martinus
821 2470 852 2520 et
876 2456 1029 2518 Nicolaus
1053 2455 1175 2537 judices
1191 2454 1372 2537 specialiter
1396 2454 1489 2516 electa
1513 2473 1573 2536 pro
1591 2467 1681 2537 parte

413 2586 481 2645 sua,
519 2579 550 2628 et
573 2585 629 2648 per
652 2564 831 2647 predictum
857 2563 1057 2625 Demetrium
1090 2561 1228 2642 juratum
1253 2559 1367 2644 prelati
1399 2560 1584 2623 Anthonius
1608 2561 1679 2623 lite·

413 2684 500 2734 ratus
523 2685 555 2734 et
579 2671 717 2734 Michael
742 2669 872 2753 pellifex
897 2668 990 2750 jurati
1014 2689 1051 2730 ac
1083 2668 1235 2750 magister
1260 2667 1407 2729 Matheus
1431 2667 1576 2729 notarius
1601 2667 1680 2730 civi·

414 2779 487 2841 tatis
510 2777 690 2861 specialiter
714 2797 772 2859 pro
797 2789 885 2858 parte
909 2795 966 2837 sua
990 2775 1094 2854 electi,
1119 2793 1158 2836 eo
1183 2774 1282 2836 modo
1308 2774 1511 2836 concorditer
1536 2774 1680 2838 arbitrati

405 2898 488 2965 ¹sunt
512 2897 636 2966 recepta
662 2882 724 2945 fide
748 2885 788 2945 ab
806 2882 882 2965 ipsis
906 2881 1050 2964 partibus
1067 2901 1162 2963 super
1190 2901 1240 2960 eo,
1264 2895 1299 2942 ut
1324 2881 1484 2962 quidquid
1510 2881 1570 2962 ipsi
1596 2881 1681 2944 arhi-

414 2990 488 3052 trati
521 2990 715 3052 unanimiter
748 2987 866 3050 luerint
890 2989 921 3049 in
953 2988 1020 3070 ipsa
1052 2987 1264 3049 arbitratione
1294 2987 1453 3050 dictorum
1486 2988 1680 3050 arbitrorum

415 3098 483 3179 ipse
507 3111 613 3178 partes
636 3096 802 3178 persistere
819 3096 974 3157 deberent
997 3095 1056 3155 sub
1074 3112 1156 3175 pena
1186 3091 1397 3176 infrascripta,
1423 3107 1458 3156 ut
1481 3094 1557 3176 quia
1583 3095 1681 3176 privi-

415 3204 499 3286 legia
524 3203 764 3265 communitatis
796 3202 1008 3284 pluraquam
1041 3201 1185 3282 quinque
1218 3202 1278 3262 sub
1309 3201 1416 3282 sigillo
1440 3201 1682 3264 communitatis

415 3324 480 3372 tam
506 3329 565 3392 pro
589 3323 678 3390 parte
703 3308 964 3390 predecessorum
987 3307 1086 3389 ipsius
1111 3306 1265 3368 Demetrii
1284 3327 1382 3389 quarn
1407 3327 1465 3390 pro
1489 3321 1580 3390 parte
1598 3307 1682 3370 eius·

416 3416 490 3478 dem
514 3414 670 3477 Demetrii
695 3433 790 3496 super
814 3413 927 3475 eadem
951 3412 1047 3474 tercia
1073 3425 1160 3494 parte
1190 3413 1334 3474 eiusdem
1360 3413 1477 3474 domus
1501 3427 1626 3476 mutate
1651 3426 1683 3475 et

417 3521 509 3585 fundi
533 3541 569 3583 ac
593 3519 817 3582 hedificiorum
842 3519 986 3582 conlecte
1010 3539 1109 3602 penes
1133 3519 1201 3601 jura
1238 3519 1373 3581 civitatis
1397 3520 1489 3582 nullo
1515 3519 1615 3582 modo
1633 3520 1681 3582 in·

418 3627 514 3710 iringi
537 3640 712 3710 potuerunt
736 3646 794 3688 nec
811 3627 1001 3705 debuerunt,
1035 3626 1174 3708 ideoque
1199 3626 1258 3708 ipsi
1291 3625 1401 3688 arbitri
1426 3625 1584 3688 dictarum
1609 3647 1682 3709 par-

417 3735 501 3797 cium
527 3734 670 3816 prcdicta
695 3733 863 3816 privilegia
887 3733 1128 3794 communitatis
1153 3751 1210 3814 pro
1233 3745 1320 3814 parte
1346 3733 1446 3815 ipsius
1470 3733 1626 3796 Demetrii
1652 3747 1684 3795 et

417 3840 576 3903 dictorum
602 3839 867 3922 predecessorum
888 3858 1020 3900 suorum
1039 3859 1135 3920 super
1159 3840 1225 3921 ipsa
1250 3839 1347 3900 tercia
1365 3855 1453 3921 parte
1478 3839 1596 3902 domus
1611 3859 1684 3902 mu-

416 3960 482 4010 rate
508 3960 539 4009 et
562 3945 654 4008 fundi
679 3965 715 4008 ac
740 3945 965 4008 hedificiorum
992 3946 1091 4028 ipsius
1113 3946 1267 4007 Demetrii
1292 3945 1385 4027 jurati
1410 3946 1442 4007 in
1468 3946 1612 4029 ipsorum
1636 3947 1685 4008 vi·

415 4072 494 4134 gore
520 4053 750 4115 inviolabiliter
774 4054 975 4134 reliquerunt
993 4053 1046 4131 ita,
1070 4053 1158 4134 quod
1184 4053 1252 4134 ipse
1269 4051 1453 4114 Demetrius
1477 4053 1596 4114 dictam
1620 4065 1684 4115 ter-

417 4160 500 4222 ciam
533 4173 656 4242 partem
681 4159 781 4242 ipsius
814 4160 929 4221 domus
961 4178 1015 4220 sue
1047 4171 1171 4220 mutate
1206 4172 1236 4220 et
1261 4157 1352 4220 fundi
1385 4179 1420 4220 sc
1446 4157 1684 4239 hedificiorum,

418 4285 477 4348 pro
502 4285 565 4348 qua
590 4265 656 4348 ipse
681 4266 833 4328 dominus
850 4266 1003 4327 Nicolaus
1027 4265 1184 4347 plebanus
1201 4284 1274 4327 curn
1299 4265 1369 4347 ipso
1394 4265 1560 4327 Demetrio
1578 4265 1685 4348 jurato

418 4371 567 4454 litigavit,
584 4372 679 4434 debet
702 4371 833 4453 pacifice
851 4371 1014 4454 possidere
1032 4383 1063 4432 et
1079 4371 1389 4453 quomodocumque
1411 4371 1550 4435 voluerit
1574 4371 1685 4454 dispo·

418 4497 494 4540 nere
518 4477 604 4560 juxta
630 4477 856 4539 condicionem
883 4476 1019 4538 civitatis
1043 4477 1184 4559 predicte
1208 4498 1244 4539 ac
1269 4477 1354 4558 juxta
1379 4491 1528 4540 contenta
1552 4479 1685 4561 privile-

417 4585 546 4666 giorum
562 4603 706 4662 suorum,
732 4583 792 4645 hoc
811 4603 970 4666 expresso,
993 4582 1082 4665 quod
1100 4584 1166 4665 ipse
1186 4584 1368 4646 Demetrius
1388 4583 1509 4666 juratus
1532 4599 1596 4646 tres
1612 4585 1685 4648 flor.

418 4691 487 4753 auri
512 4691 552 4752 ad
576 4704 695 4752 tectum
720 4691 860 4773 predicte
899 4691 1031 4753 ecclesie
1064 4692 1164 4753 sancti
1189 4691 1287 4753 Marci
1321 4691 1526 4773 ewangeliste
1551 4692 1627 4754 dare
1651 4707 1688 4755 et

417 4797 541 4860 solvere
565 4799 726 4859 tenebitur
751 4818 853 4880 usque
881 4811 1031 4860 octavum
1065 4798 1163 4878 diem,
1188 4798 1321 4880 ipseque
1353 4798 1504 4860 dominus
1529 4797 1686 4860 Nicolaus

419 4903 576 4986 plebanus
599 4903 630 4965 in
656 4904 835 4966 subsidium
860 4918 891 4966 et
914 4903 1111 4986 adjutorium
1129 4904 1271 4985 ipsorum
1289 4904 1387 4967 trium
1404 4903 1474 4966 lior.
1492 4923 1595 4966 unum
1611 4903 1686 4968 flor.

419 5010 487 5071 auri
512 5009 563 5072 vel
588 5023 717 5073 monete
742 5024 772 5072 et
798 5011 884 5072 Lxx
909 5011 1059 5074 denarios
1075 5011 1275 5073 wiennenses
1299 5011 1358 5094 ipsi
1384 5011 1551 5074 Demetrio
1576 5011 1685 5094 jurato
