3852 5814
399 571 460 629 500
772 551 858 608 Anno
882 545 976 626 1480.
1002 581 1042 590 -
1061 563 1094 624 3.
1118 547 1285 606 novembris.

398 764 590 845 Perowycza
626 775 757 838 vocate,
793 760 921 821 racione
956 759 1124 820 cuiusdam
1170 757 1369 820 fideiussorie
1406 758 1569 820 caucionis
1603 777 1662 840 pro

397 869 507 929 decern
532 867 614 946 flor,
637 887 693 950 per
717 867 837 948 juratos
860 865 1001 946 judicata
1024 877 1055 926 et
1079 864 1119 926 ad
1137 864 1278 926 seniores
1302 863 1471 946 appellata,
1498 864 1572 945 quia
1593 864 1660 946 ipse

399 975 580 1056 Stephanus
604 974 750 1034 literatus
774 973 805 1033 iu
831 972 973 1054 quodam
998 971 1133 1052 registro
1160 972 1219 1032 sub
1244 970 1358 1050 sigillis
1382 969 1581 1032 honorabilis
1604 971 1661 1030 do·

399 1081 478 1142 mini
505 1079 624 1142 Mathie
649 1080 778 1162 plebani
811 1078 943 1140 ecclesie
974 1092 1079 1140 nostre
1112 1091 1143 1138 et
1174 1076 1300 1160 providi
1326 1076 1422 1138 Blasii
1448 1077 1660 1160 Zthenychky

400 1187 542 1248 concivis
567 1187 665 1248 nostri
700 1184 858 1264 conlecto,
894 1199 924 1246 et
959 1185 1061 1245 eciam
1094 1184 1126 1244 in
1164 1183 1358 1264 quibusdam
1395 1184 1494 1244 literis
1529 1184 1665 1245 civitatis

398 1306 505 1355 nostre
529 1293 729 1372 obligatoriis
753 1306 898 1374 tempore
916 1291 1074 1371 judicatus
1098 1290 1320 1372 circumspecti
1347 1289 1466 1351 Mathie
1485 1289 1662 1372 Simonych

398 1401 512 1482 judicis
536 1401 635 1461 nostri
661 1399 827 1476 emanans,
853 1412 899 1460 est
923 1396 1091 1459 fideiussor
1116 1411 1276 1478 repertus;
1302 1410 1333 1457 et
1357 1397 1457 1457 eciam
1483 1397 1558 1478 quia
1577 1396 1661 1457 idern

400 1507 581 1590 Stephanus
605 1507 748 1568 literatus
774 1505 805 1566 iu
832 1505 1021 1566 consistorio
1051 1517 1160 1564 nostro
1193 1523 1300 1564 coram
1326 1503 1428 1564 Paulo
1451 1503 1557 1584 judice
1581 1505 1665 1564 auri-

400 1613 490 1675 fabro
516 1625 694 1695 prenotato,
719 1631 776 1694 pro
794 1611 887 1672 dictis
912 1610 1021 1672 decem
1048 1609 1117 1672 flor.
1135 1611 1329 1670 dilationem
1347 1623 1378 1670 et
1404 1611 1662 1691 expectacionem

401 1720 440 1781 ad
466 1721 579 1781 scitum
605 1733 749 1780 nostrum
775 1718 834 1798 ipsi
860 1718 996 1779 Nicolao
1023 1717 1179 1778 Horwath
1197 1717 1399 1798 supplicavit,
1425 1717 1497 1778 ideo
1522 1719 1665 1778 seniores

400 1825 521 1906 judices
557 1825 840 1906 adjudicaverunt,
872 1825 960 1905 quod
993 1822 1134 1905 prelatus
1171 1823 1354 1905 Stephanus
1386 1824 1530 1885 literatus
1562 1823 1665 1884 dictos

401 1933 510 1993 decem
537 1932 606 1994 flor.
633 1933 692 2014 ipsi
709 1932 845 1993 Nicolao
871 1931 1025 1992 Horwath
1044 1945 1074 1992 et
1096 1931 1227 1992 domine
1252 1932 1335 1992 Nesa
1352 1931 1492 1993 consorti
1517 1931 1661 1992 eiusdem

401 2039 525 2100 solvere
549 2052 693 2114 tenetur3
718 2039 757 2098 de
782 2057 846 2120 qua
868 2037 1112 2118 adjudicacione
1131 2038 1312 2120 Stephanus
1335 2039 1478 2099 literatus
1502 2037 1665 2120 predictus

401 2165 465 2207 non
481 2159 650 2206 contentus
666 2163 794 2206 causam
813 2145 913 2226 ipsam
932 2144 1106 2226 appellavit
1122 2143 1161 2204 ad
1181 2144 1367 2225 magistrum
1384 2145 1665 2206 thawernicorum.

494 2400 592 2473 Feria
620 2409 717 2472 sexta
746 2399 899 2489 proxima
927 2408 1003 2489 post
1033 2401 1153 2472 festam
1184 2399 1336 2471 Omnium
1364 2410 1569 2472 sanctorum.

909 2572 951 2648 (3.
975 2572 1156 2648 novembris).

507 2731 540 2792 ln
566 2750 659 2792 causa
684 2729 832 2812 Dyonisii
866 2731 995 2790 sartoris
1027 2745 1058 2791 et
1083 2729 1168 2791 Galli
1203 2729 1382 2813 Kwdelych
1406 2731 1583 2811 juratorum
1617 2753 1666 2793 ra-

402 2839 494 2899 cione
520 2836 685 2898 cuiusdam
711 2835 931 2916 juramentalis
963 2835 1180 2917 deposicionis
1205 2836 1289 2914 juxta
1323 2851 1354 2898 et
1380 2857 1478 2918 penes
1502 2839 1665 2918 adjudica·

403 2943 528 3005 cionem
555 2943 731 3022 juratorum
757 2942 857 3003 eciam
882 2941 1046 3003 seniorum
1071 2941 1213 3022 judicum
1232 2962 1267 3003 ac
1292 2943 1393 3003 eciam
1418 2963 1517 3025 penes
1540 2944 1666 3025 adjudi-

403 3051 566 3111 cacionem
593 3048 733 3128 magistri
766 3047 1032 3108 thawernicorum
1068 3046 1208 3129 prefatus
1241 3048 1417 3130 Dyonisius
1449 3049 1665 3126 juramentum

402 3175 496 3217 suum
528 3154 677 3235 deposuit
709 3167 739 3214 et
771 3153 958 3234 expurgavit
989 3173 1021 3213 se
1055 3153 1094 3214 de
1126 3155 1278 3214 omnibus
1310 3155 1341 3214 in
1374 3155 1493 3235 quibus
1524 3154 1667 3237 prefatus

404 3262 518 3324 Gallus
551 3260 708 3341 litigando
733 3279 805 3322 eum
840 3261 871 3320 iu
904 3279 1031 3320 causam
1065 3273 1233 3321 attraxerat
1261 3275 1291 3320 et
1323 3281 1385 3342 que
1419 3277 1527 3323 contra
1561 3264 1665 3344 ipsum

403 3381 623 3449 proposuerat,
659 3367 860 3447 presentibus
896 3366 1016 3426 ibidem
1060 3367 1195 3427 domino
1228 3366 1357 3427 Matheo
1393 3369 1532 3449 plebano
1564 3373 1665 3432 sancti

405 3474 513 3550 Marci,
538 3473 672 3533 domino
697 3472 861 3532 Demetrio
886 3486 1008 3533 rectore
1033 3473 1140 3532 altaris
1164 3473 1262 3533 sancti
1294 3473 1430 3552 Nicolai,
1455 3475 1555 3536 Paulo
1580 3477 1664 3536 auri-

404 3579 504 3656 fabr0,
537 3577 777 3660 Wythkowych
813 3579 932 3638 lacobo
965 3577 1086 3656 jurato,
1118 3577 1290 3639 Valentino
1331 3577 1488 3664 frenipare
1529 3581 1666 3662 aliisque

403 3683 574 3764 fidedignis
599 3685 753 3765 personis.

509 3807 613 3868 Causa
639 3809 720 3869 inter
745 3807 938 3888 Gregorium
968 3808 1116 3888 juratum,
1142 3809 1324 3890 pellificem,
1357 3824 1388 3872 et
1412 3811 1556 3874 Thomsa
1582 3815 1665 3893 agri-

403 3914 506 3973 colam
532 3913 660 3974 racione
685 3914 760 3974 certi
786 3915 861 3975 novi
886 3915 950 3975 vini
975 3915 1057 3976 duos
1081 3915 1149 3978 flor.
1175 3917 1319 3994 valentis,
1344 3917 1437 3998 jurati
1462 3919 1665 4000 adjudicave-

403 4032 486 4096 runt,
512 4019 586 4099 quia
613 4019 758 4081 Thomas
783 4020 923 4100 agricola
949 4019 1008 4081 fuit
1026 4020 1193 4083 fideiussor
1218 4023 1277 4103 ipsi
1303 4022 1462 4104 Gregorio
1486 4024 1589 4106 jurato
1607 4046 1667 4108 pro

403 4125 543 4206 quodam
571 4126 713 4202 homine,
738 4127 804 4208 ipse
830 4127 975 4188 Thomas
999 4127 1095 4188 habet
1126 4127 1340 4208 juramentum
1371 4131 1533 4212 deponere
1558 4132 1589 4193 in
1615 4153 1667 4211 e0‚

403 4233 490 4312 quod
516 4233 582 4313 ipse
608 4253 672 4293 non
697 4229 757 4294 fuit
782 4231 950 4296 fideiussor
973 4253 1031 4315 pro
1056 4233 1132 4294 vino
1164 4236 1218 4295 sed
1244 4236 1348 4296 solum
1375 4257 1432 4319 pro
1458 4239 1584 4300 duobus
1609 4238 1667 4300 flo-

404 4338 506 4414 renis,
531 4353 562 4398 et
593 4353 763 4419 postquam
796 4339 958 4420 juraverit,
991 4339 1208 4402 residuitatem
1243 4341 1401 4404 dictorum
1426 4342 1495 4405 flor.
1520 4345 1669 4407 Thomas

404 4444 489 4504 dicto
515 4442 673 4525 Gregorio
698 4445 794 4507 habet
818 4447 1009 4528 persolvere.

510 4568 613 4631 Causa
640 4570 721 4632 inter
745 4571 952 4633 Dominicum
981 4573 1156 4656 Perowych
1182 4587 1213 4636 et
1238 4574 1417 4637 iohannem
1442 4575 1665 4660 Soldynarych

403 4691 548 4756 respectu
584 4676 749 4737 cuiusdam
787 4677 888 4760 jarliyl
925 4679 1017 4757 jurati
1062 4679 1344 4760 adjudicaverunt,
1379 4683 1467 4764 quod
1505 4682 1669 4746 lohannes

404 4782 628 4864 Soldynarych
654 4783 760 4844 literas
785 4799 815 4844 et
839 4784 905 4864 jura
939 4805 994 4846 sua
1026 4805 1120 4867 super
1152 4787 1272 4848 dictum
1298 4787 1400 4871 jarkyl
1432 4789 1464 4850 in
1489 4790 1595 4872 primo
1620 4789 1669 4871 ju-

403 4889 487 4949 dicio
513 4889 725 4950 consistoriali
750 4889 845 4952 habet
870 4891 1058 4972 producere,
1087 4894 1204 4974 quibus
1228 4894 1393 4976 productis
1417 4909 1447 4956 et
1473 4897 1547 4958 visis
1573 4917 1668 4958 causa

404 4995 545 5076 ipsorum
571 4995 765 5076 judicabitur
787 4997 927 5061 ulterius.
