3852 5814
692 504 779 560 Anno
803 499 887 580 1478
918 537 962 546 —
984 515 1031 578 15.
1055 505 1135 564 maii.
1481 523 1544 584 473

388 713 465 774 Item
490 713 568 776 seria
592 728 679 775 sexta
704 715 849 795 proxima
874 727 946 795 post
977 728 1105 775 octavas
1138 715 1234 776 Pasce
1258 734 1361 797 nuper
1385 717 1545 798 preterita,

283 819 421 882 Michael
445 840 544 901 gener
568 820 706 882 condam
732 821 816 882 Luce
838 821 953 882 sutoris
977 821 1114 902 prestitit
1130 821 1347 902 juramentum
1371 820 1460 903 quod
1477 821 1545 903 ipse

283 926 421 988 Michael
444 927 568 1008 aliquas
592 947 642 989 res
666 947 771 1008 neque
792 927 899 1009 aliqua
926 930 1010 990 bona
1028 927 1171 990 eiusdem
1196 929 1282 990 Luce
1307 929 1423 991 sutoris
1441 948 1544 1010 neque

282 1033 315 1094 in
339 1051 439 1115 parvo
464 1053 569 1114 neque
595 1034 627 1094 in
655 1053 784 1115 magno.
811 1036 920 1112 (deest).

467 1269 565 1344 Feria
594 1282 692 1344 sexta
720 1276 874 1362 proxima
908 1281 986 1345 ante
1014 1274 1136 1346 festum
1165 1273 1360 1345 Trinitatis.

820 1427 880 1503 (15.
905 1427 1000 1504 mair).

390 1569 496 1631 Prima
520 1569 645 1648 citacio,
670 1567 783 1630 Gallus
807 1568 963 1632 Kodelicz
987 1570 1095 1632 citavit
1122 1571 1265 1632 relictam
1291 1572 1389 1633 Marci
1407 1572 1543 1634 condam

285 1675 472 1759 Symunicz‚
505 1673 696 1756 Dyonisium
729 1689 890 1754 sutorem,
922 1675 1078 1738 Valentek
1109 1689 1252 1738 sutorem
1285 1691 1316 1740 et
1344 1677 1544 1740 Demetrium

283 1781 379 1866 Syak,
404 1800 469 1843 non
494 1794 752 1862 comparuerunt.

388 1887 466 1949 Item
490 1908 619 1950 causam
644 1889 726 1950 inter
759 1889 902 1951 relictam
936 1889 1087 1951 Soldinar
1118 1904 1149 1952 et
1177 1889 1371 1972 Gregorium
1396 1891 1474 1952 alias
1498 1891 1544 1972 ju-

281 2007 396 2072 ratum,
421 1992 551 2055 fratrem
582 1994 721 2056 condam
754 1995 878 2057 domini
911 1997 1060 2074 Martini,
1092 1997 1221 2059 racione
1254 1997 1420 2059 cuiusdam
1451 2011 1545 2076 terre,

282 2099 369 2160 idem
394 2099 570 2182 Gregorius
594 2102 747 2181 prestabit
770 2101 986 2181 juramentum
1019 2101 1097 2164 feria
1121 2104 1218 2166 tercia
1241 2104 1387 2186 proxime
1412 2117 1544 2166 ventura

283 2206 373 2287 quod
398 2207 465 2288 ipsa
490 2219 571 2268 terra
597 2207 657 2268 sibi
689 2207 838 2269 nonfuit
870 2208 941 2270 data
974 2229 1032 2291 pro
1064 2210 1221 2290 terragi03
1246 2224 1276 2272 et
1300 2209 1360 2271 hoc
1385 2212 1452 2292 ipsa
1477 2211 1544 2272 sola

282 2325 354 2395 post
377 2312 438 2374 hoc
463 2312 620 2374 hodierno
646 2313 698 2374 die
723 2313 803 2375 fassa
829 2328 884 2378 est.

388 2419 465 2481 Item
493 2417 605 2481 Gallus
630 2420 785 2482 Kodelicz
810 2422 914 2504 prImo
943 2421 1051 2484 citavit
1075 2422 1232 2485 Valentek
1255 2435 1396 2486 sutorem
1422 2437 1452 2486 et
1477 2443 1541 2485 non

283 2526 473 2608 comparuit.

390 2631 467 2694 item
492 2632 525 2692 in
557 2652 651 2694 causa
683 2633 765 2694 inter
796 2632 994 2715 Stephanum
1026 2635 1104 2697 alias
1135 2634 1274 2718 judicem
1307 2649 1338 2698 et
1370 2636 1543 2698 Martinum

283 2739 446 2818 Verichin‚
469 2737 563 2820 jurati
587 2739 861 2819 adjudicaverunt,
893 2741 981 2822 quod
1015 2741 1171 2804 Martinus
1202 2742 1353 2805 Verichin
1377 2743 1543 2806 convictus

284 2845 385 2906 estin
410 2845 485 2906 vivo
513 2844 665 2926 homagio
694 2859 804 2908 contra
823 2846 1033 2928 Stephanum,
1062 2849 1139 2930 quia
1156 2847 1188 2909 id
1215 2849 1303 2930 quod
1327 2849 1407 2912 dixit
1434 2863 1543 2912 contra

284 2971 356 3014 eum
383 2953 593 3034 comprobare
617 2972 682 3014 non
700 2953 814 3034 potuit,
839 2953 990 3016 videlicet
1013 2955 1102 3036 quod
1127 2953 1237 3016 fuisset
1252 2953 1302 3017 fur
1326 2969 1380 3018 aut
1405 2954 1543 3018 infidelis

283 3071 393 3120 contra
418 3058 683 3121 communitatem
709 3059 741 3120 in
765 3056 899 3122 ztrasa*.

388 3165 421 3226 ln
447 3162 531 3226 sacto
550 3163 705 3227 Kodelicz
731 3164 817 3228 Galli
833 3185 892 3248 pro
910 3167 1049 3248 quadam
1066 3187 1178 3247 avena,
1202 3166 1307 3229 eidem
1325 3167 1543 3249 adjudicatum

283 3271 442 3352 estquod
467 3272 619 3354 prestabit
649 3271 876 3353 juramentum,
909 3273 998 3355 quod
1026 3275 1094 3357 ipse
1126 3295 1191 3337 non
1216 3275 1294 3336 emit
1326 3295 1431 3356 neque
1456 3275 1545 3335 dedit

284 3377 392 3438 Marco
417 3394 552 3440 avenam
577 3377 723 3457 eandem,
749 3377 826 3440 feria
850 3380 948 3442 tercia
973 3381 1118 3462 proxime
1142 3395 1287 3443 ventura.

389 3499 469 3564 Item
493 3501 525 3562 in
549 3499 632 3563 iacto
650 3502 815 3564 cuiusdam
841 3503 926 3565 diete
943 3518 1024 3566 terre
1050 3505 1131 3566 inter
1156 3504 1348 3566 Michaelem
1367 3503 1544 3586 Oprasnicz

284 3620 314 3670 et
338 3607 518 3670 iohannem
544 3607 630 3670 lwan
655 3608 788 3688 dictum,
813 3609 934 3691 judices
962 3629 1018 3672 seu
1039 3609 1132 3692 iurati
1157 3610 1432 3692 adjudicaverunt,
1456 3610 1544 3692 quod

284 3713 351 3797 ipse
376 3713 515 3776 Michael
538 3713 673 3796 juridice
698 3730 744 3776 est
760 3728 957 3798 prosecutus,
983 3731 1013 3778 et
1037 3716 1141 3778 eidem
1164 3717 1429 3800 adjudicaverunt
1452 3730 1483 3779 et
1507 3717 1544 3778 li-

282 3833 348 3882 tera
373 3819 478 3882 eidem
503 3821 599 3883 debet
622 3821 690 3882 dari
715 3835 746 3882 et
770 3823 850 3883 liber
873 3821 1045 3904 possideat.

390 3925 467 3988 Item
493 3927 524 3987 in
550 3947 643 3988 causa
668 3927 749 3989 inter
781 3926 971 3990 Michaelem
1003 3942 1144 3992 sutorem
1177 3949 1249 3990 curn
1275 3929 1404 4012 Filippo
1430 3929 1545 4014 Dudey

284 4053 342 4115 pro
367 4032 508 4114 quodam
534 4052 599 4094 uno
624 4032 704 4112 flos,
723 4033 859 4096 Michaei
884 4035 1057 4117 appellavit
1073 4035 1113 4097 ad
1131 4035 1272 4097 seniores
1296 4036 1370 4098 licet
1386 4055 1442 4117 per
1459 4037 1543 4096 testi-

285 4139 430 4200 monium
456 4138 650 4200 Thomasicz
676 4154 706 4201 et
732 4140 848 4202 Kelecz
874 4141 967 4223 jurati
992 4141 1257 4224 adjudicaverunt
1288 4143 1411 4203 solvere
1437 4142 1542 4203 eidem

283 4245 411 4328 Filippo
435 4245 540 4326 ipsum
565 4244 733 4309 florenum.

389 4371 467 4433 Item
492 4372 574 4433 inter
597 4371 798 4436 Anthonium
831 4373 976 4436 Ztezicza
1008 4389 1039 4437 et
1064 4375 1192 4436 Petrum
1225 4377 1338 4437 bertun
1372 4375 1465 4458 jurati
1490 4375 1543 4438 ad·

283 4476 505 4559 judicaverunt
540 4480 627 4560 quod
660 4480 727 4561 ipse
761 4480 871 4542 Petrus
906 4480 1002 4542 debet
1025 4481 1128 4562 jurare
1160 4480 1237 4543 feria
1270 4483 1365 4544 tercia
1398 4483 1543 4564 proxime

283 4597 417 4646 ventura
441 4585 624 4646 mettercius
648 4585 680 4646 in
705 4605 758 4646 ara
786 4600 875 4648 sante
900 4586 1024 4667 Crucis,
1041 4588 1128 4669 quod
1147 4589 1215 4670 ipse
1238 4589 1270 4650 in
1295 4589 1435 4670 quodam
1455 4588 1544 4652 furti·

282 4693 368 4754 cinio
392 4692 556 4774 pullorum
581 4711 645 4753 non
671 4707 717 4754 est
740 4693 919 4776 culpabilis.

389 4797 466 4860 Item
492 4799 523 4860 in
548 4819 641 4860 causa
667 4799 748 4862 inter
764 4799 906 4862 Blasium
931 4815 1084 4862 sartorem
1114 4816 1144 4863 et
1169 4803 1289 4864 Lucam
1314 4804 1462 4866 Ribaricz
1479 4803 1541 4886 jam

390 4989 403 5019 *
422 4993 504 5042 strala
522 5016 555 5035 =
575 4993 700 5051 custodia,
719 4993 867 5061 vigilatura.
