3838 5786
303 622 369 684 430
672 605 758 660 Anno
781 615 870 679 1473.
894 636 938 645 —
962 621 992 678 9.
1017 601 1184 659 novembris.

408 814 485 874 ltem
512 816 624 874 eadem
651 833 729 874 uxor
747 813 826 894 Elye
851 833 909 894 pro
927 833 966 872 eo
994 814 1082 893 quod
1102 815 1255 893 vituperia
1275 833 1382 874 coram
1401 813 1563 893 Stephano

300 920 448 1001 sellipare
486 921 589 1001 jurato
622 940 716 1000 super
749 919 883 980 eandem
918 919 1074 999 Agatham
1109 918 1243 998 lecisset,
1276 935 1322 980 est
1350 919 1495 980 convicta
1532 919 1562 977 in

300 1027 438 1106 birsagio
465 1027 494 1086 in
522 1027 646 1087 duabus
672 1026 785 1086 marcis
810 1025 1028 1086 denariorum.

407 1133 483 1194 Item
509 1153 601 1193 causa
628 1133 709 1192 inter
735 1131 875 1192 blasium
903 1132 1080 1193 institorem
1107 1146 1137 1192 et
1155 1131 1352 1193 Dorotbeam
1378 1130 1476 1192 filiam
1504 1131 1563 1190 Va-

300 1240 411 1300 lentini
439 1240 583 1299 Marisicz
609 1239 735 1298 racione
761 1237 909 1319 vituperii
935 1253 980 1299 est
1014 1239 1206 1318 adjudicata,
1232 1254 1265 1298 ut
1291 1239 1374 1298 dicta
1401 1239 1562 1298 Dorothea

301 1346 364 1407 filia
404 1345 565 1406 Valentini
600 1345 745 1406 Marisicz
779 1365 836 1425 pro
868 1365 918 1422 eu,
951 1346 1024 1426 quia
1059 1346 1178 1406 dictum
1213 1346 1354 1406 Blasium
1387 1345 1563 1404 institorem

300 1453 447 1514 homines
472 1453 588 1513 l‘urcis
613 1452 794 1512 vendidisse
828 1451 1029 1532 appellasset,
1054 1453 1141 1512 XXV
1178 1471 1297 1511 marcas
1322 1452 1485 1512 exsolvere
1510 1451 1564 1510 de·

300 1563 384 1638 beat,
409 1573 463 1620 aut
488 1561 511 1620 si
545 1559 673 1620 easdem
706 1558 795 1618 XXV
828 1577 949 1617 marcas
982 1557 1186 1619 denariorum
1221 1578 1284 1618 nou
1317 1557 1457 1634 haberet,
1490 1573 1564 1617 tunc

301 1667 370 1746 ipso
396 1666 478 1726 lacto
504 1666 647 1745 linguam
674 1665 818 1724 amittere
844 1664 969 1724 debeat.

407 1773 482 1832 ltem
509 1769 585 1833 feria
610 1786 696 1832 sexta
722 1773 865 1852 proxima
892 1785 961 1851 post
987 1768 1102 1830 festum
1126 1770 1243 1831 pasche
1269 1770 1401 1830 Domini
1420 1769 1563 1850 proxime

300 1880 459 1960 preterita,
492 1894 635 1960 tempore
669 1879 731 1957 jam
766 1877 886 1958 elapsu,
918 1877 1050 1957 quidam
1084 1877 1202 1936 nobilis
1234 1877 1281 1934 vir
1315 1876 1433 1935 Paulus
1457 1875 1565 1936 Thaar

300 1986 377 2046 alias
404 1986 594 2045 castellanus
617 1985 646 2044 in
668 1985 767 2065 Klycz
785 1997 815 2044 et
832 1983 903 2043 aliis
922 1985 1029 2043 castris
1047 1983 1078 2042 in
1098 1981 1252 2043 Caruacia
1284 1982 1420 2042 debebat
1434 1981 1564 2040 XXVlll

301 2093 400 2152 boves
434 2091 563 2152 Matheo
596 2091 706 2151 sartori
739 2089 847 2169 generi
881 2089 1018 2148 condam
1052 2090 1180 2149 Andree
1213 2088 1408 2169 Symunoicz
1440 2087 1562 2148 concivi

301 2213 422 2275 nostru,
447 2217 528 2278 quos
552 2198 637 2258 idem
662 2195 785 2278 prelato
812 2196 912 2256 Paulo
940 2197 1135 2277 persolverat
1153 2215 1259 2256 coram
1284 2196 1418 2255 domiuo
1445 2194 1563 2255 Mathia

304 2305 444 2385 plebano
469 2305 601 2364 ecclesie
626 2303 709 2363 beati
736 2303 847 2381 Marci,
871 2303 1044 2364 Valentino
1077 2303 1228 2363 Saronicz
1253 2302 1349 2380 dic10,
1375 2301 1492 2361 seniori
1518 2300 1565 2380 ju-

301 2411 383 2488 dice,
409 2411 572 2492 Stephauo
590 2409 683 2470 fratte
709 2409 832 2470 domini
858 2409 985 2490 plebani
1004 2409 1150 2490 predicti,
1176 2409 1285 2469 Marco
1310 2407 1377 2468 filio
1401 2407 1564 2468 Valentini

299 2517 426 2600 judicis,
451 2517 583 2599 predicti
610 2516 734 2596 judicis,
768 2530 798 2576 et
824 2515 916 2576 Petro
942 2516 1008 2596 Kys
1040 2515 1136 2594 dicto,
1162 2515 1217 2594 qui
1251 2528 1408 2596 protunc
1433 2511 1565 2574 luitca-

301 2623 448 2705 pellanus
473 2624 503 2683 in
531 2624 680 2707 Kreysicz
710 2623 917 2703 postmodum
944 2619 1002 2682 fuit
1020 2621 1206 2702 capellanus
1231 2621 1262 2681 in
1282 2620 1417 2700 Segnia;
1435 2620 1564 2680 tandem

302 2743 372 2811 post
411 2744 547 2790 mortem
581 2729 656 2790 dicti
689 2729 778 2790 Pauli
811 2728 920 2788 Thaar
960 2726 1055 2788 irater
1088 2727 1230 2788 eiusdem
1275 2727 1423 2786 videlicet
1456 2726 1566 2785 Petrus

300 2836 390 2896 Thar
414 2837 568 2897 miserunt
600 2836 681 2897 duos
712 2855 787 2896 suos
820 2833 991 2895 familiares
1016 2835 1168 2915 speciales
1200 2833 1393 2914 requirendo
1419 2832 1563 2914 precium

300 2943 458 3004 dictorum
485 2946 605 3004 bovum
631 2944 662 3002 in
688 2943 763 3002 sede
787 2955 894 3002 nostra
919 2962 936 3001 a
958 2941 1101 3022 predicto
1120 2941 1249 3023 Mathya
1269 2955 1400 3017 sartore,
1425 2938 1480 3000 sed
1499 2939 1564 3020 ipse

300 3049 437 3111 Mathias
461 3050 647 3110 testimonio
673 3049 888 3130 predictorum
923 3049 1051 3108 testium
1084 3047 1307 3127 comprobavit
1339 3065 1447 3106 coram
1473 3044 1566 3105 nobis

300 3157 332 3216 in
357 3155 430 3216 sede
455 3170 562 3216 nostra
595 3155 684 3236 quod
717 3154 878 3236 predictos
903 3153 1001 3214 boves
1034 3153 1239 3234 persolvisset
1272 3152 1432 3212 antedicto
1465 3150 1566 3211 Paulo

302 3263 409 3324 Thaar
437 3261 543 3343 quoad
569 3262 702 3342 plenum
728 3275 757 3321 et
782 3262 813 3322 in
839 3275 920 3340 toto,
945 3260 1029 3320 uude
1055 3280 1093 3320 ex
1120 3259 1414 3341 superhabundanti
1440 3257 1565 3337 adjudi-

301 3381 406 3429 catum
433 3367 493 3429 fuit
517 3367 622 3428 eidem
649 3367 778 3449 Matbya
804 3367 916 3427 sartori
950 3367 1112 3448 deponere
1137 3366 1352 3446 juramentum
1379 3365 1410 3425 in
1438 3365 1565 3446 propria

301 3495 435 3557 persona
460 3489 583 3536 tantum
610 3474 697 3554 quod
715 3472 874 3554 predictos
909 3475 1007 3534 boves
1033 3473 1176 3554 plenarie
1201 3471 1405 3553 persolvisset
1435 3470 1565 3531 tandem

301 3582 384 3642 idem
420 3581 555 3641 Mathias
587 3595 687 3640 sartor
719 3579 795 3640 feria
822 3593 907 3640 sexta
940 3579 1086 3659 proxima
1118 3579 1278 3638 antedicto
1312 3578 1412 3639 Paulo
1439 3577 1563 3652 Tbaar;

300 3687 355 3748 sed
381 3687 441 3747 hiis
466 3686 605 3768 prelatus
632 3687 741 3747 Petrus
767 3685 876 3746 'lhaar
901 3705 965 3745 non
991 3699 1170 3762 contentus,
1201 3685 1410 3766 personaliter
1434 3685 1565 3745 veniens

302 3794 399 3854 nostri
426 3794 456 3853 in
491 3793 687 3874 presenciam
722 3793 751 3851 in
783 3771 890 3852 sedem
925 3805 1065 3852 nostram
1100 3791 1286 3873 predictam,
1319 3805 1413 3852 testes
1438 3789 1511 3850 fecit
1536 3804 1566 3850 et

301 3901 458 3981 compulit
483 3920 519 3959 ex
544 3898 839 3980 superhabundanti
867 3898 1028 3979 deponere
1047 3897 1261 3978 juramentum
1281 3917 1376 3978 super
1392 3897 1564 3979 premissis,

301 4007 356 4087 qui
382 4007 555 4087 supradicti
581 4019 675 4066 testes
700 4025 806 4065 coram
833 4005 926 4064 nobis
951 4003 1022 4064 lassi
1047 4019 1130 4081 sunt,
1155 4004 1242 4084 quod
1267 4001 1406 4084 prefatus
1430 4003 1565 4064 Mathias

303 4132 409 4173 coram
437 4112 512 4193 ipsis
536 4112 698 4173 antedicto
725 4111 825 4172 Paulo
848 4110 914 4171 Tar
932 4111 1104 4191 premissos
1129 4113 1227 4170 boves
1244 4111 1338 4192 plene
1362 4109 1565 4192 persolvisset

301 4233 332 4280 et
356 4219 579 4279 omnimodam
612 4217 867 4279 satisfaccionem
902 4217 1108 4298 inpendisset,
1142 4217 1239 4278 etsie
1271 4217 1431 4298 predictus
1456 4216 1565 4277 Petrus

302 4324 368 4385 Tar
393 4323 488 4384 frater
511 4325 654 4384 eiusdem
681 4324 771 4384 Pauli
797 4343 904 4384 coram
930 4324 1023 4383 nobis
1047 4321 1205 4404 prelatum
1231 4323 1383 4384 Mathiam
1409 4337 1563 4385 sartorem

301 4430 430 4490 racione
456 4428 650 4510 prefatorum
677 4431 796 4491 bovum
822 4429 963 4490 reddidit
987 4430 1113 4510 quitum
1139 4445 1169 4490 et
1194 4430 1389 4511 expeditum.

328 4669 422 4741 Feria
455 4674 560 4741 tercia
589 4675 744 4759 proxima
773 4681 852 4743 ante
880 4673 1002 4742 lestum
1042 4671 1129 4742 beati
1158 4669 1293 4742 Martini
1324 4669 1535 4742 confessoris.

800 4823 847 4901 (9.
871 4824 1055 4904 novembris).

409 4965 483 5024 ltem
510 4987 602 5026 causa
636 4987 698 5046 que
731 4968 921 5028 movebatur
954 4967 1034 5027 iuter
1068 4967 1201 5027 Paulum
1234 4980 1399 5042 sartorem,
1424 4969 1463 5028 ab
1487 4987 1561 5044 una,

303 5087 333 5134 et
358 5071 557 5134 Anthonium
585 5075 761 5136 institorem
780 5075 906 5135 racione
924 5069 1086 5135 literarum
1112 5075 1255 5136 civilium
1274 5075 1428 5156 ipsorum,
1445 5073 1561 5155 quibus
