3838 5786
623 463 708 518 Anno
732 459 826 540 1469.
852 495 893 504 -
916 473 966 536 25.
991 465 1116 534 augusti.
1438 480 1500 542 359

233 670 404 750 justiciam,
430 687 559 754 propter
591 691 687 754 quam
713 672 893 754 potenciam
927 674 993 752 ipse
1019 673 1170 734 Nicolaus
1201 673 1335 734 candem
1368 694 1496 736 causam

235 779 411 860 appellavit
435 780 474 840 ad
499 781 641 841 seniores
664 779 795 861 judices.

343 885 420 946 Item
445 886 520 966 quia
547 886 735 947 Thomasko
754 900 855 947 sartor
879 887 1030 948 citaverat
1052 887 1214 947 Andream
1240 887 1434 970 Symwnych
1452 909 1500 949 ra-

235 991 328 1052 cione
353 993 440 1053 illius
472 993 558 1071 facti,
591 994 678 1074 quod
718 1013 796 1053 uxor
829 993 972 1054 eiusdem
998 992 1082 1074 juxta
1117 992 1392 1074 adjudicationem
1418 993 1500 1074 jura-

235 1113 341 1159 torum
368 1113 399 1160 ct
427 1099 557 1160 tandem
589 1099 753 1160 seniorum
786 1099 939 1180 judicum,
966 1099 1180 1178 juramentum
1218 1101 1305 1181 quod
1337 1101 1501 1161 terciamet

235 1219 376 1286 prestare
400 1207 570 1267 tenebatur
594 1218 704 1267 contra
737 1205 842 1288 ipsum
868 1207 1030 1266 Andream
1056 1205 1195 1286 judicem
1229 1207 1357 1268 racione
1382 1207 1498 1267 admis-

235 1312 335 1371 sionis
366 1312 556 1372 animalium
580 1312 620 1372 ad
652 1313 786 1372 domurn
821 1327 852 1372 et
884 1313 1003 1372 curiam
1036 1332 1137 1390 suam,
1169 1311 1263 1392 jurati
1296 1313 1500 1391 invenerunt,

237 1418 326 1498 quod
351 1419 426 1499 quia
450 1419 518 1500 ipsa
543 1438 625 1480 uxor
649 1419 792 1479 eiusdem
811 1417 999 1479 Thomasko
1021 1437 1084 1478 non
1111 1419 1259 1500 deposuit
1283 1419 1499 1500 juramentum

235 1524 296 1584 sibi
321 1524 551 1606 adjudicatum,
577 1527 645 1606 ipse
670 1525 859 1586 Thomasko
877 1538 923 1586 est
944 1525 1108 1586 convictus
1133 1526 1164 1586 in
1182 1527 1389 1587 ammissione
1407 1545 1500 1587 cause

234 1650 290 1691 sue
316 1647 426 1693 contra
451 1633 556 1714 ipsum
584 1632 748 1692 Andreanr
773 1631 924 1712 judicem.

342 1737 420 1798 ftern
445 1739 680 1799 causam-inter
705 1739 819 1820 Myrko
844 1738 1019 1819 agricolam
1050 1751 1081 1800 et
1105 1739 1187 1799 inter
1213 1739 1333 1800 Lucam
1358 1755 1499 1801 sutorem

239 1845 368 1905 racione
400 1845 597 1926 recepcionis
629 1845 794 1904 cuiusdam
827 1845 929 1922 bovis,
961 1863 1058 1924 quem
1093 1845 1227 1906 Mathias
1263 1865 1396 1927 arcupar
1432 1865 1500 1906 mo·
1548 1887 1551 1893 ι

238 1951 356 2012 dernus
393 1953 512 2032 juratus
543 1971 601 2034 pro
633 1967 719 2012 certo
752 1951 893 2032 dampno
925 1970 1022 2032 quern
1061 1949 1201 2012 famulus
1233 1952 1332 2034 ipsius
1356 1953 1442 2013 Luce
1467 1952 1499 2012 in

239 2056 442 2138 depascendo
464 2058 568 2119 tritico
593 2057 736 2118 eiusdem
760 2059 925 2140 Myrkonis
943 2077 1000 2138 pro
1025 2077 1089 2118 non
1114 2056 1333 2118 satisfaccione
1359 2059 1499 2140 recipere

237 2161 366 2242 fecerat,
391 2165 556 2225 convictus
589 2177 634 2226 est
666 2179 775 2225 contra
801 2165 904 2245 ipsum
940 2165 1130 2246 Myrkonem
1164 2165 1195 2225 in
1224 2163 1307 2227 facto
1332 2166 1498 2247 potencie3

236 2283 266 2330 et
291 2270 379 2350 quod
405 2270 471 2350 ipse
498 2271 600 2331 Lucas
617 2271 746 2331 volebat
764 2271 973 2351 comprobare
996 2271 1098 2352 ipsum
1125 2272 1279 2332 Mathianr
1304 2291 1500 2354 arcuparem,

236 2377 326 2457 quod
352 2378 419 2458 ipse
445 2397 509 2438 non
535 2377 700 2438 mandavit
732 2377 836 2438 eidem
865 2377 950 2437 Luce
981 2377 1237 2439 satisfaccionem
1262 2379 1446 2460 impendere
1471 2392 1502 2440 et

236 2481 324 2563 quod
350 2503 415 2543 non
441 2483 529 2544 dedit
554 2484 657 2544 eidem
677 2483 763 2544 diem
789 2482 1028 2562 satisfaccionis,
1054 2484 1121 2565 ipse
1140 2485 1243 2545 Lucas
1261 2504 1325 2546 non
1351 2504 1500 2566 compro·

236 2590 323 2650 bavit
357 2603 466 2650 contra
501 2591 604 2671 ipsum
638 2589 791 2650 Mathiam
825 2609 1029 2670 arcuparem,
1064 2590 1138 2670 quia
1171 2610 1235 2651 non
1269 2591 1373 2672 potuit
1396 2591 1500 2672 ipsum

235 2698 460 2778 comprobavit
486 2695 651 2772 Mathiam,
684 2696 849 2757 convictus
874 2694 944 2777 (est)
975 2710 1083 2756 contra
1110 2697 1249 2758 eundem
1282 2697 1435 2758 Mathiam
1469 2697 1500 2758 in

235 2804 310 2864 vivo
336 2804 501 2884 homagio,
527 2804 602 2884 quia
627 2803 693 2885 ipse
720 2801 855 2862 Mathias
872 2803 1095 2883 comprobavit
1119 2821 1175 2883 per
1198 2803 1339 2866 seniores
1363 2803 1501 2884 judices;

235 2909 337 2991 ipsam
364 2929 491 2971 causam
518 2910 583 2990 ipse
611 2909 713 2969 Lucas
731 2908 905 2989 appellavit
930 2908 969 2969 ad
994 2908 1136 2969 seniores
1161 2907 1292 2988 judices.

343 3015 421 3075 Item
446 3034 572 3074 causam
598 3014 779 3076 testamenti
799 3014 937 3074 condam
956 3013 1102 3096 Dyonisii
1121 3015 1230 3097 Rybar
1254 3029 1285 3076 et
1310 3015 1391 3076 inter
1407 3012 1500 3091 filios,

236 3120 336 3182 filiam
363 3133 393 3182 et
418 3121 561 3182 relictam
587 3120 686 3201 ipsius
711 3119 848 3180 condam
872 3119 1019 3201 Dyonisii
1037 3120 1132 3199 ribar,
1157 3121 1251 3201 jurati
1276 3119 1501 3200 adjudicarunt

237 3243 267 3288 et
293 3228 496 3304 invenerunt,
513 3226 609 3307 ⁴quod
636 3228 739 3308 ipsum
765 3239 992 3288 testamentum
1010 3246 1075 3286 non
1101 3241 1147 3287 est
1170 3225 1308 3304 firmum,
1333 3225 1388 3287 sed
1413 3225 1500 3306 quod

237 3333 296 3402 ipsi
324 3353 437 3394 ornnes
461 3333 657 3394 unanimiter
689 3334 806 3394 debent
830 3334 954 3394 solvere
987 3331 1093 3393 debita
1120 3331 1220 3412 ipsius
1251 3331 1388 3393 condam
1414 3331 1499 3412 Dyo-

236 3441 308 3502 nisii
335 3441 374 3500 de
400 3441 493 3500 bonis
518 3455 547 3500 et
572 3440 829 3522 possessionibus
862 3441 971 3522 ipsius,
1009 3453 1038 3500 et
1062 3440 1150 3519 quod
1183 3439 1354 3520 persolutis
1386 3438 1501 3500 debitis

237 3548 296 3627 ipsi
322 3566 435 3607 omnes
459 3547 674 3607 communiter
699 3547 817 3608 debent
842 3546 923 3606 inter
956 3566 988 3606 se
1014 3545 1158 3606 dividere
1192 3545 1418 3625 possessiones,
1442 3545 1500 3606 sci·

236 3653 311 3714 licet
336 3651 393 3713 filii
418 3667 449 3714 et
473 3652 537 3712 filia
555 3653 697 3712 eiusdem
716 3652 875 3733 Dyonisii,
899 3651 938 3711 de
956 3652 1072 3713 debitis
1089 3651 1237 3712 videlicet
1260 3652 1404 3732 quinque
1421 3670 1497 3733 pen·

238 3779 345 3819 sarum
371 3759 470 3840 ipsius
495 3759 602 3819 relicte
628 3759 725 3840 ipsius
750 3759 909 3841 Dyonisii,
934 3759 1022 3840 quod
1047 3759 1112 3840 ipse
1138 3758 1313 3840 Dyonisius
1338 3760 1498 3820 commisit

238 3865 343 3927 eidem
362 3866 495 3937 solvere,
510 3865 633 3926 solvere
651 3879 764 3926 octavo
782 3865 851 3940 die;
877 3865 916 3926 de
933 3865 1004 3926 aliis
1021 3884 1096 3925 vero
1115 3865 1207 3925 bonis
1224 3885 1279 3946 per
1297 3866 1397 3946 ipsam
1416 3865 1498 3927 circa

240 3973 379 4034 eundem
405 3973 590 4054 apportatis,
609 3973 647 4033 ad
667 3984 821 4052 quantum
841 3971 944 4050 jurare
969 3971 1095 4052 poterit,
1124 3971 1212 4052 quod
1238 3971 1280 4033 ibi
1307 3971 1387 4032 circa
1412 3973 1498 4052 ipsos

238 4079 447 4161 consumpsit,
472 4078 574 4158 jurare
609 4079 779 4156 tenebitur,
811 4077 849 4137 ad
884 4078 978 4138 aliam
1013 4077 1191 4158 proximam
1224 4075 1363 4140 futurarn
1388 4076 1499 4138 feriam

238 4203 359 4246 sextam
385 4186 490 4246 eidem
516 4183 771 4246 satisfaccionem
794 4184 980 4264 impendere
997 4186 1191 4244 tenebuntur
1215 4184 1285 4264 lege
1309 4185 1408 4266 ipsius
1424 4184 1499 4244 civi·

238 4294 311 4353 tatis
336 4293 530 4374 requirente,
556 4292 598 4354 ita
623 4305 740 4370 tamen,
767 4291 854 4371 quod
881 4310 945 4351 non
978 4290 1209 4352 obliviscantur
1233 4291 1373 4351 animam
1399 4291 1498 4373 ipsius

236 4399 333 4480 patris
359 4396 501 4480 ips'orum
529 4399 586 4480 ipsi
611 4398 668 4459 filii
691 4398 835 4458 eiusdem
860 4397 1017 4480 Dyonisii.

264 4600 359 4674 Feria
389 4611 485 4674 sexta
515 4601 667 4692 proxima
692 4613 768 4690 post
796 4603 917 4673 festum
947 4601 1034 4672 beati
1063 4602 1287 4672 Bartholomei
1318 4603 1472 4690 apostoli.

753 4757 817 4830 (25.
842 4756 981 4830 augusti).

345 4898 422 4959 Item
449 4897 523 4977 quia
550 4896 725 4978 Elyzabetb
745 4916 876 4956 consors
894 4895 1059 4975 Pangracii
1078 4893 1299 4956 inhabitatoris
1325 4894 1405 4953 dicte
1424 4893 1498 4954 civi-

236 5005 309 5066 tatis
351 5017 461 5065 contra
494 5003 690 5064 Dorotheam
723 5017 903 5064 consortem
937 5002 1069 5084 Physter
1109 5002 1213 5083 primo
1247 5001 1340 5061 citata
1372 4999 1499 5060 racione
