3838 5786
611 529 696 586 Anno
720 537 807 604 1471.
837 561 875 569 -
900 541 948 604 14.
973 530 1099 600 augusti.

334 737 413 800 Item
446 738 522 820 quia
548 739 723 822 Dyonisius
747 739 922 822 Wodopya
955 753 1065 800 contra
1097 739 1242 800 Marcum
1267 740 1492 824 Gywrakoych

226 856 257 905 et
281 844 417 905 Paulum
442 845 617 928 lagathych
642 846 748 928 primo
781 847 894 908 citatus
926 866 991 908 non
1016 847 1196 929 comparuit
1221 847 1254 907 in
1285 847 1406 927 judicio
1439 868 1490 909 co·

226 968 293 1011 ram
319 951 423 1013 nobis.
591 941 594 948 ⁴

333 1056 410 1119 Item
436 1059 511 1139 quia
537 1059 731 1121 Benedictus
756 1059 880 1121 institor
905 1073 1014 1122 contra
1048 1059 1203 1122 Mathiam
1229 1060 1360 1143 Turcyn
1385 1061 1491 1143 primo

227 1163 340 1225 citatus
364 1183 430 1225 non
454 1166 635 1247 comparuit
659 1167 690 1226 in
716 1166 837 1244 judicio
861 1185 969 1228 coram
995 1167 1098 1228 nobis.

332 1269 410 1332 Item
436 1273 511 1352 quia
536 1273 669 1353 quidam
694 1272 848 1353 Croacus,
873 1274 928 1354 qui
951 1273 1150 1334 Anthonium
1176 1288 1316 1335 sutorem
1344 1272 1490 1356 Strylasti

226 1376 347 1438 dictum
380 1378 550 1458 citaverat,
587 1379 672 1440 idern
710 1381 892 1442 Anthonius
924 1381 1105 1462 comparuit
1137 1394 1167 1443 et
1199 1381 1266 1463 ipse
1300 1395 1387 1442 actor
1422 1400 1486 1441 non

226 1483 416 1566 comparuit.

331 1589 408 1651 Item
433 1591 508 1672 quia
534 1591 678 1654 Thomse
704 1593 833 1674 jobagio
861 1592 1001 1674 plebani,
1027 1592 1077 1654 cui
1112 1591 1208 1673 judex
1234 1606 1343 1654 contra
1368 1593 1488 1654 Doram

225 1695 555 1780 Kwhynachychnam
571 1698 609 1760 ad
628 1699 768 1781 primum
783 1697 939 1779 judicium
956 1699 1065 1760 venire
1083 1699 1296 1778 commiserat,
1321 1719 1386 1760 non
1404 1698 1492 1760 venit

225 1821 331 1884 neque
354 1805 546 1886 comparuit.

331 1910 408 1972 ltem
434 1931 562 1974 causam
581 1913 662 1973 inter
679 1912 842 1974 Thomam
860 1924 1002 1974 sutorem
1020 1926 1051 1974 et
1073 1913 1154 1974 inter
1179 1911 1362 1994 Gywrgych
1381 1911 1489 1972 Lahek

224 2016 352 2077 racione
377 2019 594 2098 quorumdam
626 2019 859 2100 vituperiorum
892 2019 924 2080 in
959 2039 1086 2080 causam
1119 2031 1298 2097 attraxerat,
1323 2019 1377 2080 ubi
1403 2017 1488 2079 idern

224 2122 370 2185 Thomas
393 2138 482 2187 sutor
506 2125 538 2186 in
563 2125 683 2206 judicio
709 2145 816 2186 coram
841 2125 934 2186 nobis
958 2125 1096 2186 eundem
1123 2124 1306 2208 Gytvrgych
1332 2124 1440 2186 Lahek
1457 2139 1489 2186 et

225 2248 358 2291 uxorem
384 2251 475 2292 suam
499 2230 606 2313 pullos
630 2251 705 2293 suos
722 2230 826 2292 furare
848 2233 1016 2310 asserebat,
1033 2232 1088 2293 ubi
1107 2251 1185 2293 uxor
1209 2231 1354 2292 eiusdem
1373 2230 1486 2313 Gywr·

222 2337 306 2419 gych
331 2338 452 2400 ibidem
487 2339 519 2400 in
552 2339 672 2419 judicio
704 2358 811 2400 coram
838 2339 930 2400 nobis
962 2339 1105 2418 asseruit,
1138 2338 1226 2419 quod
1251 2339 1317 2420 ipse
1342 2338 1489 2399 Thomas

222 2458 312 2507 sutor
336 2443 426 2505 illam
449 2444 615 2525 gallinam,
648 2464 745 2526 quam
778 2445 864 2526 ipsos
895 2442 999 2506 furare
1035 2446 1204 2522 asserebat,
1236 2443 1324 2506 solus
1349 2445 1381 2504 in
1413 2463 1487 2505 area

222 2552 439 2634 captivaverat
463 2565 494 2614 et
518 2553 606 2614 solus
637 2552 847 2635 percomedit,
879 2553 967 2634 quod
993 2555 1059 2635 ipse
1085 2552 1230 2615 Thomas
1262 2571 1327 2614 non
1359 2553 1488 2634 negavit

222 2672 254 2721 et
278 2658 357 2721 dixit
380 2659 469 2741 quod
494 2659 630 2722 eandem
664 2659 856 2720 comedisset
879 2674 910 2720 et
941 2660 1088 2721 solvisset
1113 2658 1268 2721 Gvrrkoni
1293 2659 1384 2720 cuius
1408 2657 1487 2736 fuit;

223 2785 300 2848 ergo
325 2767 490 2828 convictus
515 2781 561 2828 est
585 2779 694 2828 contra
727 2767 857 2828 eosdem
883 2766 915 2827 in
949 2767 1062 2848 viginti
1087 2767 1194 2850 pensis
1226 2766 1431 2828 denariorum
1457 2780 1487 2827 et

221 2873 319 2956 judici
345 2893 416 2935 cum
442 2873 552 2956 juratis
576 2874 607 2935 in
634 2874 777 2956 quinque
811 2875 917 2957 pensis
951 2873 1175 2951 denariorum3
1205 2872 1334 2955 dequo
1366 2873 1486 2955 judicio

221 2978 399 3060 juratorum
425 2999 489 3042 non
507 2993 677 3043 contentus
698 2981 872 3063 appellavit
889 2981 920 3041 in
938 2981 1136 3062 presenciam
1154 2981 1316 3043 seniorum
1342 2979 1485 3062 judicum

222 3086 290 3168 ipse
315 3085 470 3150 Thomas.

268 3303 363 3378 Feria
393 3315 527 3407 quarta
547 3310 578 3379 in
616 3306 732 3395 vigilia
761 3307 919 3379 videlicet
946 3306 1024 3378 testi
1055 3303 1304 3395 hesumpcionis
1335 3305 1441 3377 llarie

777 3429 929 3521 virginis.

738 3585 803 3663 (14.
827 3585 967 3659 augusti).

329 3725 406 3787 Item
431 3725 573 3786 seniores
597 3725 719 3808 judices
743 3725 825 3786 dicte
855 3725 991 3788 civitatis
1021 3743 1150 3786 causam
1174 3724 1256 3786 inter
1279 3724 1485 3785 Domkonem

220 3833 360 3914 juratum
378 3830 479 3893 filiurn
499 3832 675 3915 Perowych
693 3845 724 3893 et
741 3833 823 3893 inter
840 3831 970 3915 Endrey
988 3845 1152 3909 sartorem,
1169 3831 1328 3892 seniorem
1346 3831 1484 3912 juratum

220 3953 251 4000 et
275 3939 443 4001 concivem
468 3953 623 4018 nostrum,
641 3941 800 4000 sororium
826 3939 969 4000 eiusdem
988 3938 1178 4016 Domkonis,
1195 3937 1321 3998 racione
1339 3936 1486 4000 laesionis

219 4045 364 4108 eiusdem
384 4046 516 4129 Endrey
532 4046 662 4108 sartoris
680 4045 862 4108 medietatis
878 4044 1045 4106 cuiusdam
1062 4044 1179 4105 domus
1195 4044 1310 4126 palacii
1335 4058 1366 4105 et
1382 4043 1484 4124 fundi,

220 4153 320 4216 modo
345 4153 501 4236 premisso
526 4173 582 4236 per
615 4153 736 4234 juratos
768 4152 982 4233 adjudicatam
1008 4165 1039 4212 et
1062 4170 1119 4232 per
1150 4151 1254 4232 ipsum
1280 4150 1483 4213 Domkonem

219 4261 260 4322 ad
285 4280 344 4322 nos
368 4261 509 4322 seniores
532 4261 726 4344 appellatam
752 4259 886 4340 judices,
910 4279 969 4320 nos
998 4259 1140 4319 seniores
1163 4257 1284 4340 judices
1307 4257 1413 4319 taliter
1436 4259 1483 4320 in-

218 4369 367 4429 venimus
391 4381 422 4429 et
446 4367 711 4450 adjudicavimus,
745 4366 833 4448 quod
867 4366 942 4447 quia
964 4365 1049 4446 juxta
1083 4366 1325 4426 attestacionem
1349 4364 1484 4446 fidedig-

220 4496 337 4538 norum
361 4476 505 4537 virorum
523 4476 622 4558 ipsius
646 4474 827 4536 Domkonis
845 4487 874 4534 et
890 4470 1063 4534 fassionem
1081 4472 1180 4554 ipsios
1202 4472 1332 4553 Endrey
1356 4471 1485 4533 sartoris

220 4603 329 4646 coram
354 4583 492 4644 condam
517 4582 670 4645 Conrado
696 4581 828 4642 Rawsar
852 4579 931 4641 olim
953 4577 1059 4658 judice
1084 4593 1114 4641 et
1138 4579 1270 4640 concive
1294 4592 1404 4639 nostro
1421 4578 1483 4640 fac·

219 4707 296 4770 tam,
320 4689 409 4772 quod
434 4689 488 4751 illa
513 4689 609 4750 fassio
642 4708 698 4770 per
727 4688 866 4749 eundem
900 4686 1061 4747 Andream
1094 4699 1247 4747 sartorem
1274 4705 1381 4746 coram
1415 4686 1484 4766 ipso

220 4797 325 4880 judice
350 4795 443 4876 lacta,
467 4796 545 4858 alias
568 4815 633 4857 non
660 4795 763 4877 potuit
788 4793 929 4854 revocari
953 4793 1011 4854 nisi
1037 4813 1145 4854 coram
1169 4791 1275 4873 judice
1300 4791 1383 4852 dicte
1408 4793 1483 4851 civi-

219 4905 301 4982 tatis,
328 4923 385 4965 nec
411 4901 471 4965 fuit
486 4905 642 4964 terminus
660 4903 830 4984 deputatus
855 4900 913 4981 ipsi
932 4899 1096 4961 Domkoni
1125 4919 1295 4981 quousque
1321 4899 1484 4960 debuisset

221 5011 395 5074 reformare
412 5025 442 5072 et
456 5025 562 5092 tegere
581 5012 681 5093 ipsam
699 5009 845 5087 domum,
864 5007 937 5068 ideo
955 5027 1013 5068 nos
1037 5007 1124 5068 illam
1143 5007 1283 5089 priorem
1309 5006 1481 5068 tassionem
