3738 5786
803 537 1002 614 Ann01454.
1029 571 1068 580 —
1094 552 1143 612 19.
1160 538 1245 613 julii.

396 749 429 810 in
454 750 592 831 pecunia
617 751 675 812 XV
699 749 780 829 flor,
804 771 901 832 quarn
926 764 1036 812 contra
1060 751 1164 832 ipsum
1186 750 1345 813 Thomam
1371 749 1512 832 prefatus
1536 751 1660 814 Antho-

396 855 468 916 nius
490 856 611 936 juratus
640 859 851 940 proponebat,
876 856 979 919 eidem
1005 855 1171 918 Anthonio
1199 857 1302 938 jurato
1327 876 1393 918 non
1421 871 1467 919 est
1491 857 1661 941 culpabilis

396 981 454 1024 nec
477 963 633 1046 particeps
658 967 763 1045 neque
787 964 943 1043 conscius,
971 962 1026 1024 sed
1052 962 1084 1024 in
1116 962 1206 1024 totali
1231 962 1360 1027 accione
1385 963 1483 1046 ipsius
1503 963 1660 1026 Anthonii

395 1069 510 1132 actoris
534 1069 688 1133 innocens
713 1085 794 1132 esset
817 1070 944 1153 penitus
969 1083 1000 1132 et
1024 1069 1184 1131 innoxius.

439 1235 447 1256 Ι
500 1175 579 1239 Item
605 1177 767 1239 lohannes
791 1176 888 1258 judex
920 1175 1005 1240 filius
1031 1177 1111 1238 Pero
1135 1175 1228 1257 jurati
1261 1189 1371 1238 contra
1397 1176 1570 1239 Martinum
1596 1195 1659 1237 sar·

393 1295 496 1345 torem
521 1297 552 1345 et
574 1303 714 1346 tasonem
740 1303 921 1366 pannorum
944 1284 1086 1346 secundo
1111 1285 1224 1346 citatus
1249 1303 1313 1345 non
1338 1284 1527 1366 comparuit.

500 1389 579 1453 Item
604 1391 679 1473 quia
704 1391 829 1453 Marcus
858 1391 961 1452 dictus
985 1389 1144 1453 Cwethlro
1177 1390 1263 1452 filius
1286 1389 1435 1473 Dyonisii
1459 1389 1534 1451 dicti
1560 1387 1660 1452 Gerse

394 1497 434 1558 de
467 1497 635 1581 Zawersya
660 1498 692 1559 in
726 1496 812 1560 furtu
844 1496 1015 1560 manifesto
1048 1496 1122 1560 ferri
1150 1498 1282 1559 molaris
1313 1517 1370 1559 seu
1392 1495 1660 1559 molendinatoris

394 1601 492 1684 ipsius
516 1604 695 1666 molendini
720 1624 776 1667 seu
801 1605 885 1667 Petri
918 1604 1043 1667 clientis
1074 1605 1198 1667 domini
1231 1603 1376 1666 eiusdem
1408 1601 1587 1664 molendini
1612 1614 1659 1664 est

393 1708 553 1789 inventus,
576 1711 632 1792 qui
657 1711 732 1774 licet
756 1724 887 1794 propter
912 1711 1017 1793 ipsum
1035 1709 1155 1774 furtum
1180 1710 1256 1772 dicti
1281 1709 1355 1771 ferri
1373 1708 1504 1770 molaris
1528 1707 1658 1769 auribus

392 1815 509 1896 privari
534 1816 698 1880 debuisset
721 1837 780 1900 pro
804 1819 907 1901 prima
924 1818 973 1879 sui
995 1818 1209 1896 correctione,
1227 1833 1333 1879 tamen
1360 1818 1434 1898 quia
1459 1835 1517 1898 pro
1541 1813 1657 1876 eodem

393 1921 599 1986 malefactore
616 1939 662 1986 est
679 1925 772 1988 nobis
784 1925 1000 2008 supplicatum
1020 1939 1056 1987 ut
1071 1925 1131 1986 sibi
1145 1925 1286 2005 graciam
1304 1922 1500 2000 fecissemus,
1517 1921 1657 2002 ideoque

281 2097 283 2102 ¹
392 2029 532 2092 eundem
556 2031 701 2094 Marcum
726 2031 830 2094 iurem
854 2032 989 2114 turpiter
1021 2032 1177 2094 denudari
1201 2045 1232 2092 et
1262 2031 1360 2112 virgis
1384 2041 1470 2092 extra
1495 2028 1656 2090 civitatem

392 2149 422 2196 et
454 2136 522 2198 eius
553 2137 748 2200 territorium
782 2139 852 2201 cedi
877 2153 907 2200 et
939 2139 1055 2221 expelli
1087 2137 1223 2200 lecimus
1255 2157 1311 2220 per
1342 2155 1497 2219 precones
1522 2147 1656 2206 nostros,

393 2243 630 2307 committentes
654 2245 759 2306 eidem
784 2259 819 2308 ut
842 2246 882 2307 de
907 2260 1013 2308 cetero
1038 2258 1069 2307 et
1092 2265 1149 2327 per
1180 2244 1318 2326 amplius
1343 2244 1430 2306 idern
1455 2243 1582 2304 Marcus
1605 2239 1657 2301 fur

392 2347 431 2409 ad
458 2348 619 2413 civitatem
644 2366 674 2414 et
698 2353 766 2414 eius
788 2353 986 2415 territorium
1019 2353 1135 2414 intrare
1164 2371 1229 2413 non
1262 2351 1387 2430 debeat,
1411 2350 1467 2433 qui
1491 2349 1517 2410 si
1542 2349 1581 2411 de
1605 2367 1657 2408 ce·

391 2469 460 2518 tero
485 2457 516 2518 in
542 2458 669 2521 civitate
706 2474 737 2522 et
772 2460 840 2522 eius
871 2460 1032 2522 territorio
1064 2459 1274 2542 reprehensus
1306 2471 1338 2520 et
1370 2459 1518 2520 inventus
1550 2454 1656 2534 luerit,

391 2582 507 2645 penam
532 2584 629 2648 quam
655 2565 849 2629 demeruerit
873 2586 947 2629 mox
972 2567 1115 2650 pacietur
1139 2566 1208 2648 ipso
1233 2563 1327 2627 facto.

417 2779 514 2858 lieris
542 2791 642 2857 sexta
669 2790 823 2877 proxima
850 2795 928 2879 post
956 2789 1078 2861 festum
1107 2787 1203 2860 beate
1232 2785 1445 2875 Margaretlre
1473 2785 1626 2873 virginis.

932 2943 995 3018 (19.
1011 2943 1110 3019 julii).

496 3079 574 3143 Item
599 3082 674 3163 quia
700 3082 853 3145 Clemens
869 3082 953 3145 filius
977 3082 1103 3145 Nicolai
1120 3083 1161 3143 de
1179 3081 1302 3164 Oresye
1319 3079 1476 3162 superiori
1501 3078 1533 3139 in
1551 3077 1652 3138 mani-

389 3181 471 3246 festo
485 3184 648 3249 furticinio
666 3189 832 3252 cuiusdam
846 3190 925 3252 stive
942 3202 973 3252 et
989 3190 1123 3251 aliarum
1138 3207 1243 3250 rerum
1262 3201 1309 3249 est
1325 3198 1490 3268 reppertus
1506 3199 1652 3266 tempore

389 3305 572 3374 treugarum
586 3314 642 3357 seu
655 3297 872 3358 nundinarum
886 3309 940 3358 aut
953 3294 1014 3357 fori
1031 3294 1178 3356 annualis
1191 3295 1282 3356 beate
1300 3291 1501 3373 Margaretlre
1518 3289 1652 3372 virginis

389 3413 420 3460 et
443 3419 481 3460 ex
505 3420 544 3461 eo
569 3401 636 3484 ipsa
668 3403 761 3486 culpa
787 3422 844 3465 sua
876 3403 1021 3484 exigente
1054 3400 1114 3463 fuit
1138 3400 1286 3462 detentus
1319 3412 1350 3461 et
1374 3398 1596 3474 incarceratus,
1620 3409 1652 3458 et

388 3500 518 3566 tandem
543 3521 673 3590 propter
700 3509 768 3591 ipsa
800 3507 961 3571 furticinia
993 3528 1050 3570 sua
1074 3507 1160 3590 juxta
1195 3519 1345 3568 contenta
1368 3502 1527 3586 privilegii
1552 3503 1650 3564 nostri

388 3612 570 3674 communis
601 3614 634 3675 iu
665 3615 810 3698 patibulo
842 3615 1006 3678 communi
1038 3629 1086 3677 est
1117 3631 1289 3696 suspensus
1320 3609 1397 3694 ipsis
1426 3610 1492 3671 suis
1515 3608 1652 3671 maliciis

388 3717 599 3798 exigentibus.

495 3825 572 3889 ltem
597 3819 672 3910 quia
697 3828 843 3912 Mathyas
867 3828 952 3890 filius
977 3828 1067 3889 Pauli
1092 3826 1132 3889 de
1158 3827 1364 3909 Lompnycza
1389 3825 1421 3886 in
1446 3823 1531 3886 furtu
1557 3821 1651 3884 unius

388 3930 476 4012 pallii
502 3931 680 3998 Clementis
696 3935 852 3998 carnificis
875 3935 1010 3997 senioris
1026 3934 1119 4015 jurati
1145 3948 1175 3995 et
1193 3931 1335 3994 concivis
1359 3931 1456 3993 nostri
1486 3943 1532 3991 est
1548 3929 1649 3991 maui-

388 4035 466 4100 ieste
490 4055 666 4122 reppertus,
691 4042 763 4104 ideo
789 4043 894 4125 ipsum
919 4041 1054 4104 detineri
1081 4055 1111 4103 et
1135 4039 1277 4102 auricula
1302 4059 1366 4100 una
1390 4037 1508 4121 privari
1532 4056 1568 4098 ac
1584 4049 1649 4098 tur·

387 4143 469 4225 piter
500 4146 616 4228 expelli
652 4145 787 4210 fecimus
821 4149 862 4210 de
894 4147 1020 4210 civitate
1053 4162 1084 4209 et
1114 4147 1183 4209 eius
1206 4145 1378 4224 territori0,
1413 4143 1650 4207 committentes

388 4250 493 4314 eidem
518 4267 552 4314 ut
575 4253 615 4315 de
632 4269 738 4316 cetero
762 4267 793 4316 et
817 4254 1027 4336 peramplius
1051 4254 1083 4314 in
1108 4253 1209 4336 ipsam
1227 4253 1388 4314 civitatem
1413 4264 1444 4314 et
1468 4250 1536 4312 eius
1560 4250 1648 4312 terri·

387 4358 505 4420 torium
530 4359 647 4422 intrare
671 4380 736 4422 non
761 4361 888 4436 audeat,
913 4361 969 4442 qui
993 4360 1019 4422 si
1044 4360 1083 4422 de
1101 4373 1206 4421 cetero
1231 4373 1262 4420 et
1286 4378 1342 4441 per
1359 4357 1498 4440 amplius
1523 4357 1555 4418 in
1572 4357 1648 4418 civi·

386 4479 450 4527 tate
475 4479 506 4528 et
530 4466 598 4528 eius
621 4467 782 4529 territorio
813 4468 961 4528 inventus
989 4480 1020 4528 et
1052 4479 1220 4549 reppertus
1252 4465 1358 4544 suerit,
1383 4484 1457 4526 mox
1481 4463 1568 4547 juxta
1591 4483 1648 4525 sus

387 4571 541 4634 demerita
566 4593 681 4654 penam
707 4593 804 4655 quarn
829 4573 1023 4635 demeruerit
1046 4573 1198 4656 pacietur.
1595 4559 1598 4566 ¹

493 4679 570 4742 ltem
588 4681 663 4761 quia
688 4681 789 4742 Janlro
808 4679 892 4741 filius
909 4681 991 4742 Petri
1017 4681 1055 4740 de
1074 4680 1150 4741 Bela
1174 4679 1322 4740 saliverat
1346 4697 1419 4740 curn
1437 4679 1531 4740 rebus
1555 4679 1648 4740 certis

388 4787 512 4848 Nicolai
538 4787 666 4870 Subyclr
692 4787 731 4848 de
764 4788 897 4869 Pernya,
930 4787 1018 4867 quod
1047 4785 1166 4847 facturn
1192 4786 1258 4867 ipse
1290 4785 1378 4846 solus
1401 4799 1447 4846 est
1472 4783 1646 4862 confessus,

387 4894 460 4955 ideo
484 4893 587 4975 ipsum
614 4895 792 4956 Janltonem
825 4907 955 4976 propter
979 4893 1165 4955 huiusmodi
1198 4892 1319 4954 malurn
1345 4890 1463 4952 facturn
1487 4910 1582 4952 suum
1607 4891 1646 4952 de

386 5001 513 5065 civitate
529 5000 671 5085 predicta
698 5017 728 5064 et
752 5001 821 5064 eius
837 5001 997 5064 territorio
1015 5001 1148 5084 turpiter
1165 4999 1300 5062 fecimus
1317 4999 1487 5081 expellere,
1512 4997 1646 5060 commi·
