3738 5786
763 531 849 587 Anno
872 541 962 607 1454.
988 553 1029 573 -*-
1053 545 1104 608 24.
1128 533 1209 593 maii.

446 745 544 820 Ferla
573 755 671 819 sexta
699 750 853 838 proxima
882 757 960 838 post
992 749 1114 822 festum
1147 753 1243 822 beate
1271 749 1367 824 Eleae
1396 754 1516 841 regine.

886 907 951 984 (24.
986 904 1078 982 mair).

456 1043 532 1105 Item
558 1045 634 1126 quia
659 1045 769 1107 Petrus
800 1045 941 1127 agricola
973 1045 1058 1107 lilius
1090 1046 1228 1109 condam
1253 1047 1419 1126 iohannis,
1450 1065 1613 1109 successor

347 1171 424 1213 vero
449 1152 586 1213 condam
613 1153 740 1214 Martini
765 1153 853 1235 olym
879 1153 1022 1214 concivis
1051 1154 1161 1233 nostri,
1190 1152 1247 1216 filii
1272 1155 1410 1217 condam
1434 1154 1519 1216 Petri
1536 1154 1611 1216 dicti

348 1257 480 1342 lwsych,
505 1258 647 1322 concivis
671 1272 789 1337 noster,
821 1259 853 1320 id
879 1279 952 1321 curn
985 1257 1156 1323 sufficienti
1181 1274 1211 1322 et
1241 1259 1406 1342 fidedigno
1429 1274 1611 1322 nostrorum

347 1365 529 1427 concivium
553 1365 739 1428 testimonio
772 1366 804 1426 in
837 1366 912 1428 sede
945 1380 1053 1428 nostra
1077 1366 1242 1448 judiciaria
1275 1368 1358 1428 clare
1387 1367 1612 1450 comprobavit

346 1492 454 1533 coram
480 1473 585 1550 nobis,
609 1486 644 1534 ut
668 1473 745 1534 dum
763 1472 917 1554 providus
939 1473 1077 1534 condam
1103 1473 1150 1534 vir
1168 1473 1330 1535 lohannes
1352 1493 1451 1555 gener
1474 1473 1609 1536 condam

346 1579 476 1640 Martini
502 1579 576 1640 dicti
595 1579 715 1658 Terbe,
740 1578 770 1639 in
797 1579 947 1640 extremis
963 1578 1026 1641 vite
1048 1599 1104 1642 sue
1125 1581 1311 1662 temporalis
1335 1580 1520 1658 laborasset,
1536 1593 1610 1642 tunc

347 1684 413 1766 ipse
438 1683 601 1766 quandam
627 1685 753 1747 vineam
771 1704 862 1745 suam
886 1684 917 1745 in
935 1685 1096 1746 territorio
1116 1700 1227 1747 nostro
1252 1686 1334 1748 inter
1363 1687 1490 1748 vineam
1516 1685 1610 1747 Ladi-

346 1789 405 1852 slai
431 1789 556 1852 clientis
579 1789 636 1852 lilii
661 1791 798 1853 condam
823 1790 979 1854 lobannis
1003 1791 1042 1852 de
1066 1791 1195 1854 Babcha
1230 1792 1450 1854 ameridione
1475 1806 1506 1854 et
1530 1792 1611 1853 iuter

346 1897 460 1958 silvam
485 1896 615 1980 Mathye
632 1896 724 1978 jurati
742 1897 817 1959 dicti
836 1897 1054 1980 Kerzorvaych
1077 1918 1094 1958 a
1119 1898 1345 1980 septemtrione
1371 1898 1527 1977 habitam,
1552 1897 1608 1959 de·

348 2023 485 2086 supera
509 2003 561 2064 via
585 2003 750 2065 communi
774 2004 814 2064 ab
839 2003 1004 2066 occidente
1029 2003 1147 2081 habita,
1172 2018 1203 2066 et
1226 2003 1307 2066 inira
1340 2024 1441 2086 usque
1466 2004 1609 2066 rivulum

346 2110 386 2170 ab
412 2109 534 2170 oriente
566 2109 754 2171 existentem
779 2110 941 2172 mediante
962 2110 1023 2172 alia
1048 2111 1100 2172 via
1130 2111 1294 2173 communi
1316 2131 1349 2172 se
1373 2111 1609 2188 extendentem,

345 2235 417 2277 cum
443 2216 595 2277 omnibus
619 2217 684 2277 suis
716 2215 908 2277 utilitatibus
936 2229 967 2278 et
998 2217 1204 2298 pertinenciis
1236 2218 1392 2278 universis
1421 2236 1523 2299 usque
1555 2217 1609 2278 ad-

343 2336 475 2382 ventum
500 2320 558 2383 lilii
581 2321 630 2382 sui
669 2321 793 2403 prelato
825 2322 965 2384 Martino
996 2320 1063 2384 filio
1092 2323 1190 2405 ipsius
1224 2323 1306 2385 Petri
1331 2323 1453 2407 lwsych
1487 2338 1608 2402 tenere,

345 2427 451 2489 colere
478 2441 508 2488 et
538 2428 717 2508 gubernare
743 2446 781 2489 eo
813 2428 912 2490 modo
944 2428 1094 2508 dedisset,
1129 2444 1164 2492 ut
1187 2430 1213 2491 si
1246 2431 1313 2512 ipse
1346 2429 1430 2492 filius
1454 2429 1531 2492 dicti
1555 2431 1607 2491 Jo-

344 2533 460 2595 hannis
483 2534 593 2616 generi
619 2535 719 2616 ipsius
743 2535 871 2596 Martini
903 2549 1049 2618 tempore
1078 2536 1141 2598 vite
1173 2537 1273 2619 ipsius
1298 2537 1426 2599 Martini
1451 2535 1508 2599 frlii
1532 2535 1607 2598 dicti

345 2639 428 2701 Petri
465 2639 526 2702 huc
559 2640 750 2719 advenisset,
782 2654 858 2703 tunc
890 2641 956 2724 ipse
990 2642 1148 2704 Martinus
1180 2643 1316 2705 eandem
1341 2643 1469 2705 vineam
1493 2642 1606 2726 prelati

343 2744 498 2806 lobannis
534 2746 594 2827 ipsi
626 2745 777 2808 filiosuo
810 2747 969 2828 resignare
1002 2762 1033 2809 et
1067 2748 1228 2810 remittere
1261 2749 1422 2812 debuisset
1450 2763 1606 2832 perpetuo

342 2831 591 2933 possidendam;
616 2867 646 2914 et
670 2853 746 2934 quia
771 2853 838 2935 ipse
866 2852 951 2915 filius
982 2854 1057 2916 dicti
1082 2855 1220 2916 condam
1253 2855 1407 2917 Johannis
1431 2875 1534 2938 usque
1565 2856 1605 2918 ad

343 2974 481 3020 mortem
505 2957 619 3042 prelati
644 2960 774 3022 Martini
806 2980 871 3022 non
903 2961 1001 3040 venit,
1026 2983 1063 3024 ex
1088 2981 1126 3024 eo
1152 2962 1238 3024 idem
1271 2964 1427 3025 Martinus
1459 2963 1605 3026 similiter

342 3063 375 3124 iu
400 3064 549 3125 extremis
573 3064 637 3127 vite
661 3085 718 3127 sue
742 3067 929 3148 temporalis
945 3067 1106 3146 laborans,
1132 3068 1269 3130 eandem
1293 3069 1420 3131 vineam
1445 3089 1518 3131 cum
1540 3069 1605 3131 suis

341 3169 533 3232 utilitatibus
557 3185 588 3233 et
611 3172 817 3252 pertinenciis
845 3173 1002 3235 universis
1033 3174 1168 3257 provide
1198 3175 1326 3238 mulieri
1351 3175 1525 3239 Katherina
1549 3196 1604 3238 vo·

341 3289 421 3354 cate,
446 3296 504 3358 pro
528 3289 605 3339 tunc
629 3297 685 3339 sue
708 3281 848 3340 consorti
882 3279 1037 3360 legittime
1070 3280 1217 3344 similiter
1240 3282 1356 3345 eodem
1381 3283 1480 3345 modo
1505 3303 1603 3365 usque

340 3381 516 3444 adventurn
540 3383 674 3466 predicti
699 3383 756 3446 lilii
782 3385 881 3468 ipsius
906 3387 1061 3448 lobannis
1097 3401 1217 3467 tenere,
1243 3388 1348 3450 colere
1374 3403 1404 3451 et
1426 3391 1603 3472 gubernare

340 3491 597 3563 recommisisset,
623 3507 657 3554 ut
678 3492 756 3554 dum
781 3493 848 3575 ipse
873 3491 956 3555 lilius
981 3493 1056 3555 dicti
1082 3494 1220 3556 condam
1244 3494 1399 3558 Iohannis
1422 3495 1484 3558 buc
1508 3496 1601 3558 adve-

341 3596 448 3674 nisset,
474 3611 549 3658 tunc
574 3598 716 3680 predicta
740 3617 820 3659 uxor
844 3599 943 3680 ipsius
968 3599 1097 3660 Martini
1115 3600 1233 3662 dictam
1258 3601 1386 3663 vineam
1411 3601 1510 3685 ipsius
1527 3622 1601 3664 con·

340 3701 415 3762 dam
440 3703 595 3764 iohannis
618 3702 741 3785 prelato
766 3702 834 3766 filio
866 3725 925 3766 suo
958 3705 1141 3768 advenienti
1168 3707 1284 3769 iterum
1316 3709 1476 3771 remittere
1501 3724 1531 3771 et
1555 3729 1601 3771 re·

340 3807 466 3888 signare
500 3809 662 3870 debuisset
692 3810 839 3872 similiter
870 3825 1026 3892 perpetuo
1059 3811 1307 3894 possidendam;
1340 3827 1371 3876 et
1402 3814 1477 3894 quia
1501 3813 1601 3876 eciam

339 3913 425 3974 idem
443 3911 527 3974 filius
543 3914 643 3996 ipsius
660 3915 815 3976 iohannis
838 3929 983 3999 tempore
1005 3917 1068 3979 vite
1085 3917 1206 4000 prefate
1230 3919 1338 3980 uxoris
1356 3919 1455 4002 ipsius
1473 3920 1600 3982 Martini

339 4039 402 4080 non
427 4020 525 4098 venit,
550 4041 587 4081 ex
612 4041 650 4082 eo
676 4021 788 4083 eadem
814 4041 893 4084 uxor
925 4024 1025 4106 ipsius
1050 4025 1179 4086 Martini
1205 4025 1322 4087 dictam
1347 4025 1475 4088 vineam
1502 4027 1601 4109 ipsius

338 4127 475 4188 condam
502 4127 656 4189 lobannis
680 4128 827 4191 similiter
851 4130 882 4190 in
908 4132 1060 4192 extremis
1076 4132 1140 4193 vite
1165 4151 1221 4194 sue
1238 4133 1424 4214 temporalis
1442 4133 1602 4212 laborans,

337 4231 461 4314 prefato
487 4233 580 4295 Petro
603 4235 743 4316 agricole
767 4251 931 4317 postremo
955 4238 1024 4298 viro
1049 4257 1118 4316 suo,
1150 4257 1248 4319 quem
1272 4253 1343 4321 post
1367 4253 1504 4301 mortem
1528 4260 1600 4322 pre·

340 4338 416 4401 dicti
441 4339 570 4401 Martini
596 4341 710 4421 prioris
733 4341 792 4402 viri
816 4343 864 4402 sui
890 4343 1046 4424 legittime
1062 4344 1303 4426 superduxerat,
1328 4346 1475 4408 similiter
1499 4365 1603 4428 usque·

342 4443 517 4506 adventum
542 4445 656 4527 prelati
680 4446 738 4508 filii
762 4449 862 4530 ipsius
887 4449 1041 4510 lobannis
1058 4450 1155 4511 simili
1180 4451 1279 4513 modo
1303 4465 1423 4532 tenere,
1448 4455 1551 4515 colere
1569 4467 1600 4514 et

336 4551 519 4632 gubernare
541 4553 796 4632 recommisisset,
823 4569 858 4616 ut
881 4555 906 4616 si
931 4556 998 4637 ipse
1023 4554 1107 4618 filius
1137 4556 1251 4640 prelati
1277 4558 1413 4620 condam
1446 4559 1600 4622 iohannis

338 4673 485 4739 tempore
509 4659 572 4720 vite
598 4659 696 4741 ipsius
720 4661 803 4722 Petri
828 4661 967 4741 agricole
992 4662 1074 4724 inira
1096 4665 1240 4746 quinque
1266 4667 1317 4726 vel
1341 4686 1394 4727 sex
1419 4687 1520 4729 annos
1543 4667 1597 4729 ad-

336 4765 484 4844 venisset,
509 4777 624 4827 extunc
656 4767 722 4848 ipse
755 4767 866 4828 Petrus
899 4769 1039 4848 agricola
1071 4769 1225 4850 prefatam
1260 4772 1385 4834 vineam
1416 4773 1514 4856 ipsius
1545 4775 1597 4835 Jo-

337 4871 450 4932 hsnnis
475 4872 617 4954 predicto
643 4871 709 4934 filio
734 4893 793 4934 suo
818 4874 978 4936 remittere
1003 4891 1033 4936 et
1058 4877 1217 4957 resignare
1243 4879 1415 4958 debuisset,
1440 4880 1465 4941 si
1490 4895 1596 4942 autem

336 4997 400 5040 non
426 4978 606 5041 advenisset
623 4977 704 5041 infra
726 4979 811 5062 ipsos
836 5000 937 5042 annos
957 4997 1153 5063 prenotatos,
1171 4997 1286 5047 extunc
1303 4985 1370 5068 ipse
1388 4985 1498 5050 Petrus
1515 4988 1596 5071 agri-
