3694 5782
607 521 694 576 Anno
716 513 811 595 1464.
840 550 881 560 —
905 531 954 577 10.
979 517 1087 575 martii.
1417 534 1473 595 521

212 731 333 794 Pasclre
358 731 482 794 domini
507 732 538 792 in
571 751 624 792 ara
648 745 756 792 sancte
790 731 904 792 Crucis
936 729 1041 812 jurare
1072 732 1233 792 tenebitur
1259 730 1290 792 in
1315 750 1365 808 eo,
1390 731 1478 811 quod

211 840 276 920 ipse
303 839 475 900 mortarius
507 857 582 900 suus
614 858 708 899 verus
733 853 763 899 et
796 839 945 920 proprius
973 851 1054 898 esset
1079 851 1109 899 et
1141 837 1229 918 quod
1255 857 1313 898 nec
1338 838 1477 898 eundem

211 967 268 1028 pro
293 945 404 1027 aliqua
436 945 589 1027 peccunia
620 944 826 1022 vendidisset,
858 945 912 1005 sed
939 946 979 1006 ab
1011 943 1126 1006 eodem
1153 942 1274 1005 furatus
1307 945 1478 1019 extitisse13

210 1055 345 1134 ipseque
372 1053 498 1112 Marcus
523 1051 554 1112 in
580 1071 618 1112 eo
643 1049 746 1131 jurare
764 1051 936 1129 tenebitur,
954 1050 1042 1132 quod
1061 1051 1126 1132 ipse
1153 1051 1286 1112 nescivit
1304 1049 1393 1132 quod
1412 1051 1478 1132 ipse

210 1160 382 1221 mortarius
407 1157 528 1220 iuratus
553 1177 617 1218 non
650 1156 770 1235 fuisset,
795 1170 825 1218 et
857 1156 934 1218 dum
960 1156 1120 1236 jurabunt,
1153 1169 1228 1217 tunc
1261 1157 1327 1238 ipse
1353 1158 1479 1218 Marcus

213 1267 320 1348 ipsum
353 1265 541 1326 mortarium
573 1264 632 1346 ipsi
666 1263 815 1325 Michaeli
850 1263 1028 1324 baccalario
1060 1262 1193 1324 reddere
1227 1263 1406 1338 tenebitur3
1439 1263 1478 1324 de

211 1391 278 1453 quo
312 1371 432 1453 iudicio
470 1373 646 1453 juratorum
679 1371 746 1452 ipse
779 1370 974 1431 baccalarius
1005 1389 1068 1430 non
1103 1383 1273 1431 contentus
1304 1369 1479 1452 appellavit

213 1478 252 1539 ad
278 1479 422 1541 seniores
446 1477 577 1557 judices.

320 1602 398 1662 Item
430 1621 558 1663 causam
588 1602 715 1663 racione
749 1601 986 1663 verberacionis
1018 1600 1083 1662 filie
1116 1600 1255 1662 Orrcbar
1279 1615 1309 1662 et
1333 1615 1479 1662 cruenta-

212 1709 317 1770 cionis
341 1728 397 1792 per
421 1728 552 1770 uxorem
580 1707 663 1768 Petri
690 1707 841 1790 Pynthar,
865 1721 896 1770 et
920 1707 995 1789 quia
1015 1707 1082 1789 ipse
1108 1707 1219 1768 Petrus
1243 1708 1343 1788 ipsam
1369 1709 1479 1770 verbe·

211 1817 376 1876 racionem
403 1816 434 1876 in
461 1813 581 1892 judicio
599 1833 706 1875 coram
733 1815 826 1876 nobis
848 1833 914 1876 non
932 1815 1071 1895 negavit,
1089 1814 1255 1874 convictus
1279 1827 1325 1874 est
1350 1815 1381 1874 in
1399 1813 1479 1875 duo·

211 1921 317 1982 decim
343 1933 372 1981 et
390 1921 496 1982 media
514 1921 621 2002 pensis
638 1920 844 1982 denariorum
867 1921 944 1998 leso,
969 1935 999 1981 et
1016 1919 1113 2000 judici
1133 1920 1163 1979 in
1183 1935 1311 1980 centum
1330 1919 1479 1981 denariis.

320 2045 397 2106 ltem
423 2044 498 2126 quia
523 2045 686 2106 lohannes
712 2045 869 2127 Hwalycb
894 2044 997 2106 dictus
1023 2043 1216 2126 vituperavit
1241 2045 1415 2106 Martinum
1433 2045 1479 2127 ju·

212 2151 319 2212 dicem
344 2170 452 2212 coram
479 2149 586 2230 judice
604 2165 634 2211 et
658 2171 697 2211 eo
715 2165 872 2233 presente,
897 2165 927 2212 et
951 2151 1118 2211 convictus
1142 2163 1188 2210 est
1213 2164 1322 2211 contra
1340 2149 1478 2211 eundem

211 2260 390 2320 Martinum
414 2257 553 2338 judicem
580 2258 610 2318 in
637 2257 748 2318 decem
775 2258 907 2334 nrarcis;
932 2257 971 2318 de
997 2277 1062 2339 quo
1080 2256 1201 2338 judicio
1227 2257 1292 2338 ipse
1319 2257 1480 2318 lohannes

211 2385 276 2426 non
303 2379 473 2427 contentus
497 2365 537 2426 ad
560 2364 703 2425 seniores
727 2364 902 2446 appellavit
926 2363 1056 2443 judices.

319 2491 398 2552 ltem
434 2490 526 2570 jurati
560 2489 826 2568 adjudicaverunt
866 2509 993 2550 causam
1032 2489 1264 2550 combustionis
1299 2487 1478 2548 stationum

212 2597 437 2658 communium
462 2615 559 2678 penes
583 2595 751 2658 ecclesiam
784 2596 883 2656 sancti
910 2595 1007 2656 Marci
1042 2594 1235 2674 habitarum,
1259 2595 1290 2656 in
1313 2615 1367 2672 eo,
1392 2592 1480 2675 quod

212 2704 349 2765 comites
374 2703 461 2764 illius
486 2703 560 2764 anni
579 2717 687 2765 nostre
711 2703 951 2764 communitatis
968 2703 1148 2780 existentes,
1173 2704 1278 2785 ipsum
1303 2701 1479 2783 dampnum

213 2811 358 2892 ipsarum
375 2809 556 2871 stacionum
574 2806 747 2870 reformare
763 2811 957 2871 tenebuntur
982 2830 1019 2869 ex
1045 2829 1094 2888 eo,
1112 2810 1188 2890 quia
1213 2809 1272 2891 ipsi
1297 2808 1481 2870 locaverant

212 2917 379 2978 bominem
405 2935 461 2976 seu
486 2914 623 2995 fabrum,
656 2917 715 2996 ipsi
748 2929 855 2978 autem
883 2935 978 2998 super
1015 2915 1118 2997 ipsum
1145 2915 1270 2978 fabrum
1303 2915 1479 2996 dampnum

212 3025 367 3105 premisse
393 3023 626 3086 combustionis
650 3023 811 3104 requirere
840 3035 1010 3103 poterunt;
1035 3022 1074 3084 de
1100 3043 1165 3104 quo
1190 3022 1310 3105 judicio
1334 3023 1478 3104 ipsorum

212 3130 390 3210 juratorum
417 3128 560 3190 Andreas
584 3143 615 3190 et
639 3129 833 3190 Benedictus
853 3150 891 3190 eo
916 3149 1001 3190 anno
1026 3128 1160 3190 comites
1184 3129 1283 3190 nostri
1310 3146 1375 3189 non
1401 3146 1478 3188 con-

212 3237 291 3298 tenti
318 3235 359 3296 ad
383 3235 526 3297 seniores
550 3234 752 3318 appellarunt
777 3235 907 3318 judices.

348 3475 493 3546 Sabbata
524 3473 674 3563 proximo
703 3483 780 3546 ante
809 3475 933 3546 festum
961 3474 1051 3547 beati
1082 3475 1233 3563 Gregorii
1263 3494 1355 3562 pape.

735 3652 796 3719 (10.
829 3649 950 3721 rrrartr‘r').

326 3805 402 3866 ltem
428 3823 555 3865 causam
582 3805 666 3884 inter
683 3804 852 3866 dominum
870 3806 1050 3866 Barnabam
1076 3805 1285 3887 presbiterum
1303 3817 1334 3868 et
1359 3802 1480 3864 Antho-

214 3913 310 3974 nium
334 3909 535 3993 Tbermsych
569 3910 689 3972 dictum
724 3899 853 3972 racione
885 3913 1082 3994 recepcionis
1106 3913 1184 3973 sube
1217 3911 1316 3992 ipsius
1347 3909 1481 3971 domino

216 4019 364 4080 Barnabe
389 4037 445 4099 per
469 4017 573 4099 ipsum
600 4017 812 4096 Anthonium,
838 4032 868 4079 et
893 4039 948 4100 per
977 4019 1081 4100 ipsum
1107 4019 1276 4079 dominum
1302 4018 1480 4078 Barnabam

214 4125 256 4186 ad
282 4145 342 4186 nos
358 4125 502 4186 seniores
524 4124 646 4205 judices
663 4123 869 4207 appellatam,
894 4145 991 4206 quam
1010 4145 1137 4186 causam
1157 4123 1296 4206 prefatus
1321 4124 1481 4184 Barnabas

214 4232 255 4293 ad
280 4231 475 4314 peticionem
502 4233 678 4314 proborum
703 4231 845 4293 virorum
877 4231 1017 4292 cundem
1042 4231 1243 4292 Anthonium
1269 4230 1413 4312 quietum
1434 4229 1479 4288 di·

215 4339 302 4399 misit
328 4352 358 4400 et
383 4339 539 4420 quietum.

324 4463 400 4524 ltem
427 4483 554 4525 causam
581 4464 662 4525 inter
687 4465 817 4525 Petrum
852 4463 1143 4525 molendinatorem
1176 4477 1206 4525 et
1230 4461 1393 4523 Thomam
1417 4481 1480 4522 sar-

216 4585 320 4633 torem
356 4570 515 4652 Magdych
549 4571 677 4632 racione
709 4571 945 4632 verberacionis
977 4591 1032 4654 per
1065 4572 1170 4654 ipsum
1199 4569 1362 4632 Thomam
1387 4589 1482 4651 snper

219 4678 326 4760 ipsum
352 4677 480 4739 Petrum
512 4677 806 4739 molendinatorem
839 4677 920 4740 facte
953 4692 984 4740 et
1007 4698 1064 4761 per
1094 4677 1214 4759 juratos
1239 4677 1321 4738 dicte
1346 4677 1481 4738 civitatis

217 4782 446 4865 adjudicatam,
470 4804 526 4866 per
552 4785 721 4866 ipsumque
740 4785 902 4846 Thomam
921 4785 960 4848 ad
986 4807 1044 4848 nos
1061 4786 1203 4846 seniores
1227 4784 1348 4864 judices
1372 4783 1481 4865 appel-

218 4891 330 4970 latam,
355 4909 414 4950 nos
438 4891 579 4953 seniores
603 4891 725 4974 judices
746 4892 882 4954 eandem
907 4911 1035 4954 causam
1054 4912 1109 4974 per
1133 4889 1273 4973 prelatos
1290 4891 1409 4974 juratos
1425 4889 1479 4949 ad·

218 4997 393 5080 judicatam
418 4996 609 5060 ratificamus
634 5013 665 5061 et
689 4999 915 5082 approbamus.
