3852 5814
643 511 729 568 Anno
751 505 843 587 1478.
869 543 910 552 -
934 523 964 586 4.
988 506 1160 583 septembris.
1473 525 1535 589 475

381 725 459 786 ltem
483 743 611 786 causam
644 724 725 784 inter
751 721 941 783 Michaelem
973 733 1115 780 sutorem
1148 739 1219 780 curn
1247 718 1396 800 Philippo
1422 717 1537 802 Dudey

275 850 334 914 pro
359 829 500 912 quodam
526 850 592 891 uno
624 829 694 891 flor.
719 849 774 910 per
806 827 925 908 juratos
957 825 1170 907 adjudicatam
1201 838 1231 886 et
1263 825 1303 885 ad
1327 824 1468 885 seniores
1492 824 1538 904 ju-

276 937 363 998 dices
387 937 591 1018 appellatam,
615 936 757 998 seniores
788 933 910 1014 judices
941 931 1217 1013 adjudicaverunt,
1245 931 1332 1012 quod
1359 930 1444 992 idem
1479 930 1537 990 Mi·

276 1042 366 1104 chael
398 1055 488 1105 sutor
519 1043 623 1103 eidem
658 1041 807 1123 Philippo
840 1039 955 1122 Dudey
988 1039 1126 1099 eundem
1160 1037 1229 1100 flor.
1258 1038 1326 1100 sine
1359 1037 1538 1118 juramento

275 1148 371 1211 debet
395 1149 569 1212 exsolvere.

302 1367 399 1442 lesia
428 1377 526 1440 sexta
554 1371 707 1458 proxima
737 1377 815 1439 ante
853 1356 1008 1460 (festum)
1044 1367 1245 1439 Natiuitatis
1283 1366 1380 1438 beate
1408 1365 1513 1436 llarie

829 1511 985 1579 vrrgmrs.

782 1646 826 1724 (4.
851 1646 1037 1721 septembris).

382 1789 459 1850 Item
485 1787 561 1869 quia
585 1788 676 1850 litere
701 1806 796 1868 super
827 1786 962 1847 domum
986 1785 1111 1847 Nicolai
1145 1785 1292 1868 Poyeycz
1323 1785 1486 1866 perierunt
1510 1797 1540 1844 et

277 1894 318 1956 ad
341 1893 458 1956 trinam
483 1891 642 1954 forensem
668 1893 830 1976 publicam
849 1893 1141 1975 proclamacionem
1164 1892 1292 1954 easdem
1319 1890 1457 1974 reperire
1475 1909 1540 1951 non

276 2014 461 2084 potuerunt,
486 2001 559 2062 ideo
585 2001 799 2061 communitas
827 2000 968 2061 decrevit
993 1998 1098 2060 eidem
1124 1999 1198 2060 dare
1223 1999 1330 2060 literas
1354 2011 1385 2059 et
1408 1996 1477 2078 jura
1501 1997 1540 2057 de

276 2127 364 2171 uovo
391 2127 486 2189 super
510 2107 645 2169 eandem
671 2106 805 2170 domum
831 2106 919 2188 quod
945 2105 1086 2166 liberast
1110 2104 1246 2166 eandem
1272 2102 1410 2166 vendere
1428 2116 1458 2164 et
1475 2122 1540 2184 quo

277 2215 346 2277 vult
369 2213 474 2276 facere
499 2234 535 2276 ac
559 2213 730 2296 disponere
755 2231 820 2295 quo
845 2212 905 2274 sibi
927 2212 1041 2294 placet.

384 2321 461 2382 ltem
487 2339 614 2382 causam
640 2320 721 2380 inter
753 2319 920 2380 dominam
950 2316 1147 2380 Dorotheam
1181 2329 1361 2378 consortem
1387 2315 1541 2378 lobannis

279 2429 401 2511 Polyalc
426 2441 457 2489 et
480 2426 689 2488 Katherinam
708 2445 840 2486 uxorem
860 2423 1014 2506 Stephani
1031 2423 1148 2486 literati
1173 2423 1301 2484 racione
1326 2421 1540 2504 quorumdam

169 2591 173 2600 .
278 2555 419 2597 asserum
451 2550 589 2616 quatuor
621 2533 837 2615 plaustrorum
869 2531 962 2612 jurati
993 2530 1275 2612 adjudicaverunt,
1308 2529 1396 2611 quod
1428 2529 1540 2590 eadem

282 2642 377 2704 debet
401 2640 504 2720 jurare
527 2659 623 2721 super
647 2657 696 2717 e0,
714 2638 801 2720 quod
827 2637 940 2700 eadem
965 2656 1030 2698 non
1048 2649 1174 2698 tenetur
1190 2635 1251 2697 sihi
1276 2635 1407 2696 eosdem
1424 2654 1542 2695 asseres

281 2768 340 2810 uec
365 2747 452 2829 ligna
477 2747 508 2808 in
534 2747 632 2826 vulgo
657 2745 716 2807 lez.

386 2853 464 2916 ltem
490 2854 522 2914 iu
540 2851 625 2914 facto
649 2852 731 2913 inter
747 2851 876 2914 easdem
894 2869 951 2933 pro
969 2852 1110 2933 quodam
1136 2870 1201 2913 uno
1219 2849 1299 2929 flor,
1316 2849 1455 2912 eundem
1473 2848 1541 2910 flor.

281 2961 366 3022 idem
393 2959 556 3022 Dorothea
581 2959 722 3040 requirat
747 2971 777 3020 et
794 2957 909 3019 habeat
933 2977 949 3018 a
975 2977 1040 3038 quo
1066 2958 1185 3040 incepit
1208 2958 1348 3039 recipere
1372 2955 1541 3038 pecuniam

280 3067 429 3130 videlicet
453 3088 470 3128 a
496 3065 655 3148 Gregorio
681 3064 747 3127 filio
773 3064 909 3126 condam
935 3065 1090 3126 lohannis
1115 3064 1278 3127 Perouicz.

385 3174 462 3236 ltem
488 3193 615 3235 causam
634 3173 716 3234 inter
733 3171 898 3233 dominam
916 3172 1033 3232 Nesam
1051 3185 1232 3232 consortem
1249 3169 1375 3231 Nicolai
1394 3167 1542 3230 Horuath

280 3295 311 3342 et
336 3280 533 3362 Stephanum
558 3279 719 3340 literatum
746 3278 885 3356 juratum
914 3277 1106 3339 modernum
1140 3291 1170 3338 et
1196 3275 1375 3356 Georgium
1399 3275 1542 3335 Zalaricz

280 3389 408 3449 racione
433 3387 546 3467 viginti
572 3385 653 3464 flor,
678 3385 771 3468 jurati
804 3383 1068 3466 adjudicaverunt
1100 3403 1195 3466 super
1219 3402 1269 3461 e0,
1294 3381 1383 3463 quod
1408 3381 1544 3462 quilibet

280 3513 393 3556 eorum
417 3492 594 3554 solusmeth
626 3491 721 3552 debet
744 3489 847 3572 jurare
877 3491 908 3551 in
940 3510 992 3551 ara
1026 3503 1133 3552 sancte
1168 3489 1290 3568 Crucis,
1322 3487 1410 3570 quod
1435 3487 1544 3548 nullus

282 3619 393 3662 eorum
419 3619 483 3660 nou
509 3612 555 3660 est
579 3596 747 3660 fideiussor
771 3595 891 3679 prefate
925 3596 1056 3657 domine
1080 3597 1163 3658 Nese
1188 3616 1246 3678 pro
1272 3595 1381 3656 decem
1408 3595 1477 3656 flor.

387 3705 464 3768 ltem
491 3708 522 3766 in
556 3703 639 3766 lacto
669 3705 847 3784 Margarete
880 3702 1111 3764 inhabitatricis
1143 3702 1279 3764 civitatis
1303 3719 1375 3762 cum
1407 3699 1543 3760 Nicolao

281 3811 436 3873 Horwath
462 3811 551 3893 quod
576 3811 676 3892 ipsam
709 3809 863 3890 percussit
887 3823 918 3871 et
950 3810 1140 3887 verberavit,
1166 3808 1254 3889 quod
1288 3807 1375 3868 solus
1399 3825 1463 3866 non
1489 3823 1543 3866 ne-

280 3919 378 4000 gavit,
402 3917 495 4000 jurati
520 3917 785 3998 adjudicaverunt
808 3931 904 3998 super
935 3935 984 3993 eo,
1008 3916 1095 3996 quod
1130 3915 1216 3975 idem
1243 3914 1421 3993 Margareta
1446 3911 1541 3972 debet

282 4023 385 4106 jurare
410 4022 638 4086 secundameth
657 4022 804 4084 similiter
828 4041 923 4103 super
947 4040 996 4100 eo,
1021 4021 1108 4102 quod
1127 4021 1262 4083 eandem
1289 4020 1374 4080 idem
1392 4017 1545 4079 Nicolaus

284 4129 431 4191 Horuath
448 4130 602 4211 percussit
618 4143 649 4191 et
666 4129 855 4207 verberavit,
880 4143 910 4188 et
927 4142 1096 4210 postquam
1116 4127 1200 4188 idern
1217 4126 1433 4207 juramentum
1450 4143 1544 4185 suum

283 4235 478 4318 deposuerit,
503 4235 656 4297 Nicolaus
680 4234 827 4296 Horuath
853 4235 948 4296 debet
976 4235 1036 4295 sihi
1068 4233 1191 4295 solvere
1217 4233 1327 4294 decem
1351 4251 1465 4313 pensas
1490 4229 1544 4292 de·

284 4343 459 4420 uariorum,
484 4341 582 4424 judici
606 4355 637 4403 et
660 4340 770 4422 juratis
794 4354 922 4402 centum
948 4340 1107 4403 denarios,

388 4449 465 4511 ltem
491 4446 631 4510 infacto
663 4447 819 4508 consortis
852 4447 947 4508 blasii
980 4446 1109 4507 sartoris
1133 4459 1163 4507 et
1187 4445 1269 4506 inter
1302 4463 1432 4505 uxorem
1459 4444 1545 4504 Luce

283 4556 432 4617 Ribaricz
458 4556 585 4616 racione
610 4554 824 4636 percussionis
842 4569 872 4615 et
889 4553 1135 4631 verberacionis,
1152 4551 1246 4634 jurati
1267 4550 1542 4631 adjudicaverunt,

282 4661 371 4743 quod
396 4662 509 4723 eadem
534 4680 613 4722 uxor
636 4659 733 4722 Blasii
760 4660 855 4721 debet
879 4659 982 4739 jurare
1007 4658 1237 4721 secundameth
1261 4677 1357 4738 super
1381 4676 1430 4736 e0,
1456 4656 1544 4737 quod

283 4767 418 4831 eandem
443 4767 510 4849 ipsa
535 4767 714 4828 verberavit
739 4779 769 4827 et
786 4764 957 4847 percussit;
987 4779 1157 4846 postquam
1175 4764 1336 4844 juraverit,
1361 4782 1441 4825 uxor
1458 4764 1545 4824 Luce

283 4875 378 4936 debet
403 4873 463 4935 sihi
480 4873 604 4935 solvere
623 4872 736 4953 viginti
754 4891 868 4954 pensas
885 4871 1102 4950 denariorum,
1120 4871 1217 4952 judici
1231 4887 1262 4933 et
1275 4870 1385 4948 juratis
1402 4870 1545 4952 quinque

285 5000 399 5064 pensas
424 4979 639 5041 denariorum.
