3694 5782
593 549 678 605 Anno
701 545 793 626 1467.
818 584 862 594 -
886 564 919 642 9.
944 553 1094 626 januarii.
1416 573 1472 636 311

210 756 332 818 abscidi
358 769 389 818 et
413 771 499 819 extra
523 757 685 820 civitatem
703 760 845 822 baculari
871 774 901 822 et
918 762 1033 844 expelli
1060 777 1090 825 et
1114 783 1280 846 nunquam
1306 765 1345 826 ad
1370 765 1472 848 ipsam

211 864 373 926 civitatem
399 877 430 926 et
455 865 523 926 eius
550 867 745 928 territorium
777 869 898 948 venire,
933 889 995 950 quc
1021 871 1045 931 si
1079 872 1269 954 reprehensa
1300 873 1477 954 aliquando

207 967 315 1049 fuerit,
328 985 444 1033 extunc
457 991 573 1054 penam
588 992 684 1054 quarn
699 975 805 1034 subire
823 975 962 1037 debebat
980 976 1123 1058 pacietur
1135 977 1221 1060 juxta
1239 1000 1294 1040 sua
1309 979 1475 1042 demerita.

317 1077 394 1139 Item
420 1077 566 1139 Thomas
583 1093 671 1140 sutor
695 1099 857 1142 successor
882 1082 1018 1144 condam
1037 1083 1207 1146 Francisco
1232 1086 1349 1147 sutoris
1367 1101 1475 1147 contra

209 1186 411 1267 Stephanum
437 1185 691 1269 H'erwoyewych
710 1187 843 1266 dictum,
868 1190 996 1250 racione
1014 1191 1249 1252 verberacionis
1274 1194 1392 1254 sororis
1408 1214 1475 1272 sue,

208 1292 402 1353 secundario
427 1293 551 1372 citatus,
576 1293 608 1354 in
633 1293 754 1374 judicio
779 1315 844 1356 non
874 1299 1055 1376 comparuit
1079 1317 1185 1358 coram
1212 1300 1315 1362 nobis.

252 1509 349 1584 Faria
377 1520 475 1585 sexta
504 1516 658 1602 proxima
693 1525 767 1603 post
797 1515 918 1586 festam
940 1515 1197 1606 Epiphaninrnm
1226 1519 1356 1588 Domini
1386 1519 1424 1590 de

527 1659 612 1710 anno
641 1638 769 1710 Domini
800 1638 980 1712 ucccclx
1010 1640 1160 1729 septimo.

625 1790 672 1870 (9.
689 1794 840 1868 januan't',
863 1812 932 1852 ann.
958 1791 1065 1870 1467).

319 1931 397 1992 ltem
423 1951 481 1992 nos
505 1932 611 2012 judex,
643 1932 749 2012 jurati,
781 1933 967 2010 consiliarii,
992 1934 1196 2014 universique
1229 1936 1313 1996 cives
1337 1936 1472 1996 civitatis

213 2039 494 2118 Montisgrecensis
517 2053 546 2100 et
571 2053 637 2100 tota
662 2041 876 2100 communitas
901 2041 1055 2100 memorie
1081 2041 1356 2118 commendamus,
1384 2043 1471 2122 qnod

210 2145 286 2224 quia
319 2145 453 2226 provida
485 2145 616 2206 domina
650 2145 823 2206 Katherina
856 2165 986 2207 consors
1011 2147 1165 2207 Anthonii
1192 2147 1305 2225 Rotth,
1337 2149 1471 2208 senioris

207 2251 303 2331 jurati
329 2267 360 2312 et
391 2251 531 2312 concivis
563 2252 673 2329 nostri,
706 2252 744 2310 de
773 2254 868 2312 rebus
892 2266 923 2312 et
947 2253 1040 2312 bonis
1064 2267 1094 2312 et
1119 2253 1372 2333 possessionibus
1397 2273 1472 2314 con-

213 2357 286 2418 dam
313 2358 467 2419 Demetrii
499 2358 615 2418 rasoris
639 2377 831 2438 pannorum,
860 2358 939 2418 olim
964 2358 1055 2438 jurati
1081 2373 1111 2418 et
1137 2359 1278 2419 concivis
1302 2359 1411 2438 nostri,
1437 2359 1468 2420 in

212 2465 330 2543 quibus
354 2464 447 2524 nobis
480 2476 510 2525 et
542 2463 764 2524 communitati
790 2464 873 2524 dicte
907 2463 1043 2524 civitatis
1075 2465 1225 2525 videlicet
1260 2465 1291 2525 in
1326 2465 1470 2545 birsagiis

211 2570 243 2630 in
268 2570 382 2632 eodem
408 2583 536 2631 caterno
571 2581 680 2630 nostro
712 2569 899 2650 conscriptis
924 2569 1099 2649 plenariam
1124 2569 1379 2631 satisfaccionem
1413 2571 1470 2631 im·

212 2676 334 2756 pendit,
359 2676 432 2737 ideo
457 2694 516 2736 nos
540 2675 674 2737 eandem
709 2675 874 2736 dominam
908 2676 1114 2737 Catherinam
1140 2677 1170 2736 in
1197 2676 1341 2757 plenario
1366 2677 1470 2737 domi·

211 2783 266 2844 nio
298 2803 403 2844 rerum
436 2796 467 2843 et
499 2784 659 2843 bonorum
692 2782 836 2844 eiusdem
871 2782 1008 2843 condam
1042 2782 1195 2843 Demetrii
1228 2783 1343 2842 rasoris
1375 2783 1470 2844 relin-

207 2889 337 2968 quimus
360 2909 416 2970 per
440 2889 574 2950 eandem
599 2887 808 2968 gubernanda
833 2901 864 2949 et
888 2887 1037 2967 regenda.

314 2995 392 3056 Item
418 2995 599 3077 Stephanus
631 2993 719 3054 laber
753 2995 876 3075 Mylecz
913 2993 1025 3072 dictus,
1058 2993 1252 3054 inhabitator
1285 2994 1366 3054 dicte
1392 2993 1467 3054 civi·

206 3101 288 3178 tatis,
314 3101 345 3162 id
371 3121 443 3162 cum
477 3101 646 3162 sufficienti
681 3099 866 3162 testimonio
899 3113 1059 3160 certorum
1091 3101 1266 3180 proborum
1301 3114 1331 3160 et
1364 3100 1470 3160 conci·

207 3207 294 3268 vium
320 3221 502 3269 nostrorum
528 3207 559 3268 in
585 3207 660 3268 sede
685 3221 792 3268 nostra
810 3206 976 3286 judiciaria
1002 3206 1224 3286 comprobavit
1242 3225 1349 3266 coram
1368 3207 1470 3284 nobis,

207 3327 241 3373 ut
265 3313 342 3374 dum
368 3313 502 3394 provida
527 3313 665 3374 condam
691 3312 806 3373 mulier
824 3313 924 3373 Elena
951 3325 1072 3382 vocata,
1098 3311 1176 3371 olim
1194 3312 1335 3372 concivis
1353 3325 1470 3390 nostra,

208 3440 340 3482 consors
364 3420 508 3481 eiusdem
534 3420 686 3500 Stephani
712 3418 790 3479 labri
818 3419 848 3478 in
867 3418 1015 3479 extremis
1039 3418 1103 3478 vite
1128 3437 1184 3478 sue
1209 3417 1395 3498 temporalis
1413 3418 1469 3498 (la-

211 3527 375 3608 borasset),
401 3527 533 3588 domum
559 3539 589 3587 et
606 3523 742 3588 fundum
767 3545 860 3587 suum
878 3525 983 3586 eidem
1001 3524 1263 3586 testamentaliter
1287 3524 1422 3605 legasset
1439 3537 1470 3586 et

207 3633 390 3712 dimisisset,
408 3633 481 3694 ideo
499 3634 669 3694 commissa
687 3647 732 3694 est
746 3631 850 3694 eidem
865 3631 932 3692 dari
951 3631 1041 3692 litera
1058 3632 1298 3692 communitatis
1317 3632 1468 3713 predicte.

313 3739 391 3799 ltem
424 3740 498 3820 quia
534 3739 658 3820 providi
696 3753 726 3798 et
757 3738 881 3800 honesti
918 3737 976 3798 viri
1010 3736 1190 3818 Stephanus
1222 3738 1466 3820 Mogrinowych

205 3843 319 3922 dictus,
345 3858 376 3906 et
399 3845 590 3906 Valentinus
614 3845 705 3905 aliter
732 3845 891 3924 Pangracz
910 3844 1022 3921 dictus,
1047 3845 1189 3905 seniores
1213 3843 1306 3924 jurati
1333 3857 1363 3905 et
1388 3864 1463 3905 con·

206 3951 290 4012 cives
315 3951 426 4028 nostri,
451 3951 482 4011 id
508 3970 580 4012 curn
604 3949 772 4011 sufficienti
805 3950 991 4011 testimonio
1023 3969 1129 4009 coram
1164 3949 1256 4011 nobis
1281 3953 1469 4033 comproba-

206 4071 289 4134 runt,
306 4070 342 4118 ut
359 4057 435 4117 dum
456 4057 578 4139 Symon
604 4058 711 4138 Sypek
729 4056 841 4134 dictus,
860 4056 1053 4116 inhabitator
1071 4056 1155 4116 dicte
1173 4056 1319 4134 civitatis,
1338 4057 1466 4118 eosdem

206 4182 280 4223 suos
314 4175 500 4224 executores
533 4176 564 4224 et
595 4163 831 4224 commissarios
864 4162 1078 4223 constituisset
1110 4183 1146 4222 ac
1170 4182 1219 4223 res
1244 4177 1274 4224 et
1298 4165 1382 4224 bona
1414 4184 1469 4224 sua

206 4288 300 4351 super
326 4268 456 4330 eosdem
483 4269 653 4329 dimisisset
678 4269 855 4349 eademque
873 4269 968 4329 vendi
995 4281 1025 4330 et
1046 4288 1103 4350 pro
1128 4269 1235 4330 anima
1260 4290 1315 4330 sua
1341 4271 1469 4352 exponi,

208 4375 280 4436 ideo
307 4375 366 4457 ipsi
393 4374 567 4456 quamdam
592 4375 704 4436 silvam
731 4375 761 4435 in
794 4375 955 4436 territorio
987 4375 1130 4435 eiusdem
1155 4375 1292 4436 civitatis
1316 4376 1469 4454 habitam,

207 4481 347 4542 Martino
371 4481 516 4562 arcupari
542 4480 623 4543 dicte
650 4481 784 4542 civitatis
809 4481 1036 4542 vendidissent.

312 4587 390 4648 ltem
415 4587 550 4669 provida
575 4587 706 4648 domina
740 4587 913 4649 Katherina
946 4606 1077 4647 consors
1102 4585 1257 4646 Anthonii
1293 4585 1388 4664 Roth,
1420 4605 1467 4646 se-

207 4694 304 4755 nioris
336 4693 429 4773 jurati
456 4707 485 4755 et
521 4693 661 4754 concivis
693 4693 802 4771 nostri,
833 4694 863 4754 in
898 4713 1032 4775 persona
1058 4693 1114 4752 viri
1150 4692 1286 4753 condam
1314 4691 1467 4752 Demetrii

206 4800 331 4880 rasoris,
363 4800 440 4860 olim
467 4800 601 4861 senioris
633 4799 725 4881 jurati
759 4813 789 4860 et
821 4800 961 4860 concivis
998 4799 1116 4878 nostri,
1149 4818 1206 4880 pro
1239 4798 1381 4880 quodam
1414 4797 1467 4857 de·

207 4905 271 4966 bito
297 4905 441 4967 Conradi
475 4907 605 4966 Rawsar
630 4921 739 4967 contra
763 4907 901 4967 eundem
928 4907 1032 4989 primo
1069 4906 1160 4966 citata
1198 4925 1263 4965 non
1289 4903 1469 4986 comparuit

206 5031 313 5073 coram
339 5012 441 5075 nobis.
