3838 5786
681 581 880 657 Ann01475.
905 613 945 624 -
970 575 1021 641 18.
1045 581 1158 655 aprilis.
1488 597 1549 659 441

394 793 472 853 ltem
497 792 528 851 in
554 811 647 852 causa
680 791 808 852 racione
843 791 918 872 equi
951 791 1033 852 inter
1070 789 1270 852 Anthonium
1306 791 1486 853 institorem
1523 806 1554 853 et

182 903 184 907 ’
290 899 433 960 Blasium
452 896 625 976 Zteniczki,
651 911 697 958 est
714 895 933 976 adjudicatum
950 916 1006 978 per
1023 897 1145 978 judices
1173 911 1312 978 prestare
1336 897 1553 978 juramentum

290 1004 396 1066 eidem
414 1004 590 1082 anthonio,
614 1002 703 1084 quod
721 1003 786 1085 ipse
805 1022 917 1064 sanum
936 1021 1055 1084 equum
1073 1003 1205 1064 dederat
1221 1015 1252 1064 et
1276 1016 1432 1084 quantum
1451 1003 1554 1081 valet;

291 1125 321 1173 et
345 1111 407 1173 hoc
431 1109 583 1193 prestabit
607 1123 721 1172 octavo
747 1110 799 1171 die
823 1131 840 1171 a
866 1109 917 1170 die
942 1110 1093 1192 presenti.

396 1218 475 1287 ltern
499 1237 556 1300 per
579 1216 820 1278 attestacionem
842 1217 1019 1298 proborum
1037 1215 1180 1276 virorum
1204 1216 1327 1297 judices
1350 1217 1554 1298 adjudicave-

290 1339 374 1402 runt,
400 1323 488 1405 quod
513 1323 676 1384 lohannes
700 1323 739 1384 de
765 1323 927 1402 owicza,
951 1338 1050 1400 sutor,
1080 1323 1223 1384 concivis
1248 1337 1365 1403 noster,
1391 1338 1437 1386 est
1462 1344 1555 1386 verus

290 1447 321 1494 et
343 1431 520 1512 legittimus
545 1444 694 1491 executor
722 1431 869 1491 omnium
904 1432 1064 1491 bonorum
1097 1430 1234 1491 condam
1261 1430 1416 1492 Johannis
1439 1433 1555 1493 sutoris

289 1537 328 1599 de
353 1538 506 1599 owicza
523 1537 671 1598 similiter
695 1536 837 1597 concivis
853 1537 963 1615 nostri,
982 1536 1113 1597 illorum
1131 1537 1291 1598 bonorum
1314 1551 1344 1598 et
1368 1557 1554 1618 rerumque

289 1645 452 1707 commisit
476 1663 635 1726 exponere
660 1663 718 1725 pro
742 1644 850 1705 anima
873 1664 940 1706 sua.

396 1751 473 1812 ltem
499 1751 532 1812 in
556 1771 650 1812 causa
668 1751 750 1812 inter
773 1749 976 1813 Anthonium
994 1751 1173 1812 institorem
1198 1763 1229 1812 et
1254 1751 1489 1832 Margaretham
1507 1771 1554 1812 re·

290 1859 398 1920 lictant
424 1857 563 1919 condam
595 1857 737 1918 Simonis
761 1857 866 1936 Zterlr,
898 1857 964 1939 ipsa
999 1856 1200 1937 Margaretba
1233 1857 1338 1940 primo
1371 1858 1463 1920 citata
1489 1877 1553 1919 non

293 1964 483 2047 comparuit.

292 2200 387 2276 Fetia
406 2207 514 2276 tercia
534 2203 685 2292 proxima
706 2211 782 2294 post
801 2204 924 2275 sestam
939 2202 1101 2292 Tybntcii
1121 2212 1153 2275 et
1173 2202 1343 2276 Valeriani
1363 2207 1553 2276 martirum.

817 2354 882 2431 (18.
906 2356 1036 2432 aprilis).

400 2498 476 2560 ltem
502 2517 558 2580 per
575 2497 771 2579 fidedignam
788 2499 1031 2560 attestacionem
1049 2500 1225 2581 proborum
1250 2498 1405 2576 virorum,
1430 2497 1552 2559 Antho-

291 2604 363 2666 nius
380 2603 464 2666 filius
482 2603 659 2666 Clementis
677 2604 716 2665 de
735 2603 971 2666 Chernomercz
993 2604 1216 2686 comprobavit
1233 2604 1400 2685 quomodo
1417 2605 1553 2666 condam

292 2710 444 2774 dominus
469 2711 616 2793 Filippus
640 2711 718 2772 olim
743 2711 900 2793 plebanus
916 2712 1015 2773 sancti
1041 2711 1170 2773 Martini
1191 2711 1223 2772 in
1248 2711 1313 2772 suis
1337 2711 1486 2773 extremis
1510 2712 1554 2772 le-

289 2817 377 2899 gavit
401 2817 505 2879 eidem
531 2817 697 2878 Anthonio
730 2816 893 2898 quandam
918 2817 1045 2878 vineam
1073 2818 1104 2879 in
1139 2832 1249 2880 monte
1273 2817 1377 2900 llycza
1401 2817 1484 2880 inter
1508 2817 1553 2879 vi·

292 2944 368 2986 neas
392 2924 531 2986 Emerici
557 2923 762 2984 Sidowchich
796 2925 836 2984 ab
868 2943 930 2985 una
954 2937 1042 3006 parte
1076 2939 1107 2985 et
1130 2924 1286 2986 Anthonii
1309 2926 1419 3006 generi
1453 2925 1554 2987 Pano-

289 3031 389 3108 wicz;
412 3044 443 3093 et
466 3050 561 3112 super
586 3029 699 3090 eadem
724 3029 852 3091 dabitur
874 3031 933 3092 sibi
959 3031 1050 3092 litera
1075 3031 1324 3094 communitatis.

397 3136 474 3198 ltem
500 3136 532 3197 in
558 3156 652 3198 causa
677 3137 759 3198 inter
783 3136 974 3198 Michaelem
991 3156 1146 3218 generum
1165 3137 1302 3198 condam
1328 3137 1414 3198 Luce
1439 3137 1555 3199 sutoris

291 3257 321 3305 et
358 3243 535 3324 Georgium
573 3242 782 3326 Hocchewar‚
815 3244 902 3305 idem
936 3243 1135 3306 Hocchewar
1166 3243 1309 3306 secundo
1343 3245 1456 3306 citatus
1487 3265 1553 3307 non

292 3349 483 3432 comparuit.

396 3455 473 3518 ltem
499 3456 531 3517 in
556 3476 649 3518 causa
675 3457 756 3517 inter
781 3457 937 3519 Jacobum
966 3457 1124 3537 Kontigar
1149 3471 1179 3518 et
1204 3456 1383 3538 Georgium
1401 3469 1555 3538 sutorem,

291 3561 377 3623 idem
404 3561 564 3643 Georgius
587 3577 676 3624 sutor
699 3563 804 3644 primo
829 3565 942 3624 citatus
966 3584 1031 3625 non
1057 3565 1246 3645 comparuit.

397 3669 475 3730 ltern
501 3670 576 3750 quia
601 3669 690 3730 litere
715 3689 811 3751 super
833 3670 968 3732 domum
992 3671 1121 3732 Thome
1146 3671 1313 3732 Zorethicz
1337 3671 1501 3752 perierunt
1525 3683 1555 3731 et

291 3775 330 3837 ad
356 3775 472 3836 trinam
490 3776 782 3857 proclamacionem
800 3777 962 3859 publicam
980 3776 1109 3838 easdem
1128 3777 1266 3859 reperire
1280 3797 1344 3838 non
1371 3789 1555 3858 potuerunt,

291 3881 364 3942 ideo
390 3881 605 3943 communitas
629 3882 770 3943 decrevit
794 3883 900 3944 eidem
923 3883 998 3945 dare
1023 3883 1092 3964 jura
1117 3897 1147 3944 et
1163 3884 1270 3944 literas
1294 3884 1333 3944 de
1358 3902 1443 3944 novo
1460 3901 1555 3964 super

291 3989 427 4050 eandem
452 3988 598 4066 domum,
631 4002 662 4050 et
693 3990 795 4050 eciam
820 3989 907 4071 quod
940 3991 1040 4051 libere
1064 4003 1169 4071 potest
1201 3990 1336 4052 eandem
1362 3989 1500 4050 vendere
1525 4002 1555 4050 et

291 4094 461 4177 disponere
486 4115 693 4177 quocumque
719 4097 778 4158 sibi
804 4097 954 4178 placeret.

396 4201 474 4263 Item
492 4201 524 4262 in
542 4221 635 4262 causa
654 4203 735 4264 inter
752 4203 953 4265 Anthonium
971 4204 1149 4265 institorem
1174 4217 1203 4264 et
1220 4202 1427 4264 Valentinum
1444 4221 1555 4284 sporar

294 4309 421 4370 racione
446 4307 607 4371 fructuum
625 4310 793 4372 cuiusdam
812 4311 912 4390 nucis,
936 4331 992 4393 per
1016 4310 1137 4391 juratos
1154 4311 1372 4392 adjudicatum
1391 4322 1448 4388 est,
1465 4308 1554 4390 quod

293 4415 378 4478 idem
404 4415 587 4479 Anthonius
624 4431 670 4478 est
702 4417 866 4479 convictus
898 4417 931 4478 in
963 4419 1109 4500 potencia
1142 4418 1216 4499 quia
1242 4416 1361 4479 fructus
1386 4416 1476 4478 nucis
1507 4435 1554 4477 re·

291 4523 385 4604 cepit,
410 4537 440 4585 et
464 4521 585 4585 fructus
609 4524 704 4586 debet
728 4523 872 4586 reddere.

397 4629 473 4690 ltem
499 4630 531 4690 in
556 4650 650 4692 causa
675 4631 757 4692 inter
781 4631 911 4692 Petrum
929 4631 1025 4692 chh
1051 4647 1081 4692 et
1107 4632 1235 4692 Petrum
1255 4631 1365 4692 Koncz
1387 4629 1481 4710 jurati
1498 4629 1553 4691 ad-

290 4735 524 4818 judicaverunt,
548 4738 636 4819 quod
662 4738 772 4801 Petrus
798 4738 909 4800 Koncz
933 4739 1036 4801 solvet
1059 4738 1162 4799 eidem
1190 4745 1332 4818 precium
1359 4738 1453 4798 unius
1478 4736 1552 4797 anni

291 4855 322 4902 et
346 4862 500 4923 expensas
523 4864 618 4925 super
641 4845 758 4925 quibus
782 4843 899 4926 jurabit
923 4845 954 4906 in
980 4859 1093 4905 octavo
1118 4845 1180 4906 die.

397 4948 475 5010 ltem
501 4949 530 5009 in
557 4969 649 5010 causa
675 4951 757 5012 inter
782 4951 926 5012 Marcum
951 4949 1130 5011 carnificem
1157 4964 1188 5010 et
1214 4949 1410 5017 Demetrium
1438 4947 1552 5017 Siczko

291 5055 377 5118 idem
402 5057 527 5120 Marcus
551 5056 725 5140 appellavit
750 5057 781 5118 in
806 5057 1004 5139 presenciam
1030 5057 1206 5122 seniorum.
