3644 5788
1681 13 1810 209 Ἴ

438 503 500 566 218
830 509 916 563 Anno
939 503 1031 584 1462.
1061 539 1101 548 —-
1126 519 1175 581 19.
1199 507 1307 566 martti.

905 717 1049 780 Andreas
1080 738 1223 800 arcupat.

904 823 1064 904 Georgius
1088 825 1329 907 Zteclarychyn.

906 929 1053 992 Thomas
1077 929 1213 1012 Glazyn.

902 1037 1063 1098 lohannes
1085 1049 1182 1099 sutor.

905 1144 1030 1205 Marcus
1054 1157 1152 1206 sutor.

904 1250 1079 1332 Gregorius
1102 1263 1199 1312 sutor.

903 1357 1028 1418 Blasius
1051 1355 1200 1438 frenipar.

902 1463 1084 1546 Stephanus
1107 1478 1205 1526 sutor.

904 1571 1048 1632 Andreas
1072 1569 1212 1652 frenipar
1240 1569 1432 1652 Zlepchych.

905 1677 1016 1738 Petrus
1040 1677 1174 1738 institor.

904 1785 1037 1866 Myklyn
1062 1781 1211 1844 carnifex.

901 1890 996 1972 Elyas
1020 1889 1108 1950 fusor
1132 1909 1370 1971 campanarum.

902 1997 1027 2057 Laczlto
1056 1996 1231 2058 barberius.

903 2103 1019 2164 Kelecz
1044 2115 1142 2164 sutor.

902 2207 1065 2270 lohannes
1090 2208 1262 2270 Werchelt.

542 2422 618 2482 ltem
643 2419 755 2502 prefati
781 2419 970 2481 Valentinus
995 2418 1088 2498 judex
1106 2433 1137 2480 et
1154 2419 1246 2499 jurati
1271 2439 1306 2480 ac
1324 2419 1499 2480 consiliarii
1525 2437 1596 2480 cum
1619 2436 1686 2478 con·

434 2549 529 2590 sensu
564 2543 594 2588 et
626 2527 850 2588 commissione
886 2526 1030 2586 unanimi
1062 2539 1092 2587 et
1123 2525 1274 2586 concordi
1307 2525 1471 2587 voluntate
1505 2538 1536 2585 et
1567 2525 1684 2584 decreto

435 2635 537 2695 tocius
561 2633 800 2694 communitatis
825 2632 934 2692 omnia
952 2631 1076 2693 decreta
1099 2645 1129 2693 et
1149 2645 1264 2692 statuta
1288 2646 1353 2692 tam
1378 2633 1409 2693 in
1435 2632 1574 2713 presenti
1598 2647 1684 2710 quant

435 2741 466 2799 in
481 2739 620 2820 antiquis
634 2738 791 2800 cathernis
812 2737 928 2800 nostris
952 2751 1099 2800 contenta
1118 2753 1148 2798 et
1164 2739 1355 2820 conscripta,
1368 2736 1476 2819 quoad
1491 2757 1603 2798 omnes
1617 2735 1682 2796 arti-

434 2845 524 2906 culos
548 2858 579 2905 et
610 2859 727 2926 puncta
751 2864 787 2905 ac
811 2844 969 2905 clausulas
994 2844 1181 2904 eorumdem
1210 2857 1401 2906 statutorum
1433 2858 1463 2904 et
1496 2844 1685 2904 decretorum

435 2972 491 3033 per
514 2965 616 3012 totum
635 2971 755 3012 annum
774 2951 928 3032 presentis
956 2950 1113 3030 judicatus
1138 2951 1237 3031 ipsius
1261 2950 1423 3012 Valentini
1437 2951 1551 3028 judicis
1575 2963 1604 3010 et
1620 2967 1687 3008 con·

434 3072 604 3139 sequenter
629 3071 659 3119 et
683 3057 833 3138 deinceps
857 3057 924 3138 jure
958 3073 1112 3139 perpetuo
1141 3071 1171 3117 et
1196 3057 1446 3118 irrevocabiliter
1469 3055 1687 3118 confirmarunt

434 3184 559 3246 semper
583 3165 718 3226 valitura
743 3179 774 3226 et
801 3163 933 3225 firmiter
956 3164 1166 3226 observanda.

583 3403 703 3474 Eadem
732 3403 816 3475 feria
846 3411 943 3474 sexta
978 3411 1053 3491 post
1081 3402 1282 3474 dominicam
1311 3401 1545 3473 Reminiscere.

961 3561 1024 3632 (19.
1048 3557 1172 3629 martii).

539 3695 767 3774 Adjudicatum
792 3711 838 3756 est
864 3696 1036 3757 Valentino
1060 3695 1228 3777 Marysych
1254 3693 1331 3756 feria
1348 3709 1434 3756 sexta
1459 3696 1604 3777 proxima
1620 3707 1683 3775 post

432 3815 577 3862 octavam
602 3800 719 3862 Pasche
744 3801 898 3862 solusmct
922 3801 961 3862 ad
987 3821 1100 3862 manus
1125 3802 1220 3861 unius
1244 3800 1361 3882 (jurati)
1386 3801 1490 3880 jurare
1522 3802 1684 3874 tenebitur,

435 3907 522 3987 quod
548 3908 615 3988 ipse
640 3907 737 3967 nichil
763 3906 938 3969 Benedicto
963 3907 1125 3968 aurifabro
1150 3908 1321 3987 obligatur.

540 4013 616 4076 ltem
651 4013 816 4073 Emericus
848 4013 1070 4096 Sydowchych
1102 4029 1216 4074 octavo
1248 4013 1299 4074 die
1332 4013 1402 4075 festi
1436 4013 1687 4076 Resurreccionis

435 4117 564 4178 Domini
591 4133 700 4178 contra
725 4118 935 4180 Benedictnm
960 4118 1158 4181 aurifabrum
1184 4121 1215 4180 in
1240 4139 1292 4181 ara
1318 4134 1425 4182 sancte
1451 4119 1565 4182 Crucis
1589 4119 1685 4200 jurare

433 4223 592 4284 tenebitur
616 4225 743 4284 racione
777 4224 920 4306 dampni,
963 4226 1051 4306 quod
1084 4241 1210 4287 secutus
1242 4241 1288 4287 est
1320 4227 1447 4287 racione
1473 4227 1566 4288 vinee
1597 4242 1686 4306 quam

432 4328 509 4389 emit
532 4330 571 4389 ab
597 4330 711 4390 eodem
738 4331 924 4409 Benedicto,
950 4331 1038 4412 quod
1062 4351 1174 4412 passus
1201 4347 1248 4394 est
1272 4347 1403 4414 propter
1427 4334 1569 4395 eundem
1595 4333 1687 4393 Bene·

432 4431 565 4510 dictum,
590 4434 678 4515 quod
703 4434 880 4518 dampnum
900 4437 977 4497 dum
1002 4437 1120 4516 jurabit
1144 4440 1211 4520 ipse
1229 4439 1424 4500 Benedictus
1449 4439 1554 4501 eidem
1571 4437 1688 4498 solvere

430 4541 608 4617 tenebitur3
634 4541 672 4601 de
706 4561 770 4623 quo
796 4542 916 4623 judicio
950 4544 1036 4604 idem
1070 4545 1263 4607 Benedictus
1291 4555 1356 4608 noir
1389 4561 1560 4609 contentus
1583 4543 1621 4606 sd
1644 4561 1687 4603 se·

432 4644 538 4705 niores
562 4645 683 4726 judices
708 4649 891 4729 appellavit.

538 4767 615 4830 ltem
640 4772 671 4830 in
697 4791 791 4833 causa
816 4773 897 4834 inter
922 4775 1057 4835 Paulum
1084 4775 1267 4857 Jagychych
1293 4790 1324 4838 et
1350 4777 1551 4840 Anthonium
1576 4778 1686 4861 Optas-

432 4873 515 4954 nych
540 4876 668 4936 racione
694 4876 824 4959 dampni
850 4900 905 4960 per
930 4882 1029 4942 boves
1052 4901 1127 4942 suos
1145 4883 1177 4942 in
1202 4881 1282 4943 silva
1307 4883 1452 4946 eiusdem
1479 4899 1510 4947 et
1533 4884 1686 4958 sessionis,

432 4977 517 5039 idem
534 4980 717 5042 Anthonius
741 4983 894 5046 solusmct
913 4987 944 5047 in
970 5007 1022 5048 ara
1040 5003 1147 5050 sancte
1166 4988 1279 5051 Crucis
1296 4989 1400 5071 jurare
1417 4993 1587 5071 tenebitur,
1603 4989 1684 5073 quod
