3738 5786
587 558 673 614 Anno
696 569 787 633 1454.
825 591 853 598 -
878 571 928 616 22.
952 557 1061 617 martii.
1415 558 1455 637 69

192 768 287 829 rencii
312 768 436 830 Baldelr
466 767 570 830 fratris
593 767 856 848 aseptemtrione
873 767 993 844 habite,
1010 766 1147 850 desuper
1170 787 1188 828 a
1212 767 1263 828 via
1287 769 1453 830 communi

191 889 219 935 et
242 871 324 936 infra
350 894 453 956 usque
477 873 618 934 rivulum
650 893 684 934 se
712 872 922 952 extendentis,
946 872 1126 954 apluribus
1143 887 1174 934 et
1191 873 1246 934 diu
1270 875 1454 957 retrolapsis

190 981 388 1062 temporibus
407 994 438 1042 et
456 999 557 1061 usque
574 999 659 1040 nunc
676 975 807 1062 pacifice
831 997 958 1060 semper
973 979 1150 1060 permansit
1173 995 1204 1040 et
1220 981 1346 1062 quiete;
1363 983 1454 1042 cuius

190 1086 264 1148 silve
287 1086 379 1149 litera
405 1099 514 1149 nostra
537 1106 593 1148 seu
617 1085 754 1147 civitatis
776 1084 919 1166 predicte
943 1085 1153 1167 privilegialis
1176 1105 1235 1169 pro
1259 1102 1347 1169 parte
1372 1087 1454 1150 eius-

192 1192 261 1255 dem
286 1193 422 1255 Fabiani
447 1192 587 1274 agricole
612 1191 735 1253 dudum
761 1189 905 1253 confecta
930 1204 961 1252 et
984 1205 1131 1254 emanata
1156 1193 1323 1255 casualiter
1339 1195 1454 1256 amissa

192 1313 221 1359 et
242 1297 409 1382 deperdita
436 1299 537 1360 extitit
561 1312 591 1361 et
607 1298 723 1360 amissa
741 1318 778 1360 ex
799 1317 816 1358 a
834 1311 931 1375 certo,
956 1311 987 1360 et
1011 1299 1087 1382 quia
1104 1299 1216 1361 eadem
1241 1301 1332 1362 litera
1356 1302 1452 1384 privi-

191 1405 312 1486 legialis
335 1425 394 1488 pro
417 1419 506 1488 parte
531 1405 675 1468 eiusdem
700 1403 835 1466 Fabiani
860 1404 1001 1486 agricole
1024 1424 1120 1486 super
1137 1405 1250 1468 eadem
1274 1406 1354 1468 silva
1379 1427 1453 1470 con·

189 1508 277 1590 iacta,
302 1513 473 1574 casualiter
497 1525 532 1573 ut
555 1511 730 1594 predicitur
753 1511 869 1572 amissa
894 1523 925 1572 et
948 1508 1125 1592 deperdita,
1149 1511 1190 1572 ad
1208 1512 1324 1574 trinam
1349 1511 1453 1575 foren-

189 1638 252 1680 sem
277 1633 309 1681 et
326 1619 488 1701 publicam
505 1617 800 1701 proclamacionem
818 1629 960 1678 nostram
979 1637 1035 1699 per
1051 1636 1208 1699 precones
1224 1631 1350 1680 nostros
1367 1639 1453 1681 com·

189 1745 299 1787 munes
332 1746 370 1786 ex
401 1724 629 1787 commissione
661 1739 769 1785 nostra
804 1723 970 1785 communi
1002 1721 1137 1802 factam,
1168 1725 1285 1786 nullibi
1318 1726 1453 1788 inveniri

187 1833 300 1914 potuit,
337 1831 478 1914 ideoque
513 1851 571 1893 nos
603 1831 739 1894 eandem
771 1829 885 1892 silvam
918 1829 1017 1912 ipsius
1049 1830 1184 1892 Fabiani
1215 1832 1355 1914 agricole
1380 1853 1453 1896 cum

189 1939 337 2001 omnibus
361 1939 507 2000 eiusdem
538 1939 617 2000 silve
649 1937 841 2000 utilitatibus
871 1951 902 1999 et
930 1937 1135 2018 pertinenciis
1167 1938 1322 2000 universis
1346 1939 1452 2001 eidem

190 2045 331 2106 Fabiano
355 2044 497 2126 agricole
529 2063 646 2127 seper
677 2063 750 2105 eum
783 2043 849 2104 suis
881 2042 1052 2105 heredibus
1083 2043 1182 2105 literis
1214 2045 1328 2106 nostris
1362 2045 1453 2107 novis

188 2150 443 2232 privilegialibus
466 2151 635 2212 statuimus
659 2163 690 2211 et
718 2147 980 2212 confirmavimus
1003 2147 1071 2230 jure
1095 2163 1252 2232 perpetuo
1277 2165 1307 2213 et
1331 2152 1450 2214 irrevo-

189 2258 329 2319 cabiliter
364 2257 593 2340 possidendam
630 2272 660 2318 et
692 2255 1002 2338 quomodocumque
1042 2255 1180 2318 voluerit
1215 2255 1451 2339 disponendam

189 2363 270 2444 juxta
293 2363 521 2426 condicionem
546 2363 683 2425 civitatis
706 2375 873 2445 prenotate
897 2363 937 2423 ab
961 2361 1095 2444 antiquo
1120 2364 1355 2454 approbatam.¹

217 2563 310 2638 leria
338 2575 437 2638 sexta
465 2568 618 2654 proxima
646 2575 722 2655 post
750 2564 872 2636 festum
911 2565 1001 2635 beati
1030 2563 1200 2636 Benedicti
1229 2565 1362 2638 abbatis
1391 2575 1425 2638 et

715 2689 930 2761 confessoris.

701 2857 767 2940 (22.
798 2857 931 2934 martti).

289 3003 369 3064 Item
393 3001 538 3063 Thomas
562 3000 685 3082 juratus
701 2999 835 3062 Cheden
861 2999 965 3062 dictus
989 3013 1099 3062 contra
1116 2998 1279 3062 Thomam
1304 2999 1450 3062 similiter

189 3107 334 3189 juratum,
357 3127 514 3190 generum
539 3107 636 3168 Blasii
656 3105 733 3168 dicti
758 3103 1048 3188 Czarantbowych,
1080 3105 1222 3168 secundo
1247 3105 1359 3168 citatus
1383 3126 1449 3168 non

189 3215 371 3297 comparuit.

288 3321 368 3382 ltem
391 3320 477 3382 lwan
502 3319 593 3380 Turlr
618 3331 728 3380 contra
753 3317 927 3380 Martinam
945 3337 1055 3401 sporar
1079 3319 1221 3382 secundo
1245 3319 1359 3382 citatus
1381 3338 1447 3381 non

190 3429 373 3512 comparuit.

186 3555 191 3563 ·
288 3534 367 3596 ltem
392 3533 511 3595 Paulus
536 3531 720 3616 Jagycbych
748 3545 858 3594 contra
893 3530 1072 3613 Georgium
1096 3551 1207 3616 sporsr
1239 3531 1381 3594 secundo
1406 3531 1448 3594 ci-

189 3653 266 3702 tatus
289 3661 353 3702 non
379 3639 569 3722 comparuit.

289 3747 366 3809 ltem
390 3745 484 3828 jurati
509 3745 734 3826 adjudicarunt
765 3763 893 3805 causam
923 3743 1065 3806 Conradi
1092 3743 1222 3805 Rawsar
1252 3743 1367 3826 judicis
1399 3763 1447 3806 se·

190 3851 282 3914 nioris
305 3854 387 3915 inter
411 3853 516 3935 ipsum
541 3864 572 3913 et
603 3851 686 3912 inter
718 3849 882 3912 Thomam
907 3850 1069 3912 literatum
1100 3850 1288 3912 servitorem
1321 3851 1445 3912 domini

189 3958 292 4020 Jacobi
317 3961 358 4021 de
382 3957 540 4020 Zerdahel
565 3977 671 4019 coram
697 3956 808 4038 juratis
831 3969 964 4033 motam,
989 3975 1028 4018 eo
1045 3955 1145 4017 modo
1170 3954 1444 4038 adjudicaverunt,

190 4077 222 4125 ut
243 4065 306 4147 ipse
331 4063 477 4127 Thomas
502 4063 645 4125 literatus
669 4075 782 4125 octavo
807 4062 859 4124 die
884 4081 979 4144 super
1003 4081 1042 4122 eo
1067 4063 1100 4123 in
1124 4081 1177 4123 ara
1202 4075 1309 4123 sancte
1334 4061 1447 4124 Crucis

188 4170 219 4230 in
241 4171 372 4234 ecclesia
396 4171 480 4233 beati
507 4169 607 4232 Marci
632 4169 838 4250 ewangeliste
863 4181 972 4229 contra
990 4168 1167 4251 predictum
1195 4166 1381 4231 Conradum
1398 4167 1446 4250 ju·

188 4275 285 4338 dicem
310 4277 415 4359 jurare
438 4277 600 4338 tenebitur
623 4295 718 4357 super
751 4295 801 4353 eo,
833 4289 867 4336 ut
892 4275 959 4357 ipse
984 4273 1155 4336 Conradus
1187 4275 1318 4336 Rawsar
1350 4274 1445 4356 judex

186 4382 270 4445 illam
293 4384 449 4446 tunellam
474 4383 540 4444 vini
566 4402 662 4464 quam
695 4379 836 4464 prefatus
860 4380 1006 4443 Thomas
1038 4381 1182 4443 literatus
1207 4381 1265 4463 ipsi
1292 4381 1445 4444 Conrado

186 4487 279 4568 judici
302 4509 398 4573 super
423 4510 462 4552 eo
487 4489 672 4567 donaverat,
697 4501 731 4550 ut
759 4488 825 4570 ipse
859 4487 998 4548 eundem
1024 4486 1187 4549 Thomam
1222 4487 1381 4550 literatum
1405 4487 1446 4550 de

187 4594 291 4658 debito
307 4596 437 4678 judaico
461 4597 598 4660 liberare
615 4595 788 4673 debuisset,
806 4614 871 4657 non
889 4593 1053 4677 persolvit,
1069 4609 1100 4656 et
1124 4593 1200 4655 dum
1218 4593 1284 4675 ipse
1302 4593 1447 4656 Thomas

186 4701 324 4765 literatus
348 4702 510 4784 juraverit,
534 4715 610 4764 tunc
643 4701 804 4784 predictus
836 4700 1007 4763 Conradus
1032 4701 1162 4761 Rawsar
1193 4699 1365 4762 duodecim
1389 4699 1446 4761 flo-

186 4827 286 4887 renos,
310 4829 393 4892 quos
418 4809 485 4892 ipse
509 4808 655 4870 Thomas
689 4807 833 4870 literatus
866 4807 969 4869 ludeo
995 4806 1157 4889 persolvit,
1189 4807 1293 4868 eidem
1319 4807 1447 4868 Thome

185 4915 307 4979 literato
331 4917 515 5000 persolvere
539 4917 717 4989 tenebitur;
742 4915 782 4975 de
806 4932 871 4996 quo
895 4912 1014 4993 judicio
1039 4927 1070 4974 et
1094 4912 1336 4994 adjudicacione
1361 4913 1446 4994 ipso·

185 5041 256 5084 rum
286 5023 462 5105 juratorum
494 5022 581 5087 idem
614 5021 784 5085 Conradus
817 5021 947 5082 Rawsar
978 5037 1042 5082 non
1076 5032 1244 5082 contentus
1276 5019 1447 5102 appellavit
