3644 5788
416 541 480 604 234
791 519 988 600 Ann015163.
1014 556 1054 564 —
1078 537 1126 582 21.
1143 523 1295 596 januarii.

414 749 446 797 et
470 735 671 797 confirmavit
687 735 842 817 judicium
868 736 988 816 juratus
1011 736 1217 813 Laurencius,
1242 749 1272 796 et
1289 735 1382 796 datus
1398 751 1445 798 est
1469 737 1498 796 ei
1522 736 1674 797 terminus

416 841 561 902 solvendi
587 842 703 903 tercius
728 843 805 903 dies.

521 967 598 1027 Item
615 987 743 1027 causam
760 967 841 1028 inter
860 967 1050 1028 Michaelem
1067 966 1239 1049 pellificem
1258 981 1288 1029 et
1305 968 1506 1028 Anthonium
1531 966 1673 1048 juratum

417 1073 545 1134 racione
564 1073 728 1134 cuiusdam
747 1073 947 1134 vendicionis
964 1073 1129 1134 cuiusdam
1147 1073 1278 1156 vulpine
1296 1073 1467 1152 mardurie,
1492 1091 1590 1154 quam
1608 1073 1672 1154 ipse

418 1180 603 1242 Anthonius
627 1181 733 1242 eidem
757 1180 895 1241 vendere
924 1180 1066 1260 dederat,
1098 1200 1196 1261 quarn
1220 1194 1339 1242 vestem
1373 1180 1505 1262 quidam
1530 1180 1674 1241 sacerdos

415 1308 520 1350 emere
552 1287 656 1348 voluit
689 1307 747 1369 pro
780 1287 892 1348 decem
925 1287 994 1350 flor.
1027 1301 1058 1349 et
1089 1288 1156 1370 ipse
1190 1286 1373 1348 Anthonius
1405 1286 1510 1348 eidem
1542 1287 1672 1348 eandem

414 1407 534 1456 vestem
559 1413 625 1455 non
643 1393 732 1455 dedit
755 1408 883 1472 eotunc,
900 1394 989 1475 quod
1006 1407 1082 1456 tunc
1106 1394 1174 1476 ipse
1199 1393 1337 1455 Michael
1354 1393 1472 1475 jurabit
1495 1391 1572 1454 feria
1591 1406 1673 1454 sexta

414 1501 446 1560 in
470 1519 523 1560 ara
548 1513 655 1561 sancte
687 1499 811 1577 Crucis,
836 1513 867 1560 et
891 1500 966 1561 dum
1000 1499 1117 1581 jurabit
1149 1513 1225 1561 tunc
1256 1500 1324 1582 ipse
1349 1499 1534 1561 Anthonius
1557 1499 1673 1579 juratus

413 1607 573 1668 tenebitur
605 1606 710 1668 eidem
736 1606 885 1668 Michaeli
918 1607 994 1668 dare
1025 1607 1143 1688 caligas
1171 1607 1314 1669 valentes
1343 1626 1444 1668 unum
1477 1605 1546 1668 flor.
1579 1619 1672 1688 prout

412 1714 567 1795 promisit.

517 1837 594 1900 Item
621 1859 748 1900 causam
775 1840 856 1900 inter
873 1838 1084 1900 Benedictum
1110 1837 1306 1900 aurifabrum
1324 1853 1355 1900 et
1372 1839 1581 1900 Valentinum
1607 1837 1670 1897 Ma·

413 1943 528 2027 rysych
552 1946 679 2006 racione
705 1966 757 2006 sex
782 1944 851 2006 flor.
870 1946 950 2023 auri,
975 1965 1057 2026 quos
1074 1946 1141 2027 ipse
1158 1945 1255 2006 solvit
1279 1945 1430 2006 Emerico
1447 1941 1668 2026 Zydowchych

412 2050 516 2112 taliter
539 2051 633 2132 jurati
666 2051 942 2132 adjudicaverunt,
975 2051 1063 2133 quod
1097 2053 1172 2133 quia
1206 2051 1272 2134 ipse
1297 2051 1490 2112 Benedictus
1515 2049 1615 2130 jurare
1640 2050 1669 2109 in

412 2177 450 2217 eo
476 2156 623 2236 debebat,
648 2157 735 2239 quod
761 2158 829 2240 ipse
862 2158 1028 2218 Emericus
1056 2177 1121 2219 non
1155 2156 1215 2219 fuit
1239 2177 1276 2218 ex
1302 2177 1339 2218 eo
1372 2154 1617 2238 dampnificatus
1640 2156 1669 2216 in

413 2263 485 2344 ipsa¹
502 2264 607 2343 vinea,
632 2263 707 2345 quia
732 2265 798 2346 ipse
823 2264 930 2325 literas
954 2262 1141 2326 lassionales
1159 2265 1265 2326 eidem
1289 2263 1381 2324 fateri
1406 2261 1511 2325 noluit
1528 2277 1559 2323 et
1575 2275 1669 2323 extra·

412 2370 506 2444 dare;
532 2385 562 2433 et
586 2371 661 2452 quia
687 2391 751 2433 non
777 2372 892 2452 juravit
921 2373 989 2453 ipse
1014 2371 1207 2433 Benedictus
1238 2369 1398 2433 aurifaber
1422 2371 1504 2431 sicut
1528 2369 1669 2451 superius

412 2490 557 2539 notatum
583 2491 629 2539 est
654 2479 684 2538 in
710 2477 796 2539 dicto
821 2477 984 2556 cathern0‚
1008 2477 1128 2560 (deest).

518 2602 596 2664 ltem
620 2603 755 2666 eandem
783 2623 910 2664 causam
935 2604 1017 2665 inter
1048 2604 1153 2685 ipsum
1184 2602 1396 2664 Benedictum
1421 2599 1615 2662 aurifabrum
1639 2612 1668 2660 et

413 2707 493 2768 inter
518 2707 675 2789 prefatum
701 2709 909 2771 Valentinum
935 2709 1104 2792 Marysych
1137 2709 1270 2788 dictum,
1303 2709 1431 2770 racione
1457 2707 1551 2768 vinee
1575 2705 1669 2787 ipsius

413 2814 575 2876 Valentini
601 2813 694 2895 jurati
726 2815 832 2877 taliter
863 2815 1140 2898 adjudicaverunt,
1172 2816 1248 2896 quia
1273 2815 1341 2898 ipse
1373 2814 1567 2876 Benedictus
1590 2813 1667 2874 auri-

411 2917 501 2982 faber
525 2922 660 2981 eandem
686 2921 813 2982 vineam
837 2921 980 3003 possedit
996 2935 1117 3004 septem
1144 2922 1246 3000 annis,
1270 2934 1300 2982 et
1323 2921 1349 2982 si
1373 2921 1406 2981 in
1423 2920 1534 3000 aliquo
1561 2919 1667 2980 melio-

411 3027 492 3087 ravit
524 3026 590 3108 ipse
615 3028 806 3088 Benedictus
838 3028 974 3090 eandem
1006 3029 1146 3106 vineam,
1177 3047 1236 3110 pro
1261 3026 1318 3088 tali
1351 3026 1581 3088 melioracione
1605 3026 1667 3106 ipse

412 3133 604 3194 Benedictus
628 3133 787 3195 aurifaber
812 3132 932 3195 fructus
958 3148 988 3196 et
1019 3147 1194 3217 proventus
1218 3133 1363 3195 eiusdem
1395 3134 1549 3215 percepit,
1575 3131 1667 3192 etsie

412 3239 478 3321 ipse
510 3240 703 3301 Benedictus
734 3241 862 3302 racione
894 3243 1003 3323 previa
1036 3256 1146 3303 contra
1178 3241 1283 3322 ipsum
1317 3240 1525 3302 Valentinum
1550 3239 1666 3300 nullam

412 3366 538 3407 causam
564 3347 791 3408 racionabilem
818 3347 913 3408 babet
938 3368 995 3409 nec
1020 3347 1137 3409 habere
1154 3360 1280 3428 posset;
1303 3347 1343 3408 de
1367 3367 1433 3428 quo
1450 3345 1571 3426 judicio
1588 3345 1667 3426 ipso-

411 3472 481 3513 rum
506 3453 682 3532 juratorum
708 3454 775 3534 ipse
802 3455 995 3516 Benedictus
1011 3454 1172 3516 aurifaber
1189 3474 1254 3515 non
1279 3467 1450 3515 contentus
1467 3452 1508 3513 ad
1533 3452 1668 3513 seniores

412 3558 586 3640 appellavit
609 3558 740 3640 judices.

517 3682 594 3744 ltetn
627 3703 754 3744 causam
788 3686 869 3747 inter
901 3687 1075 3747 Martinum
1106 3685 1247 3766 judicem
1280 3700 1310 3747 et
1343 3685 1554 3747 Benedictum
1586 3682 1667 3744 auri·

411 3786 533 3849 fabrum
560 3790 689 3850 racione
722 3790 916 3872 depastionis
941 3792 1033 3854 vinee
1065 3793 1165 3874 ipsius
1198 3793 1325 3853 Martini
1359 3813 1415 3874 per
1440 3793 1544 3872 ipsum
1569 3792 1667 3851 Bene-

411 3895 532 3956 dictum
557 3917 612 3978 per
637 3899 736 3959 boves
769 3918 843 3958 suos
876 3898 967 3976 facte,
993 3913 1023 3960 et
1056 3900 1131 3980 quia
1157 3899 1224 3980 ipse
1256 3899 1413 3960 Martinus
1435 3898 1529 3979 judex
1562 3911 1667 3957 contra

412 4002 550 4062 eundem
576 4004 786 4065 Benedictum
812 4007 843 4066 in
876 4007 997 4088 judicio
1028 4008 1242 4090 proponebat,
1274 4007 1363 4088 quod
1388 4007 1455 4088 ipse
1480 4005 1668 4068 Benedictus

411 4105 526 4168 furtive
552 4124 582 4168 et
605 4110 785 4172 voluntarie
811 4113 946 4173 eandem
972 4113 1099 4174 vineam
1124 4114 1293 4195 depascere
1318 4133 1374 4195 per
1399 4113 1555 4174 famulum
1572 4130 1665 4172 suum

410 4211 546 4292 fecisset,
570 4214 664 4295 jurati
692 4217 957 4296 adjudicaverunt
989 4220 1094 4280 eidem
1121 4221 1296 4282 Benedicto
1329 4219 1543 4298 jurameutum
1567 4217 1665 4278 tercio

411 4339 443 4380 se
468 4320 627 4382 similibus
652 4323 683 4382 in
708 4344 760 4384 ara
785 4339 892 4386 sancte
917 4326 1029 4387 Crucis
1053 4325 1167 4406 jurare,
1190 4327 1277 4408 quod
1304 4327 1369 4409 ipse
1395 4326 1584 4387 Benedictus
1608 4342 1667 4383 nec

410 4425 524 4488 furtive
549 4449 607 4489 nec
639 4431 817 4493 voluntarie
848 4445 903 4493 aut
926 4435 1113 4514 oprobriose
1144 4434 1329 4515 depasceret
1358 4434 1494 4494 eandem
1526 4433 1664 4506 vineam,

411 4551 469 4591 nec
492 4531 613 4594 famulo
638 4555 696 4596 suo
721 4537 884 4599 mandavit
915 4536 1032 4618 facere,
1064 4538 1142 4601 feria
1166 4555 1253 4601 sexta
1284 4541 1428 4622 proxime
1454 4554 1599 4610 ventura;
1626 4537 1666 4596 de

411 4658 475 4718 quo
499 4638 618 4718 judicio
642 4641 819 4721 juratorum
852 4645 917 4726 ipse
951 4646 1143 4708 Benedictus
1173 4668 1238 4708 non
1272 4661 1440 4708 contentus
1464 4645 1502 4706 ad
1526 4644 1667 4705 seniores

410 4746 583 4826 appellavit
606 4748 736 4828 judices.

517 4870 592 4931 Item
618 4873 763 4934 Thomas
787 4889 897 4954 sartor,
922 4877 1052 4956 juratus,
1073 4893 1180 4940 contra
1208 4879 1393 4940 Ladislaum
1418 4876 1603 4938 secundario
1622 4875 1664 4935 ci-

411 4987 492 5036 tatus
517 4975 548 5036 in
572 4975 653 5040 facto
678 4979 759 5042 inter
784 5001 838 5041 eos
862 4983 981 5062 habito,
1006 5004 1071 5045 non
1097 4987 1287 5067 comparuit.
