3818 5786
599 526 685 582 Anno
708 538 797 600 1451.
822 558 866 568 —
883 538 918 600 3.
941 523 1118 598 septembris.
1450 541 1489 599 25

545 626 858 640 .-..—-—-fi-———
1099 631 1392 640 -0-——----————·-—
1404 629 1490 638 na—

334 740 412 802 Item
445 757 525 800 uxor
557 737 735 801 Sebastiani
773 737 923 799 Soldinar
963 749 1072 799 contra
1106 734 1270 798 Thomam
1310 736 1490 798 tubatorem

223 848 332 931 prImo
357 847 452 908 citata
476 864 541 907 non
566 845 756 926 comparuit.
1034 843 1037 846 ’

491 1065 588 1139 Feria
617 1072 715 1137 sexta
744 1072 822 1154 post
849 1063 972 1136 festum
1000 1063 1089 1136 beati
1118 1061 1236 1152 Bgidii.

731 1223 774 1298 (3.
797 1219 984 1296 septembris).

331 1362 413 1432 ⁸Item
438 1361 530 1442 jurati
562 1360 829 1443 adjudicaverunt
855 1379 984 1422 causam
1017 1360 1234 1442 quorumdum
1259 1358 1427 1422 hominum
1452 1357 1492 1420 de

227 1471 388 1549 Zanabor,
413 1469 563 1532 videlicet
587 1467 686 1530 Marci
711 1467 901 1550 carpentarii
922 1465 979 1528 filii
1006 1465 1182 1548 MychaeIIs
1207 1479 1237 1526 et
1263 1465 1410 1526 Damiani
1433 1462 1491 1525 filii

227 1577 312 1640 Petri
338 1597 374 1640 ac
400 1576 527 1638 Martini
553 1573 610 1638 filii
635 1574 755 1637 Vrbani
782 1573 821 1636 de
845 1574 988 1653 predicta
1020 1573 1178 1651 Zanabor,
1203 1571 1315 1654 quiin
1341 1569 1412 1634 loro
1436 1590 1491 1631 an-

225 1684 315 1746 nuali
338 1683 438 1746 sancti
467 1683 548 1764 regis
581 1681 753 1765 Stephani,
786 1681 930 1763 proxime
962 1699 1047 1742 nunc
1079 1679 1241 1762 preterito,
1273 1691 1491 1740 arestaverant

226 1803 331 1852 certas
355 1809 404 1850 res
428 1789 597 1851 hominum
622 1787 745 1850 domini
772 1787 896 1850 Nicolai
926 1785 965 1848 de
991 1786 1213 1869 Frangyapan,
1239 1784 1350 1866 Vegle,
1375 1784 1492 1866 Senye,

226 1896 474 1977 Modrussieque
498 1895 625 1958 comitis
649 1907 720 1974 etc,
752 1894 902 1956 videlicet
928 1893 1057 1976 Bedych
1091 1891 1291 1976 Kumowych
1324 1905 1354 1954 et
1378 1891 1491 1954 Breza·

227 2001 304 2085 rych
329 2021 367 2064 ac
390 2003 478 2081 Iure,
502 2001 652 2064 videlicet
675 2001 754 2063 duas
778 2020 877 2082 equas
901 2015 932 2062 et
949 2000 1062 2082 pisces,
1087 2019 1145 2082 pro
1170 1998 1278 2062 fiendo
1303 1998 1384 2060 inter
1406 1998 1493 2080 ipsos

226 2106 353 2189 justicie
377 2107 616 2190 complemento
639 2108 697 2170 tali
722 2107 832 2186 modo,
858 2119 893 2168 ut
916 2106 976 2188 Ipsi
1002 2105 1150 2168 homines
1173 2105 1213 2168 de
1238 2105 1321 2168 dicta
1346 2105 1493 2167 Zanabor

228 2213 418 2292 Damianos,
443 2214 569 2276 Marcus
593 2227 624 2276 et
656 2214 813 2275 MartInus
844 2227 1033 2276 arestatores
1057 2213 1214 2275 dictarum
1247 2231 1353 2274 rerum
1376 2225 1492 2274 aresta-

226 2333 332 2382 tarum
358 2319 478 2382 debent
502 2319 597 2381 hodie
622 2319 726 2400 jurare
750 2339 845 2401 supet
865 2338 964 2397 aram,
979 2332 1127 2401 presente
1151 2339 1217 2381 uno
1241 2339 1278 2380 ex
1302 2317 1412 2400 juratis
1435 2337 1492 2378 no·

227 2427 310 2504 stris,
334 2445 430 2508 super
453 2425 604 2488 undecim
628 2425 768 2488 florenos
788 2425 857 2486 auri
875 2425 925 2486 vel
947 2437 1076 2487 monete
1092 2438 1123 2487 et
1147 2424 1217 2487 LVI
1235 2423 1394 2503 denarios,
1411 2442 1493 2506 quos

229 2532 288 2614 ipsi
313 2531 463 2594 homines
488 2532 527 2592 de
546 2532 693 2594 Zanabor
716 2531 823 2594 taliter
840 2531 1098 2611 nominaverunt,
1122 2545 1156 2593 ut
1173 2531 1365 2594 Benedictus
1389 2531 1491 2592 Zuha·

228 2638 317 2700 dreta
342 2638 446 2700 dictus
470 2638 546 2721 ipsis
571 2637 742 2716 Damiano,
767 2637 876 2700 Marco
901 2651 932 2700 et
949 2638 1089 2701 MartIno
1113 2637 1245 2702 eosdem
1270 2637 1312 2700 XI
1337 2637 1406 2701 flor.
1424 2637 1490 2698 auri

228 2759 258 2808 et
283 2745 352 2807 LVI
384 2745 534 2807 denarios
567 2764 625 2828 pro
657 2744 796 2826 quadarn
829 2743 1028 2807 fideiussoris
1060 2745 1214 2808 caucione
1246 2745 1278 2806 in
1311 2764 1374 2826 qua
1406 2744 1490 2806 idem

231 2851 423 2919 Benedictus
447 2852 524 2935 ipsis
541 2851 728 2914 hominibus
751 2851 792 2913 de
817 2851 900 2914 dicta
918 2853 1066 2914 Zanabor
1090 2852 1211 2916 eisdem
1235 2852 1380 2936 pecuniis
1404 2851 1493 2914 debi-

229 2958 309 3020 torie
333 2958 550 3039 obligabatur,
575 2957 736 3020 residuam
762 2978 839 3021 vero
856 2959 1028 3041 pecuniam
1052 2959 1202 3022 videlicet
1219 2973 1356 3042 quatuor
1380 2977 1493 3040 pensas

228 3065 435 3126 denariorum
460 3065 567 3128 minus
591 3079 729 3146 quatuor
753 3065 893 3127 denariis
918 3065 977 3148 ipsi
1002 3064 1149 3128 hommes
1174 3065 1214 3128 de
1238 3065 1321 3127 dIcta
1345 3065 1493 3126 Zanabor

228 3171 379 3233 dicebant
403 3171 480 3253 ipsis
505 3191 562 3254 pet
592 3169 751 3254 prelatum
775 3172 987 3236 Benedictum
1013 3191 1081 3234 esse
1106 3173 1237 3251 solutas,
1270 3185 1300 3233 et
1324 3171 1400 3253 quia
1433 3170 1493 3253 ipsi

228 3276 378 3339 homines
403 3278 442 3338 de
467 3277 552 3339 dicta
576 3277 724 3340 Zanabor
748 3298 842 3362 super
865 3279 951 3362 ipsos
974 3278 1016 3339 XI
1042 3277 1110 3340 llor.
1137 3292 1167 3341 et
1183 3298 1278 3361 super
1304 3278 1372 3340 LVI
1396 3277 1493 3338 dena-

228 3384 291 3445 rios
321 3403 361 3446 eo
393 3384 492 3447 modo
523 3398 670 3468 presente
703 3405 767 3447 uno
799 3405 837 3448 ex
861 3385 971 3468 juratis
1002 3387 1118 3449 nostris
1148 3386 1297 3448 videIIcet
1329 3385 1492 3467 Stephano

228 3489 331 3569 jurato
357 3503 466 3552 nostro
491 3491 650 3554 moderno
682 3490 867 3572 juraverunt
898 3512 993 3574 super
1024 3511 1123 3571 aram,
1147 3506 1182 3556 ut
1205 3491 1273 3574 ipse
1301 3490 1493 3554 Benedictus

230 3596 411 3658 Zuhadreta
442 3598 546 3659 dictus
570 3599 615 3659 eis
648 3599 780 3660 eosdem
804 3599 847 3661 XI
872 3599 940 3664 flor.
974 3600 1042 3662 auri
1067 3613 1098 3664 et
1122 3599 1190 3662 LVI
1225 3598 1373 3662 denarios
1404 3597 1490 3660 delii»

228 3704 308 3765 torie
332 3703 418 3786 justo
446 3705 545 3767 modo
569 3705 778 3788 obIIgaretur,
802 3721 833 3768 et
850 3707 892 3769 ob
909 3707 969 3770 hoc
991 3708 1057 3789 ipse
1074 3727 1123 3768 tes
1146 3719 1280 3768 atestate
1297 3705 1373 3788 ipsis
1388 3703 1477 3766 homi

229 3811 324 3871 nibus
352 3810 393 3872 de
421 3811 506 3874 dicta
523 3812 671 3873 Zanabor
696 3831 753 3894 pro
782 3830 895 3874 eorum
919 3813 1085 3876 solucione
1110 3812 1243 3896 juridice
1268 3825 1341 3874 sunt
1365 3811 1437 3874 date
1462 3823 1493 3872 et

229 3917 269 3977 ad
293 3936 410 3979 manus
431 3919 606 4000 assIgnate;
631 3919 690 4000 ipsi
715 3939 791 3982 vero
817 3918 964 3982 homines
985 3939 1123 4002 quorum
1142 3939 1190 3981 res
1214 3918 1342 3982 luerunt
1359 3931 1493 3981 arestate

230 4021 349 4083 debent
375 4023 552 4107 dampnum
578 4045 671 4086 suum
697 4027 848 4108 prosequi
875 4027 914 4088 de
939 4026 1063 4109 prefato
1088 4026 1272 4090 Benedicto.

334 4129 413 4192 Item
438 4150 566 4192 causam
591 4130 753 4194 horribilis
784 4134 934 4216 vituperii
960 4148 991 4196 et
1021 4133 1199 4215 jurgiorum
1226 4133 1385 4195 malornm
1410 4133 1492 4194 inter

231 4239 364 4300 Elenam
394 4256 526 4299 uxorem
552 4237 684 4300 Adriani
709 4241 825 4302 sutoris
856 4240 896 4302 de
920 4241 1075 4320 Abbacia,
1107 4255 1141 4302 ut
1164 4240 1325 4318 actricem,
1357 4253 1387 4301 et
1411 4240 1492 4302 Inter

229 4343 359 4406 Claram
375 4343 518 4426 puellam
541 4343 641 4406 filiam
665 4345 802 4407 condam
826 4346 950 4408 Nicolai
966 4346 1126 4426 Trubecz,
1144 4347 1250 4428 plures
1267 4347 1358 4428 probi
1386 4359 1416 4408 et
1433 4346 1491 4408 ho-

229 4452 308 4513 nesti
332 4471 369 4513 uc
393 4450 550 4532 fidedIgni
574 4451 633 4513 viri
658 4451 762 4514 taliter
786 4453 952 4535 sopierunt
981 4454 1211 4516 concordantes
1236 4454 1363 4516 eusdem
1389 4467 1493 4538 partes

230 4577 268 4618 eo
293 4557 404 4636 modo,
427 4571 462 4618 ut
490 4558 557 4639 ipsa
589 4558 692 4620 Elena
724 4559 840 4621 mulier
873 4559 956 4622 dicta
981 4561 1139 4644 vituperia
1163 4575 1194 4623 et
1225 4561 1327 4642 jurgia
1351 4560 1492 4644 predicte

231 4663 325 4726 Klete
350 4663 459 4746 puelle
482 4663 589 4726 taliter
618 4663 740 4726 tilmisit
765 4678 796 4726 et
821 4665 984 4746 relaxavit,
1008 4681 1043 4727 ut
1074 4667 1141 4748 ipsa
1167 4665 1262 4728 Clara
1287 4668 1393 4750 puella
1417 4667 1491 4729 talia

231 4766 310 4830 facta
334 4769 421 4831 mala
446 4785 477 4831 et
500 4768 562 4831 hiis
585 4769 701 4832 similia
734 4791 830 4854 super
862 4771 1037 4853 predictam
1071 4773 1206 4834 Elenam
1233 4774 1401 4836 mullerem
1427 4794 1491 4834 non

233 4874 326 4938 debet
349 4876 485 4938 ulterius
516 4877 716 4940 committere
746 4898 804 4938 nec
837 4894 1028 4960 perpetrare,
1053 4879 1108 4960 qni
1141 4879 1166 4940 si
1192 4899 1228 4940 ea
1254 4881 1491 4963 perpetraverit,

234 5001 347 5064 penam
373 5002 472 5065 quam
497 4981 690 5056 demerueris
714 4997 937 5066 consequetur.
