3738 5786
569 595 655 652 Anno
678 605 767 671 1457.
792 627 833 638 -
858 589 889 656 8.
914 594 1082 654 novembris.
1402 615 1455 674 ¹3¹

192 809 330 884 buisset;
358 807 500 888 ideoque
525 827 584 868 nos
608 806 745 869 eandem
774 807 902 870 vineam
936 827 1009 869 cum
1034 806 1174 888 virgulto
1198 806 1259 867 sibi
1285 807 1462 888 subjacenti

192 930 221 975 et
253 914 327 975 aliis
364 915 488 975 cunctis
520 913 586 975 suis
619 913 811 975 utilitatibus
844 927 875 975 et
906 913 1112 996 pertinenciis
1145 913 1302 974 universis
1336 911 1461 996 prelato

194 1021 302 1082 Marco
328 1018 470 1081 carnifici
496 1039 531 1081 ac
555 1039 612 1102 per
645 1039 718 1081 eum
743 1020 809 1082 suis
842 1019 1015 1082 heredibus
1038 1019 1139 1081 literis
1171 1019 1287 1082 nostris
1319 1019 1463 1082 median·

192 1127 277 1188 tibus
302 1125 533 1188 confirmamus
557 1126 625 1206 jure
650 1141 806 1208 perpetuo
839 1139 869 1188 et
901 1125 1154 1188 irrevocabiliter
1178 1125 1407 1208 possidendam
1432 1139 1463 1188 et

191 1233 505 1314 quomodocumque
529 1231 670 1294 voluerit
694 1231 929 1314 disponendam
953 1231 1041 1312 juxta
1074 1230 1301 1293 condicionem
1325 1233 1463 1295 civitatis

192 1354 361 1422 prenotate
386 1341 426 1401 ab
451 1340 586 1421 antiquo
614 1341 835 1422 approbatam.

300 1447 380 1508 Item
405 1447 562 1508 Martinus
587 1446 711 1529 Cypser
744 1448 775 1508 in
802 1445 885 1508 lacto
916 1448 1155 1529 possessionum
1182 1446 1310 1509 Martini
1346 1443 1461 1526 judicis

193 1552 249 1614 filii
275 1553 418 1631 Thomc‚
443 1553 595 1616 videlicet
619 1553 735 1614 domus
758 1566 882 1615 murate
908 1568 938 1615 et
958 1553 1125 1614 vinearum
1151 1571 1186 1614 ac
1212 1567 1368 1614 terrarum
1392 1571 1462 1614 ara-

194 1660 309 1721 bilium
335 1675 367 1721 ct
390 1659 544 1720 silvarum
569 1673 600 1720 et
627 1673 804 1722 ceterarum
839 1659 1079 1742 possessionum
1108 1679 1188 1740 quas
1212 1659 1280 1740 ipse
1305 1657 1462 1720 Martinus

192 1766 308 1848 Cipser
333 1767 440 1827 minus
464 1765 545 1846 juste
570 1765 709 1828 detinuit
732 1766 910 1848 hucusque,
933 1767 972 1828 ad
993 1767 1182 1827 instanciam
1207 1765 1307 1847 ipsius
1332 1765 1462 1826 Martini

192 1873 308 1954 judicis
326 1873 430 1954 primo
448 1873 665 1960 proclamatus
682 1893 749 1935 non
769 1873 857 1935 venit
874 1893 935 1934 nec
951 1873 1094 1954 aliquem
1111 1884 1352 1954 procuratorem
1369 1890 1463 1932 auum

194 1998 250 2060 pro
276 1999 310 2040 se
336 1979 431 2040 misit.

301 2085 379 2146 ltem
399 2084 560 2148 Seboldus
584 2085 695 2167 Mayar
712 2084 752 2145 ad
770 2085 959 2146 instanciam
977 2085 1103 2146 Nicolai
1122 2083 1237 2166 judicis
1262 2097 1292 2146 et
1314 2084 1460 2146 Barnabe

196 2189 383 2272 Grabarych
408 2211 444 2252 ac
470 2191 609 2252 Emerici
627 2189 708 2252 labri
733 2191 809 2252 dicti
827 2192 952 2253 Ztanko
977 2211 1012 2252 ac
1030 2191 1192 2252 Valentini
1211 2189 1291 2252 labri
1308 2209 1344 2251 ac
1362 2189 1459 2251 Blasii

195 2297 275 2358 labri
302 2317 338 2358 ac
363 2297 472 2358 relicte
497 2295 577 2358 labri
596 2296 753 2359 Anthonii
779 2311 809 2359 et
833 2297 972 2358 aliorum
990 2297 1171 2358 vicinorum
1196 2315 1308 2358 eorum
1333 2295 1462 2357 racione

196 2402 372 2465 fundorum
398 2421 510 2465 eorum
536 2403 690 2484 quisunt
722 2422 821 2485 penes
850 2403 985 2465 fluvium
1017 2404 1179 2482 metalem,
1203 2403 1349 2480 sitorum,
1381 2421 1463 2483 quos

196 2511 260 2592 ipse
288 2509 450 2572 Seboldus
475 2511 514 2571 ab
539 2511 584 2570 eis
608 2511 715 2572 minus
739 2510 820 2591 juste
844 2511 1023 2591 occupavit,
1048 2509 1153 2592 primo
1178 2509 1394 2592 proclamatus
1418 2507 1457 2570 ad

195 2616 374 2697 parendum
407 2615 531 2695 justicie
563 2635 628 2677 non
660 2615 749 2676 venit
780 2635 886 2698 neque
919 2616 1062 2697 aliquem
1094 2629 1335 2699 procuratorem
1367 2633 1460 2676 suum

195 2723 292 2784 bodie
317 2723 348 2783 in
375 2721 575 2805 presenciam
603 2721 704 2783 nostri
729 2723 826 2784 misit.

255 2940 355 3014 Faria
387 2943 493 3014 tercia
521 2945 676 3032 proxima
704 2952 783 3014 ante
810 2943 931 3015 lectum
960 2944 1052 3015 beati
1082 2943 1219 3014 Martini
1248 2943 1394 3031 episcopi

685 3075 719 3138 et
747 3066 962 3138 confessoris.

703 3216 751 3298 (8.
776 3219 964 3300 novembris).

302 3361 380 3422 ltem
405 3357 547 3442 prelatus
571 3361 728 3424 Martinus
750 3360 864 3444 Cipser
890 3361 919 3422 in
946 3359 1030 3422 facto
1047 3361 1261 3442 predictarum
1286 3359 1459 3443 possessio-

200 3487 275 3528 num
300 3467 401 3549 ipsius
426 3467 555 3528 Martini
579 3466 695 3547 judicis
725 3468 825 3529 modo
850 3469 1005 3550 premisso
1037 3466 1303 3550 specificatorum,
1329 3465 1459 3527 racione

197 3573 396 3634 detencionis
421 3592 530 3634 earum
555 3573 595 3634 ad
628 3573 817 3636 instanciam
846 3573 989 3636 eiusdem
1017 3573 1146 3635 Martini
1177 3572 1293 3654 judicis
1317 3571 1459 3634 secundo

197 3681 423 3762 proclamatus,
437 3693 577 3741 nostram
596 3681 628 3741 in
653 3681 851 3762 presenciam
869 3681 966 3741 hodie
983 3700 1048 3742 non
1074 3679 1161 3741 venit
1186 3697 1291 3764 neque
1316 3679 1457 3760 aliquem

196 3805 288 3847 suum
314 3799 554 3868 procuratorem
579 3806 637 3869 pro
662 3806 694 3848 se
720 3787 815 3850 misit.

301 3891 379 3952 ltem
405 3891 568 3973 predictus
593 3891 754 3954 Seboldus
779 3893 890 3975 Mayar
907 3893 947 3953 ad
972 3891 1163 3954 instanciam
1181 3890 1316 3974 predicti
1333 3889 1460 3952 Nicolai

196 3997 310 4076 judicis
334 4013 364 4059 et
388 3994 586 4078 prefatorum
612 3999 757 4060 barnabe
783 3998 968 4081 Grabarycb
1004 4015 1034 4060 et
1059 3997 1198 4060 Emerici
1224 3995 1304 4058 labri
1330 4016 1365 4058 ac
1390 4015 1460 4078 pre·

197 4103 355 4164 dictorum
380 4103 520 4165 aliorum
545 4103 726 4165 vicinorum
751 4123 863 4166 eorum
896 4105 995 4166 modo
1027 4104 1183 4187 premisso
1208 4103 1461 4182 nominatorum,

195 4209 324 4270 racione
349 4210 509 4270 dictorum
528 4207 702 4271 fundorum
721 4229 844 4289 eorum,
862 4230 943 4292 quos
962 4211 1028 4292 ipse
1047 4209 1207 4272 Seboldus
1224 4211 1264 4270 ab
1289 4209 1334 4271 eis
1352 4210 1460 4271 minus

193 4315 277 4396 juste
300 4316 480 4398 occupavit,
504 4316 647 4378 secundo
671 4317 897 4398 proclamatus,
915 4331 1057 4379 nostram
1081 4317 1113 4378 in
1137 4315 1334 4399 presenciam
1360 4315 1459 4378 hodie

194 4442 261 4485 non
286 4425 373 4485 venit
396 4443 456 4485 nec
480 4424 624 4506 aliquem
648 4437 889 4507 procuratorem
913 4444 1006 4486 suum
1031 4444 1146 4507 prose
1172 4424 1268 4486 misit.

302 4530 379 4592 Item
397 4530 576 4614 Elyzabetb
595 4551 674 4594 uxor
698 4531 796 4594 Blasii
815 4530 968 4594 aurifabri
986 4546 1095 4594 contra
1121 4531 1253 4594 Gallum
1271 4549 1459 4613 arcuparem

193 4639 300 4720 primo
325 4638 419 4700 citata
445 4657 510 4699 non
535 4639 725 4721 comparuit.

302 4743 380 4806 ltem
405 4745 609 4826 Margaretha
640 4745 913 4808 lalsabethsichna
946 4760 1055 4807 contra
1085 4744 1293 4807 Valentinum
1318 4742 1460 4826 judicem

190 4850 301 4933 primo
325 4851 419 4912 citata
445 4870 510 4912 non
535 4852 725 4934 comparuit.

299 4955 377 5018 Item
410 4955 552 5039 prelatus
585 4958 746 5020 Seboldus
778 4960 889 5041 Mayar
920 4972 951 5020 et
984 4957 1146 5020 Erhardus
1180 4957 1383 5020 Hohenbartt
1418 4958 1458 5018 ad

188 5063 382 5127 instanciam
400 5064 543 5146 magistri
561 5063 717 5126 lobannis
734 5065 773 5128 de
792 5064 936 5127 Gradecz
954 5079 984 5125 ct
1002 5066 1129 5126 Andree
1155 5064 1258 5126 fratris
1275 5067 1323 5126 sui
1341 5065 1458 5126 notarii
