3694 5782
599 584 796 664 Ann01465.
822 621 865 631 —-
889 601 941 662 29.
966 589 1132 648 novembris.
1422 589 1497 670 '283

231 823 288 885 per
311 802 433 883 juratos
456 803 540 864 dicte
565 801 703 863 civitatis
720 800 934 881 adjudicatam
960 814 990 862 et
1007 801 1046 862 ad
1070 821 1129 862 nos
1146 802 1288 864 seniores
1305 802 1427 882 judices
1444 823 1499 885 per

231 924 422 972 annotatum
448 910 585 970 Paulum
610 907 809 970 aurifabrum
834 907 1041 990 appellatam,
1066 909 1194 970 racione
1220 909 1397 970 ablacionis
1421 930 1498 992 qua·

231 1017 381 1079 rumdam
407 1035 512 1078 rerum
531 1031 560 1078 et
579 1017 739 1078 bonorum
758 1035 815 1097 per
831 1017 935 1096 ipsum
962 1016 1099 1078 Paulum
1116 1029 1226 1078 contra
1245 1017 1350 1100 ipsum
1368 1020 1500 1081 Rawsar

230 1125 263 1185 in
289 1125 424 1204 registro
448 1142 557 1184 coram
590 1121 683 1184 nobis
714 1121 940 1200 exhibitarum,
972 1142 1031 1184 nos
1054 1123 1197 1185 seniores
1229 1124 1350 1203 judices
1375 1125 1499 1207 prefato

230 1230 387 1292 Conrado
412 1231 543 1291 Rawsar
566 1229 734 1290 terciomet
757 1229 823 1290 suis
847 1229 1006 1291 consociis
1023 1231 1144 1292 scilicet
1168 1231 1292 1292 civibus
1315 1231 1398 1294 dicte
1423 1233 1499 1294 civi·

228 1337 303 1399 tatis
328 1335 406 1398 feria
430 1350 516 1397 sexta
541 1336 686 1417 proxima
719 1349 791 1416 post
825 1334 939 1398 festum
973 1337 1073 1398 sancti
1099 1337 1227 1398 Martini
1253 1338 1397 1420 proxime
1423 1359 1498 1400 ven·

228 1457 351 1522 turum,
377 1443 407 1504 in
433 1463 486 1504 ara
510 1455 618 1504 sancte
636 1441 750 1504 Crucis
774 1441 878 1524 jurare
894 1443 1068 1521 tenebitur,
1093 1443 1181 1524 quod
1200 1445 1267 1524 ipse
1293 1445 1424 1506 Rawsar
1441 1465 1499 1507 nec

233 1570 291 1632 pet
315 1569 359 1628 se,
384 1549 440 1610 sed
466 1568 524 1611 nec
549 1569 604 1631 per
629 1547 777 1611 homines
794 1568 869 1610 suos
893 1549 1063 1631 premissas
1087 1570 1135 1610 res
1160 1569 1216 1631 per
1241 1551 1344 1632 ipsum
1364 1551 1499 1614 Paulum

232 1657 416 1718 nominatas
439 1675 504 1718 non
530 1637 700 1737 recepisset
724 1675 782 1717 nec
807 1656 904 1737 recipi
930 1653 1064 1718 fecisset.

272 1853 1462 1946 lfflafflmmfflmpmmmmmmMmmmmmm.

734 2011 797 2084 (15.
821 2009 1004 2078 novembris).

341 2152 419 2214 ltem
446 2150 583 2212 Michael
616 2149 812 2212 baccalarius
836 2149 921 2210 filius
952 2150 1089 2212 condam
1120 2150 1216 2211 Blasii
1250 2149 1365 2230 judicis
1390 2163 1499 2212 contra

232 2259 404 2320 Nicolaum
423 2257 524 2318 filium
539 2256 677 2318 condam
693 2255 847 2317 lankonia
864 2257 1025 2337 arcuparis
1041 2256 1232 2318 secundario
1249 2256 1364 2318 citatus
1392 2256 1498 2318 eidem

231 2365 428 2449 respondere
453 2363 568 2426 noluit.

341 2473 417 2533 ltem
443 2471 625 2533 Demetrius
649 2489 737 2530 rasos
762 2488 941 2552 pannorum
976 2483 1084 2531 contra
1109 2470 1276 2531 dominam
1302 2471 1499 2553 Soldynary-

232 2598 322 2640 czam
347 2577 537 2638 secundario
562 2577 675 2638 citatus
700 2576 731 2637 in
756 2575 877 2656 judicio
903 2595 967 2636 non
994 2577 1173 2658 comparuit
1195 2595 1302 2638 coram
1329 2577 1431 2640 nobis.

340 2684 416 2745 ltem
442 2684 552 2766 Zayko
577 2678 718 2744 carnifex
741 2683 889 2744 terciario
921 2683 1034 2744 citatus
1058 2697 1168 2744 contra
1194 2683 1386 2766 Dyonisium
1417 2683 1499 2766 Syp·
1599 2687 1603 2692 '

232 2790 347 2874 chych,
371 2790 529 2852 seniorem
555 2788 705 2870 juratum,
729 2802 761 2850 et
784 2789 864 2850 alios
881 2789 965 2850 cives
987 2789 1069 2852 dicte
1095 2791 1231 2852 civitatis
1256 2791 1286 2850 in
1305 2789 1427 2870 judicio
1445 2811 1499 2850 vo·

233 2913 323 2960 catus
346 2917 412 2959 non
436 2897 524 2958 venit
548 2915 606 2957 nec
623 2895 803 2978 comparuit
827 2915 935 2957 coram
960 2897 1063 2976 nobis,
1082 2897 1155 2958 ideo
1173 2897 1265 2958 datus
1282 2911 1327 2956 est
1343 2895 1501 2958 terminus

233 3006 356 3068 eisdem
380 3007 481 3088 prima
506 3005 575 3066 dies
598 3004 707 3086 judicii
735 3004 875 3086 dampna
903 3005 1046 3087 ipsorum
1069 3004 1313 3085 comprobandi.

342 3113 419 3174 ltem
438 3111 574 3174 Michael
589 3111 787 3173 baccalarius
803 3124 913 3172 contra
928 3111 1098 3174 Nicolaum
1117 3109 1218 3172 filium
1237 3111 1391 3171 lankonis
1409 3129 1499 3171 arcu-

233 3219 329 3302 paris,
355 3219 545 3301 vituperavit
562 3237 669 3280 coram
687 3217 781 3278 nobis
798 3217 829 3278 in
848 3216 968 3298 judicio
989 3217 1128 3279 eundem
1146 3218 1329 3296 Nicolaum,
1347 3215 1500 3278 remansit

234 3327 266 3388 in
293 3325 433 3406 birsagio
458 3339 491 3386 ut
516 3325 613 3386 morie
637 3337 684 3386 est
708 3323 791 3386 dicte
817 3323 963 3387 civitatis.

341 3432 420 3494 ltem
452 3431 632 3515 Stephanus
664 3431 847 3514 Jagychych
881 3430 1076 3493 inhabitator
1110 3430 1192 3492 dicte
1225 3430 1361 3492 civitatis
1389 3443 1500 3491 contra

233 3541 411 3603 Martinam
437 3537 644 3622 Symunoych
678 3537 783 3621 primo
816 3538 930 3600 citatus
958 3557 1023 3599 non
1058 3537 1238 3618 comparuit
1262 3556 1370 3598 coram
1395 3536 1499 3598 nobis.

341 3646 420 3708 ltem
446 3646 577 3708 domina
604 3643 712 3706 relicta
738 3643 875 3706 condam
905 3644 1029 3706 Nicolai
1062 3641 1213 3705 aurifabri
1239 3657 1348 3704 contra
1374 3643 1499 3724 Marga-

234 3751 358 3815 retham
392 3751 549 3814 Croucam
582 3751 698 3834 primu,
730 3750 920 3812 secundario
954 3763 984 3812 et
1015 3750 1162 3813 terciario
1195 3751 1288 3811 citata
1322 3769 1387 3810 non
1413 3768 1499 3810 com-

233 3861 340 3943 paruit
364 3879 472 3921 coram
496 3858 599 3920 nobis.

341 3966 420 4028 ltem
445 3963 630 4027 Anthonius
655 3962 844 4046 Oprasnych
870 3977 900 4025 et
917 3963 1080 4025 lohannes
1106 3962 1265 4046 Hwalych
1290 3975 1398 4024 contra
1425 3980 1499 4022 con-

232 4087 352 4135 sortem
388 4071 495 4133 Luche
527 4069 781 4152 Zaranthowych
813 4069 1004 4132 secundario
1034 4071 1119 4131 citati
1153 4089 1217 4131 non
1251 4081 1500 4151 comparuerunt

234 4199 343 4242 coram
370 4178 473 4239 nobis.

343 4284 419 4346 ltem
438 4283 622 4346 Anthonius
640 4282 829 4365 Oprasnych
855 4297 964 4344 contra
983 4281 1217 4362 Margaretham
1243 4282 1498 4344 inhabitatricem

237 4391 321 4454 dicte
347 4391 494 4468 civitatis,
511 4391 617 4472 primo
641 4390 765 4468 citatus,
780 4381 820 4450 'in
838 4387 959 4470 judicio
985 4409 1049 4451 non
1075 4390 1253 4472 comparuit
1271 4409 1378 4452 coram
1396 4389 1499 4450 nobis.

305 4589 1424 4682 &mmmmfflmmoemmmmmmwmffl

732 4729 796 4804 (29.
820 4728 1002 4802 novembris).

343 4851 482 4914 Causam
509 4852 591 4914 inter
622 4853 795 4914 Martinum
824 4851 965 4933 judicem
997 4851 1099 4912 filium
1125 4851 1264 4930 Thome,
1300 4865 1334 4912 ut
1358 4863 1498 4912 actorem

237 4959 278 5019 ab
302 4977 376 5038 una,
401 4971 432 5020 et
448 4958 592 5020 relictam
609 4958 747 5020 condam
769 4957 866 5020 Elasii
890 4957 1005 5039 judicis
1029 4971 1059 5019 et
1076 4957 1268 5020 Michaelem
1286 4957 1497 5019 baccalarium

238 5061 340 5126 filium
366 5076 396 5125 et
420 5063 501 5126 alios
525 5063 608 5126 filios
632 5064 775 5127 eiusdem
802 5064 928 5126 racione
958 5064 1173 5146 quorumdam
1200 5063 1415 5146 dampnorum
1439 5063 1500 5124 sibi
