3694 5782
555 561 760 642 Ann01466.
785 597 828 609 —
851 577 879 640 7.
905 566 1073 627 novembris.
1389 586 1448 648 303

187 772 287 834 larum
311 793 485 835 vacuarum
510 773 574 836 olei
601 775 743 837 etunius
767 795 877 837 currus
893 795 1035 838 asserum
1061 776 1198 836 condam
1222 776 1348 838 Nicolai
1366 777 1449 837 auri·

188 877 276 940 labro
301 879 419 942 seniori
443 879 541 962 judici
567 895 596 942 et
622 882 747 943 concivi
772 897 882 943 nostro
915 881 1199 944 accomodatorum
1224 881 1451 961 adjudicatam,

188 986 245 1067 ipsi
269 987 413 1048 seniores
443 986 564 1068 judices
596 989 683 1049 bono
715 988 870 1050 modoet
902 987 986 1068 justo
1011 988 1110 1049 modo
1143 987 1358 1068 adjudicatam
1384 987 1450 1050 fore

187 1091 432 1170 confirmarunt3
457 1093 496 1156 de
522 1114 587 1176 quo
619 1095 740 1176 judicio
772 1096 916 1176 ipsorum
949 1096 1113 1157 seniorum
1137 1095 1281 1176 judicum
1307 1096 1452 1158 Thomas

186 1197 269 1260 filius
293 1200 393 1282 ipsius
417 1201 554 1262 condam
581 1201 705 1262 Nicolai
738 1200 890 1263 aurifabri
915 1202 948 1262 in
978 1221 1034 1262 sua
1070 1201 1263 1262 acdomioe
1287 1204 1397 1264 matria
1421 1217 1452 1266 et

186 1303 317 1367 fratrum
344 1306 444 1388 ipsius
475 1306 604 1369 Thome
637 1307 772 1368 eandem
806 1327 934 1369 causam
966 1327 1039 1369 cum
1070 1307 1161 1369 totali
1195 1308 1263 1368 eius
1287 1309 1451 1390 adjudica-

187 1413 278 1473 cione
303 1413 335 1474 in
360 1415 558 1495 presenciam
584 1415 727 1495 magistri
751 1414 1021 1476 thawarnicorum
1040 1415 1125 1496 regie
1151 1415 1325 1476 Maiestatis
1342 1415 1450 1498 appel-

185 1518 262 1580 lavit
286 1534 318 1582 et
350 1521 547 1601 provocavit,
572 1533 602 1582 et
634 1521 726 1583 datus
758 1535 803 1581 est
826 1521 948 1582 eisdem
980 1521 1123 1602 partibus
1155 1540 1261 1582 coram
1287 1521 1356 1602 ipso
1383 1541 1449 1582 ma-

184 1627 282 1707 gistro
308 1626 578 1689 thawarnicorum
602 1628 759 1689 terminus
780 1627 987 1709 comparendi
1020 1627 1136 1689 tercius
1168 1627 1236 1688 dies
1267 1627 1338 1689 festi
1365 1629 1449 1690 beati

188 1734 319 1796 Martini
345 1734 487 1816 episcopi
513 1747 544 1796 et
568 1732 759 1796 confessoris
783 1735 928 1816 proxime
951 1735 1087 1798 venturi.

290 1840 370 1903 Item
395 1861 522 1903 causam
553 1841 635 1902 inter
667 1841 834 1902 dominam
867 1841 1101 1924 Margaretham
1135 1840 1279 1902 relictam
1312 1840 1449 1902 condam

185 1947 310 2008 Nicolai
335 1946 500 2027 aurifabri,
524 1947 604 2008 olim
628 1947 743 2030 judicis
775 1961 806 2010 et
838 1948 979 2010 concivis
1004 1947 1116 2026 nostri,
1148 1967 1203 2029 per
1228 1947 1348 2028 juratos
1381 1966 1450 2029 pre·

185 2053 268 2116 dicte
294 2055 431 2116 civitatis
456 2055 585 2117 racione
617 2054 784 2116 cuiusdam
817 2075 948 2138 mayecz
972 2073 1028 2116 seu
1061 2053 1182 2135 cinguli
1207 2073 1263 2136 per
1287 2053 1450 2115 Thomam

185 2159 320 2223 Cheden
345 2161 516 2244 deperditi,
540 2160 768 2242 adjudicatam,
793 2161 935 2224 seniores
958 2160 1080 2242 judices
1104 2161 1188 2221 dicte
1214 2159 1351 2222 civitatis
1375 2178 1451 2220 con·

184 2266 353 2330 firmarunt
377 2283 408 2331 et
432 2268 526 2330 datus
550 2281 597 2331 est
612 2269 769 2330 terminus
793 2266 964 2347 juramenti
982 2266 1086 2328 eidem
1105 2265 1237 2327 dominc
1261 2263 1339 2327 feria
1364 2277 1451 2326 sexta

184 2376 330 2459 proxima
355 2390 427 2438 ante
452 2374 568 2437 festum
593 2376 677 2437 beati
703 2373 868 2437 Michaelis
895 2373 1077 2456 archangeli
1103 2372 1248 2454 proxime
1266 2385 1450 2451 venturum,

185 2497 215 2544 et
239 2483 318 2544 dum
343 2481 471 2564 jurabit,
496 2483 563 2566 ipse
588 2481 734 2544 Thomas
758 2481 893 2544 Cheden
927 2481 1031 2543 eidem
1057 2479 1189 2541 domine
1213 2479 1338 2540 solvere
1361 2491 1450 2540 tene·

185 2591 269 2652 bitur
294 2603 451 2672 quantum
476 2589 586 2651 valuit.

291 2695 370 2758 ltem
395 2715 523 2758 causam
548 2695 631 2757 inter
654 2695 869 2756 Laurencium
893 2693 1012 2776 Sporar
1036 2693 1186 2755 comitem
1212 2691 1452 2754 communitatis

185 2817 292 2867 nostre
316 2803 391 2864 anni
417 2802 474 2864 LX
499 2801 614 2883 quinti,
638 2814 783 2883 tempore
808 2800 966 2881 judicatus
990 2798 1146 2861 Anthonii
1171 2798 1227 2860 filii
1253 2798 1394 2878 Thome,
1418 2813 1452 2860 et

186 2911 327 2972 concivis
352 2909 462 2990 nostri,
486 2923 517 2970 et
542 2909 623 2971 inter
648 2908 783 2970 Paulum
809 2905 981 2989 lagathycz
1005 2907 1138 2985 dictum,
1163 2904 1355 2983 carnificem,
1373 2925 1448 2966 con·

186 3018 271 3079 cives
287 3031 425 3094 nostros,
449 3015 578 3077 racione
595 3034 661 3076 non
679 3013 908 3097 apreciacioois
929 3012 1073 3074 maccelli
1098 3025 1129 3072 et
1145 3011 1296 3073 animalia
1321 3011 1447 3072 venalia

185 3144 242 3207 per
262 3123 367 3207 ipsum
394 3123 552 3206 pascentis
576 3123 608 3183 io
632 3120 791 3183 territorio
816 3120 899 3182 dicte
925 3119 1059 3181 civitatis
1083 3118 1169 3200 juxta
1194 3117 1300 3178 literas
1324 3130 1447 3178 nostras

185 3231 363 3310 comitales,
384 3250 444 3292 noa
459 3229 601 3291 seniores
617 3227 738 3308 judices
763 3227 846 3288 dicte
864 3225 1000 3287 civitatis
1020 3245 1076 3306 per
1102 3225 1206 3307 ipsum
1232 3221 1446 3284 Laurencium

186 3338 305 3420 Sporar
329 3337 368 3398 ad
393 3356 452 3398 nos
475 3335 681 3418 appellatam,
704 3332 810 3395 taliter
833 3331 1099 3412 adjudicavimus,
1124 3329 1212 3412 quod
1237 3329 1304 3411 ipse
1330 3328 1448 3390 Paulus

185 3443 360 3526 lagathych
385 3442 472 3524 juxta
496 3455 527 3503 et
550 3461 648 3523 penes
665 3440 772 3502 literas
796 3453 920 3500 nostras
937 3437 1103 3500 comitales
1129 3437 1233 3518 ipsum
1259 3434 1448 3496 maccellum

185 3551 291 3612 eidem
317 3549 496 3610 Laurentio
513 3547 637 3608 solvere
661 3546 840 3622 tenebitur;
863 3545 903 3606 de
927 3563 993 3626 quo
1010 3543 1131 3626 judicio
1156 3542 1223 3622 ipse
1249 3541 1366 3603 Paulus
1383 3559 1449 3602 oon

185 3669 354 3719 contentus
379 3656 410 3717 in
435 3653 634 3737 presenciam
658 3651 801 3733 magistri
819 3651 1065 3712 taivarnicorum
1084 3648 1240 3730 regalium
1265 3647 1450 3730 appellavit,

184 3777 216 3825 et
239 3763 332 3824 datus
356 3775 402 3822 est
418 3761 462 3822 eis
479 3761 634 3822 terminus
650 3772 781 3820 octavus
803 3757 872 3818 dies
889 3754 959 3818 festi
984 3755 1067 3817 beati
1086 3754 1215 3816 Martini
1230 3753 1449 3836 comparendi.

219 3981 316 4058 Feria
345 3991 441 4056 sexta
471 3983 624 4072 proxima
659 3985 737 4051 ante
765 3979 889 4049 festam
918 3974 1007 4048 beati
1036 3973 1173 4046 Martini
1202 3974 1348 4062 episcopi
1377 3979 1411 4044 et

715 4103 929 4175 confessoris.

693 4263 738 4338 (7.
762 4254 948 4337 novembris).

292 4407 370 4467 ltem
395 4405 500 4466 Lucas
531 4402 682 4483 antiquus
705 4398 827 4481 juratus
858 4397 963 4480 primo
992 4393 1051 4456 fuit
1076 4393 1188 4456 citatus
1220 4404 1328 4453 contra
1353 4390 1448 4451 Nico-

187 4515 274 4576 laum
299 4525 453 4591 sutorem,
476 4529 542 4572 non
565 4507 754 4590 comparuit.

292 4619 370 4682 Item
395 4636 523 4680 causam
548 4617 631 4677 inter
654 4613 820 4676 dominam
846 4609 994 4672 Vrsulam
1014 4607 1289 4688 Chutltowyczam
1314 4617 1345 4665 et
1369 4603 1451 4664 inter

191 4728 343 4810 Egidium
369 4726 408 4788 de
434 4724 540 4786 Mlalta
575 4721 703 4782 racione
737 4717 903 4780 cuiusdam
937 4715 1013 4777 ciste
1038 4713 1176 4796 reposite
1209 4711 1290 4772 circa
1315 4708 1450 4771 eandem

188 4835 354 4897 dominam
384 4831 545 4909 Vrsulam,
577 4829 706 4891 racione
738 4825 929 4907 suspicionis
965 4821 1114 4883 videlicet
1155 4833 1188 4882 ut
1223 4838 1304 4880 uxor
1335 4814 1449 4899 prefati

188 4941 294 5022 Egidii
318 4939 359 5001 de
384 4939 490 5002 Mlalta
515 4935 715 5018 deposuisset
739 4931 902 5013 quandam
928 4929 1038 4991 cistam
1063 4928 1094 4988 io
1121 4927 1221 4987 domo
1245 4921 1366 5006 prefate
1391 4921 1448 4981 do-

187 5048 273 5110 mine
298 5047 424 5126 Vrsule,
448 5064 511 5128 que
536 5041 672 5127 prestitit
688 5039 906 5123 juramentum
933 5036 965 5098 in
983 5054 1036 5096 ara
1060 5047 1165 5096 sancte
1191 5029 1315 5106 Crucis,
1333 5041 1367 5090 ut
1384 5027 1452 5112 ipsa
