3694 5782
648 600 734 656 Anno
759 596 852 676 1468.
878 633 919 642 —-
943 600 973 660 ό,
1002 600 1087 661 nrcrr't'.

266 833 363 906 Faria
393 845 492 906 sexta
523 836 674 924 proxima
708 846 784 926 post
814 839 935 908 festum
971 839 1178 910 invencionis
1208 848 1323 910 sancte
1353 839 1478 912 Crucis.

795 987 838 1064 (6.
863 989 959 1068 irruit).

346 1130 423 1191 Item
443 1131 518 1212 quia
536 1131 662 1192 Marcus
687 1129 826 1192 carnifex
845 1129 1039 1212 Gurakoych
1055 1131 1168 1209 dictus,
1194 1131 1369 1192 modernus
1385 1131 1506 1212 juratus

240 1251 271 1297 et
304 1236 447 1298 concivis
477 1249 596 1315 noster,
628 1237 841 1318 juramentum
875 1237 935 1298 sibi
969 1237 1187 1317 adjudicatum
1219 1252 1328 1298 contra
1361 1238 1504 1299 relictam

242 1344 380 1405 condam
406 1343 492 1406 Galli
517 1346 556 1406 de
581 1345 751 1406 Ztenowcz
777 1343 925 1425 deposuit
949 1359 983 1404 ut
1008 1343 1128 1405 debuit.

346 1451 423 1512 ltem
449 1451 525 1533 quia
550 1451 647 1534 Elyas
669 1449 757 1512 fusor
773 1470 1014 1531 campanarum,
1038 1451 1146 1512 senior
1163 1449 1285 1532 juratus
1309 1464 1339 1512 et
1363 1451 1504 1512 concivis

240 1573 361 1637 noster,
383 1557 598 1639 juramentum
624 1558 758 1640 provide
783 1558 909 1618 mulieri
936 1557 1098 1620 Dorothea
1124 1573 1234 1620 vocate
1270 1558 1409 1620 consorti
1436 1558 1503 1618 Ste-

241 1664 378 1745 phinecz
403 1665 508 1746 jurati,
542 1664 688 1726 tnoderui
706 1664 800 1745 jurati
826 1677 857 1724 et
882 1663 995 1725 decani
1014 1664 1203 1744 juratorum,
1228 1684 1284 1746 per
1307 1663 1427 1745 juratos
1450 1664 1504 1724 ad-

238 1770 428 1852 judicatum,
453 1771 573 1832 dimisit
597 1791 661 1832 non
686 1770 802 1852 jurare,
825 1769 881 1831 sed
906 1771 1047 1852 quietam
1073 1769 1209 1832 eandem
1234 1769 1384 1831 reddidit.

348 1877 424 1938 Item
451 1877 526 1958 quia
558 1876 740 1958 Stephanus
765 1874 904 1938 carnifex
936 1877 1046 1958 Zaylro
1078 1877 1191 1954 dictus,
1223 1876 1301 1936 alias
1329 1875 1449 1954 juratus
1473 1891 1503 1938 et

239 1983 382 2044 concivis
407 1997 523 2061 noster,
549 1982 580 2043 id
605 2003 677 2044 curn
702 1981 872 2046 sufficienti
889 1983 1076 2046 testimonio
1104 1983 1279 2064 proborum
1303 1983 1445 2043 virorum
1471 1984 1501 2044 in

237 2090 314 2150 sede
340 2102 447 2150 nostra
472 2089 638 2168 judiciaria
663 2090 745 2151 clare
772 2089 1004 2170 comprobavit,
1030 2102 1063 2149 ut
1088 2089 1164 2149 dum
1190 2091 1290 2170 proba
1315 2102 1345 2149 et
1370 2088 1502 2151 honesta

237 2197 354 2258 mulier
383 2196 498 2257 Vrsula
530 2209 653 2274 vocata,
685 2197 764 2257 olim
797 2196 937 2257 concivis
969 2208 1087 2274 nostra,
1119 2196 1150 2256 in
1180 2196 1331 2257 extremis
1360 2196 1423 2256 vite
1447 2217 1502 2256 sue

237 2303 425 2384 temporalis
449 2303 635 2381 laborasset,
658 2315 734 2364 tunc
759 2303 825 2384 ipsa
851 2303 989 2364 eundem
1020 2301 1220 2383 Stephanum
1244 2302 1354 2383 Zayko
1378 2301 1502 2362 carnifi-

238 2428 307 2469 cem
333 2423 364 2470 et
398 2409 592 2490 Gregorium
624 2409 814 2488 institorem,
846 2411 1004 2471 seniorem
1037 2409 1188 2490 juratum,
1221 2429 1296 2470 suos
1324 2407 1448 2471 fecisset
1473 2423 1503 2472 et

238 2515 456 2576 constituisset
480 2515 717 2576 commissarios
742 2529 773 2578 et
797 2531 992 2593 executores,
1021 2516 1196 2598 omniaque
1221 2517 1305 2576 bona
1330 2535 1385 2576 sua
1408 2535 1502 2597 super

237 2623 325 2704 ipsos
349 2623 561 2684 commisisset
584 2641 643 2704 pro
667 2623 773 2683 anima
798 2642 855 2683 aua
879 2623 1006 2704 exponi.

310 2807 316 2816 Ι
345 2728 423 2790 ltem
448 2727 524 2809 quia
541 2728 661 2790 Stanka
685 2729 802 2790 mulier
819 2729 1088 2810 Krasvarschycza
1106 2729 1200 2807 dicta,
1226 2729 1366 2790 concivis
1383 2742 1501 2807 nostra,

238 2834 268 2894 id
295 2832 466 2894 sufficienti
492 2833 678 2896 testimonio
703 2834 884 2895 concivium
903 2847 1084 2896 nostrorum
1111 2855 1218 2896 coram
1244 2836 1337 2896 nobis
1354 2855 1501 2917 compro·

237 2940 336 3020 bavit,
360 2953 395 3001 ut
418 2939 495 3000 dum
515 2940 650 3002 condam
669 2940 802 3022 provida
820 2939 936 3000 mulier
961 2941 1061 3001 Elena
1079 2941 1187 3002 relicta
1205 2941 1342 3002 condam
1368 2940 1501 3021 Georgii

237 3045 422 3129 Pykovvych
455 3046 542 3124 dicti,
575 3047 680 3108 eidem
714 3046 830 3108 Stanke
863 3047 988 3108 vineam
1018 3066 1107 3108 suam
1140 3048 1236 3108 simul
1268 3068 1341 3108 curn
1365 3047 1443 3108 silva
1468 3047 1499 3120 in

237 3153 359 3234 Belyah
384 3153 525 3214 habitam
544 3152 678 3233 legasset
701 3167 732 3214 et
749 3153 930 3232 dimisisset,
954 3153 1027 3214 ideo
1050 3155 1151 3236 ipsam
1169 3154 1344 3235 predictam
1369 3155 1498 3214 vineam

236 3279 310 3320 cum
335 3259 479 3341 predicta
503 3259 582 3320 silva
607 3260 744 3340 provido
770 3275 800 3320 et
831 3261 1062 3342 circumspecto
1094 3262 1164 3322 viro
1188 3262 1354 3322 Anthonio
1379 3261 1498 3322 seniori

235 3365 333 3444 judici
360 3379 390 3426 et
414 3366 538 3427 concivi
563 3381 672 3426 nostro
696 3367 850 3432 vendidit.

345 3472 421 3533 ltem
455 3491 582 3534 causam
616 3473 698 3533 inter
729 3472 872 3534 relictam
905 3473 1042 3534 condam
1076 3473 1229 3536 Anthonii
1264 3474 1340 3535 llott
1365 3488 1395 3535 et
1420 3475 1500 3535 inter

239 3578 376 3639 Paulum
401 3579 574 3658 agricolam
593 3579 721 3639 racione
745 3579 911 3640 cuiusdam
938 3580 1041 3657 vinee,
1060 3581 1126 3662 ipse
1144 3579 1261 3640 Paulus
1285 3579 1388 3660 jurare
1413 3595 1498 3640 tene-

238 3685 322 3745 bitur
348 3684 425 3745 feria
450 3699 535 3746 sexta
561 3685 718 3766 proxima,
751 3685 839 3766 quod
871 3685 978 3746 nullos
1001 3683 1122 3746 fructus
1146 3685 1186 3746 de
1221 3685 1286 3766 ipsa
1312 3686 1403 3745 vinea
1429 3706 1498 3767 per·

237 3792 338 3872 cepit;
364 3803 395 3852 et
419 3791 496 3852 dum
522 3790 648 3872 jurabit,
666 3805 742 3852 tunc
767 3793 833 3873 ipse
854 3792 966 3874 perdet
990 3811 1092 3852 arram
1118 3805 1148 3852 et
1165 3791 1264 3872 ipsam
1291 3791 1416 3850 vineam
1442 3809 1499 3872 pro

236 3917 269 3958 se
293 3896 425 3958 tenebit.

343 4003 420 4064 ltem
444 4023 570 4065 causam
596 4005 677 4065 inter
710 4005 828 4066 Rosam
860 4003 1004 4066 filaricam
1030 4003 1187 4066 Croacam
1219 4019 1249 4064 et
1273 4003 1355 4064 inter
1380 4004 1498 4064 Rosam

238 4123 418 4172 consortem
445 4108 576 4190 Georgii
594 4110 823 4192 Zteclarychyn
850 4125 880 4171 et
897 4113 1138 4193 Kerpanyczam
1157 4110 1284 4170 racione
1309 4110 1499 4190 suspicionis

237 4216 401 4278 cuiusdam
427 4215 591 4296 peccunie‚
616 4217 683 4298 ipse
711 4218 805 4278 ambe
826 4217 969 4298 quelibet
985 4217 1149 4278 terciamet
1177 4215 1280 4296 jurare
1305 4217 1499 4277 tenebuntur

238 4325 268 4385 in
293 4343 347 4384 ara
371 4335 479 4384 sancte
504 4320 616 4383 Crucis
640 4323 742 4404 prima
768 4321 846 4383 feria
874 4337 960 4384 sexta
992 4323 1156 4404 proxima;
1181 4336 1211 4383 et
1235 4322 1312 4382 dum
1337 4319 1498 4402 jurabunt,

237 4443 312 4491 tunc
337 4428 403 4509 ipsa
428 4427 556 4489 easdem
581 4427 739 4510 impedire
763 4448 829 4489 non
853 4429 979 4510 poterit.

343 4535 419 4594 Item
446 4553 572 4596 causam
606 4535 688 4596 inter
721 4534 908 4596 Thomasico
937 4549 968 4596 et
1000 4535 1081 4596 inter
1106 4534 1301 4615 Gregorium
1326 4534 1497 4616 pellificem

238 4643 366 4704 racione
390 4641 648 4722 vituperacionis,
666 4642 755 4722 quod
773 4643 838 4724 ipse
857 4643 960 4723 ipsum
983 4641 1096 4702 ruffian
1114 4642 1316 4724 appellasset,
1335 4641 1400 4724 ipse
1420 4641 1496 4703 Gre-

236 4748 344 4828 gorius
368 4745 472 4828 jurare
495 4747 654 4808 tenebitur
691 4748 779 4829 quod
804 4749 871 4830 ipse
896 4747 1034 4809 eundem
1064 4766 1129 4808 non
1154 4748 1347 4830 appellasset
1371 4747 1496 4827 ruffian,

236 4855 289 4915 sed
316 4854 406 4915 uxori
432 4873 486 4914 sue
512 4854 652 4915 dixisset.

342 4959 419 5020 ltem
446 4959 526 5019 inter
550 4958 704 5020 Mathiam
729 4961 890 5039 claudum,
908 4974 1072 5040 sartorem,
1098 4975 1129 5023 et
1155 4962 1235 5022 inter
1252 4962 1397 5023 relictam
1422 4981 1497 5022 con-

235 5067 309 5128 dam
335 5067 486 5148 Stephani
512 5065 693 5148 Jagychych
723 5068 850 5129 racione
883 5069 1059 5130 ablacionis
1091 5067 1305 5151 quarumdam
1331 5087 1437 5129 rerum
1464 5069 1495 5128 in
