3738 5786
640 516 726 572 Anno
750 525 839 590 1452.
866 549 904 557 -
930 527 979 590 25.
1004 519 1130 588 augusti.
1480 535 1518 594 41

362 725 440 787 Item
465 722 607 807 prefatus
630 724 818 788 Franciscus
851 739 940 788 sutor
965 725 1003 788 de
1036 726 1183 808 potencia
1209 745 1271 807 qua
1295 728 1465 810 pecuniam
1492 741 1522 790 et

260 833 413 894 sotulares
445 832 544 914 ipsius
569 831 652 894 Petri
685 831 778 911 jurati
811 852 867 914 per
898 832 1003 914 ipsum
1041 832 1169 894 Petrum
1205 833 1343 914 juratum
1376 836 1415 896 ab
1452 835 1522 916 ipso

263 939 431 1001 Francisco
454 951 561 1000 sutore
593 954 805 1021 comparatos,
837 939 974 1002 detinuit
998 939 1079 1000 circa
1103 958 1136 1000 se
1168 939 1400 1022 potencialiter,
1425 939 1520 1003 debet

261 1046 364 1108 eidem
394 1047 489 1108 Petro
513 1046 615 1128 jurato
640 1047 680 1108 ad
705 1061 854 1110 octavum
880 1047 966 1108 diem
990 1043 1180 1108 satisfacere.

362 1173 441 1234 Item
466 1172 541 1253 quia
566 1171 756 1234 Valentinus
784 1171 888 1234 dictus
921 1173 988 1233 lah
1012 1171 1142 1253 jobagio
1168 1171 1257 1234 Pauli
1290 1170 1441 1234 aurifabri
1475 1173 1522 1254 ju·

259 1279 326 1356 rati,
350 1278 567 1360 juramentum
591 1279 651 1340 sibi
675 1280 776 1340 tercio
800 1299 832 1340 se
865 1279 1010 1362 personis
1034 1279 1094 1340 sibi
1127 1279 1287 1340 similibus
1311 1293 1421 1340 contra
1446 1279 1522 1341 Cle-

261 1399 400 1446 mentem
425 1385 633 1467 jobagionem
657 1385 781 1448 domini
806 1385 934 1448 lectoris
965 1387 1098 1448 ecclesie
1123 1386 1339 1467 zagrabiensis
1363 1405 1459 1467 super
1483 1404 1522 1447 eo

260 1491 488 1572 adjudicatum,
512 1505 548 1553 ut
571 1493 638 1575 ipse
665 1491 822 1575 prefatum
856 1493 1059 1554 Clementem
1085 1511 1149 1554 non
1175 1491 1292 1553 fixisset
1309 1512 1366 1553 nec
1392 1492 1522 1554 cultello

260 1619 317 1661 nec
340 1599 451 1681 aliquo
476 1599 541 1660 alio
565 1597 661 1678 serto,
685 1618 724 1661 eo
749 1599 848 1660 modo
882 1599 1018 1680 prestitit
1042 1612 1072 1660 et
1096 1599 1255 1680 deposuit,
1288 1613 1323 1660 ut
1346 1598 1432 1660 idem
1457 1598 1519 1660 Va·

259 1706 399 1768 lentinus
424 1704 491 1767 Lah
516 1705 654 1766 eundem
682 1705 883 1768 Clementem
902 1725 962 1767 nec
985 1704 1117 1766 cultello
1142 1723 1201 1766 nec
1218 1705 1329 1786 aliquo
1353 1703 1417 1766 alio
1435 1702 1519 1766 ferro

261 1812 326 1875 fixit
350 1832 408 1874 nec
432 1812 623 1890 vulneravit,
648 1811 703 1874 sed
722 1813 753 1873 in
779 1813 869 1874 totali
887 1812 1018 1875 accione
1035 1827 1066 1874 et
1082 1812 1298 1893 acquisicione
1324 1813 1423 1894 ipsius
1447 1809 1521 1874 Cle·

261 1919 375 1981 mentis
398 1919 515 1982 actoris
539 1919 694 1982 innocens
718 1931 800 1980 esset
823 1919 951 2001 penitus
975 1932 1006 1980 et
1030 1919 1190 1980 innoxius.

363 2045 441 2106 ltem
475 2045 652 2128 Elyzabeth
681 2064 760 2106 uxor
791 2043 910 2106 Cosme
942 2064 998 2126 per
1030 2043 1308 2125 adjudicacionem
1342 2043 1518 2126 juratorum

257 2152 352 2214 tercia
365 2172 399 2214 se
412 2153 558 2234 personis
581 2151 684 2232 jurare
699 2151 859 2213 tenebitur
875 2165 990 2212 octavo
1007 2151 1059 2212 die
1076 2170 1171 2232 super
1185 2169 1272 2212 aram
1297 2165 1407 2213 contra
1425 2151 1521 2212 Nico-

258 2258 344 2320 laum
370 2257 506 2320 Cbehko
530 2277 692 2340 supereo,
716 2271 750 2319 ut
774 2259 841 2340 ipsa
858 2258 945 2320 nulla
963 2258 1125 2340 sortilegia
1148 2257 1208 2340 ipsi
1232 2258 1368 2320 Nicolao
1385 2257 1521 2321 Chehko

259 2363 333 2427 fecit
356 2385 414 2426 nec
439 2365 472 2425 in
497 2365 631 2426 domum
656 2384 746 2426 suam
771 2366 889 2447 posuit,
913 2365 969 2426 sed
1004 2365 1036 2426 in
1060 2364 1150 2426 totali
1176 2364 1307 2426 accione
1331 2377 1362 2426 et
1384 2365 1521 2446 acquisi-

260 2471 350 2533 cione
375 2471 452 2534 dicti
478 2471 603 2533 Nicolai
629 2470 765 2533 Chehlro
790 2472 946 2533 innocens
970 2471 1010 2533 sit
1034 2471 1161 2553 penitus
1185 2485 1216 2533 et
1240 2471 1381 2534 innoxia.

326 2707 423 2782 leria
451 2717 550 2782 sexta
577 2712 732 2800 proxima
760 2717 837 2800 post
865 2710 988 2782 festum
1017 2711 1128 2782 sancti
1158 2713 1247 2798 regis
1277 2709 1447 2800 Stephani.

767 2879 834 2962 (25.
865 2880 1008 2963 auguste).

363 3040 440 3102 ltem
467 3041 543 3123 quia
569 3041 679 3103 Petrus
703 3041 788 3104 filius
813 3041 992 3104 Clementis
1016 3041 1054 3102 de
1081 3041 1272 3123 Zwybowcz
1296 3041 1457 3103 districtus
1481 3041 1520 3102 de

260 3146 403 3230 Zyschan
436 3162 483 3210 est
518 3161 683 3232 reppertus
716 3149 747 3210 in
773 3145 944 3210 manifesto
977 3146 1063 3210 furtu
1095 3147 1245 3210 videlicet
1277 3148 1309 3209 in
1335 3147 1521 3226 bursicidio,

260 3252 399 3336 ideoque
424 3255 529 3337 ipsum
555 3255 683 3317 Petrum
707 3275 764 3338 per
788 3273 897 3316 aurem
922 3273 1013 3316 suam
1038 3253 1077 3315 ad
1103 3254 1249 3316 eculeum
1274 3253 1360 3335 affigi
1386 3254 1521 3316 fecimus

258 3371 290 3422 et
312 3361 414 3442 ipsam
439 3381 530 3422 suam
562 3381 671 3423 aurern
703 3381 762 3445 pro
786 3363 888 3444 prima
920 3361 1019 3443 ipsius
1048 3361 1250 3422 correctione
1283 3361 1427 3443 acapite
1452 3362 1521 3422 eius

259 3467 380 3528 abscidi
413 3480 444 3528 et
468 3469 573 3550 ipsum
598 3468 637 3530 de
671 3469 797 3531 civitate
822 3483 853 3530 et
885 3467 954 3530 eius
977 3467 1137 3529 territorio
1160 3467 1294 3549 turpiter
1328 3467 1444 3551 expelli
1476 3466 1521 3528 f-

258 3573 370 3650 cimus,
396 3575 633 3638 committentes
647 3577 763 3654 eidem,
788 3593 822 3638 ut
839 3577 906 3659 ipse
931 3575 1043 3637 Petrus
1063 3575 1103 3638 de
1127 3589 1232 3638 cetero
1257 3591 1287 3637 et
1311 3576 1522 3658 peramplius

256 3679 297 3740 ad
320 3680 482 3743 civitatem
507 3695 537 3744 et
561 3683 629 3744 eius
653 3684 850 3745 territorium
874 3701 1041 3765 nunquam
1060 3683 1176 3744 intrate
1201 3681 1326 3761 debeat,
1351 3683 1406 3764 qui
1431 3682 1456 3744 si
1480 3682 1519 3742 de

257 3800 363 3848 cetero
388 3801 419 3850 et
441 3807 498 3870 per
521 3789 661 3870 amplius
685 3791 717 3850 in
751 3790 876 3852 civitate
904 3803 934 3851 et
963 3789 1032 3850 eius
1064 3789 1225 3852 territorio
1249 3788 1466 3872 deprehensus
1491 3805 1521 3850 et

257 3907 425 3974 reppertus
448 3891 545 3956 fuerit
568 3895 654 3977 juxta
687 3915 743 3958 sua
768 3897 923 3958 demerita
955 3915 1071 3979 penam
1105 3917 1201 3979 quam
1227 3897 1421 3959 demeruerit
1445 3917 1519 3959 coo·

257 4013 419 4080 sequetur.

363 4107 442 4170 ltem
474 4107 604 4192 Mathye
636 4109 720 4171 filius
751 4109 928 4191 lutifigulus
961 4109 1136 4192 Gregorius
1173 4124 1283 4174 contra
1315 4111 1516 4174 Anthonium

259 4214 548 4276 molendinatorem
574 4216 679 4298 primo
704 4217 816 4278 citatus
841 4236 904 4278 non
930 4219 1119 4300 comparuit.

363 4339 441 4401 ltem
467 4340 634 4401 Emericus
657 4355 746 4403 sutor
770 4341 904 4404 servitor
927 4343 1011 4403 Luce
1036 4343 1153 4404 sutoris
1177 4363 1277 4426 penes
1298 4345 1518 4406 testimonium

259 4465 361 4526 suum,
394 4446 484 4528 quod
517 4446 621 4528 ipsum
651 4447 690 4507 de
724 4446 809 4509 furtu
842 4448 1008 4510 cuiusdam
1041 4451 1164 4533 capucii
1197 4451 1322 4533 pellicei
1355 4452 1520 4514 Michaelis

259 4551 403 4634 pellificis
427 4551 520 4633 jurati
545 4554 743 4635 expurgavit,
775 4553 878 4635 jurare
908 4557 1067 4618 tenebitur
1099 4571 1213 4619 octavo
1238 4559 1289 4619 die
1314 4579 1409 4641 super
1433 4579 1519 4620 aram

259 4672 367 4720 contra
384 4657 543 4741 prefatum
563 4659 755 4722 Michaelem
773 4661 944 4744 pellifieem
971 4683 1026 4745 per
1042 4664 1319 4746 adjudicacionem
1343 4665 1519 4747 juratorum

259 4784 351 4847 super
376 4785 426 4844 eo,
451 4780 486 4828 ut
510 4767 575 4848 ipse
608 4766 787 4849 predictum
821 4771 988 4851 capucium
1020 4773 1189 4852 pelliceum
1223 4773 1322 4854 ipsius
1355 4773 1520 4834 Michaelis

260 4871 403 4952 pellificis
429 4891 494 4934 non
518 4873 684 4952 subtraxit,
708 4874 763 4935 sed
789 4895 846 4957 pro
871 4877 1007 4957 pecunia
1032 4898 1087 4939 sua
1114 4879 1144 4938 in
1172 4879 1325 4962 Capitulo
1343 4899 1358 4940 a
1377 4880 1519 4962 quodam

260 4979 455 5040 mercenario
480 4982 686 5062 comparavit.
