3694 5782
577 573 663 631 Anno
685 569 780 651 1466.
805 608 849 618 -
872 569 924 636 28.
941 574 1108 651 scbmars'i.
1411 593 1468 658 291

206 785 296 846 mino
321 784 352 845 in
370 784 514 867 predicto
531 785 706 868 peripsam
724 786 891 848 dominam
916 787 1060 849 relictam
1078 788 1178 870 ipsius
1194 788 1332 850 condam
1353 788 1473 850 Mathis

208 891 436 974 Kwnoberych
461 905 493 953 et
523 911 633 953 earum
667 890 838 954 sessionem
864 894 1091 975 producendos
1122 894 1234 957 audire
1265 896 1469 958 tenebuntur.

312 997 391 1060 ltem
415 1017 544 1060 causam
577 999 659 1060 inter
682 999 819 1062 Paulum
851 999 1062 1078 aurifabrum,
1086 1013 1120 1062 ut
1151 1013 1292 1062 actorem
1330 1002 1369 1062 ab
1394 1019 1471 1080 una,

207 1117 238 1166 et
264 1103 345 1166 inter
370 1103 559 1167 Conradum
584 1105 727 1185 Rawsar,
750 1105 911 1168 seniorem
935 1105 1086 1187 judicem,
1111 1120 1141 1168 et
1159 1107 1312 1168 concives
1336 1119 1472 1184 nostros,

206 1211 335 1274 racione
360 1211 558 1292 obieccionis
582 1212 642 1294 ipsi
668 1213 769 1274 Paulo
794 1213 971 1296 peripsum
998 1212 1185 1275 Conradum
1212 1213 1345 1274 Rawsar
1362 1225 1471 1274 notam

211 1317 409 1379 infidelitatis
431 1333 462 1380 et
486 1319 671 1401 calumpnie
695 1332 726 1380 ct
749 1339 783 1380 se
802 1320 888 1401 ipsos
911 1339 968 1401 per
984 1319 1184 1381 Anthonium
1208 1319 1346 1399 judicem
1372 1331 1403 1380 et
1426 1318 1472 1400 ju·

205 1436 294 1486 ratos
317 1423 368 1486 hic
393 1425 424 1486 in
459 1425 649 1487 consistorio
681 1425 721 1486 ad
754 1425 856 1508 capita
890 1445 1002 1487 eorum
1034 1425 1246 1504 detentionis,
1271 1443 1329 1506 pro
1353 1424 1473 1504 quibus

205 1530 366 1591 ambobus
389 1529 592 1592 fideiussores
616 1529 750 1592 luissent
774 1545 805 1593 et
829 1531 949 1593 eisdem
969 1531 1126 1595 terminus
1150 1531 1289 1612 primurn
1315 1529 1471 1610 judicium

205 1637 335 1698 racione
360 1637 469 1719 previa
494 1637 666 1720 deputatus
690 1637 861 1714 extitisset3
886 1651 917 1700 et
942 1639 1017 1720 quia
1034 1637 1147 1700 eedem
1172 1637 1266 1698 ambe
1291 1648 1395 1718 partes
1411 1649 1471 1698 ter·

207 1743 333 1805 minum
358 1743 398 1804 sd
423 1743 563 1806 eundem
588 1763 696 1807 coram
729 1744 823 1806 nobis
854 1743 1120 1826 comparuissent,
1152 1743 1227 1804 ideo
1252 1761 1311 1803 nos
1335 1742 1471 1804 eandern

206 1869 334 1912 caumas
360 1869 463 1931 usque
487 1851 626 1933 primum
661 1849 817 1932 judicium
849 1871 906 1933 per
931 1871 989 1912 nos
1012 1849 1080 1912 fieri
1113 1850 1298 1912 debendum
1323 1849 1473 1910 duximus

205 1957 444 2039 prorogandam
476 1958 501 2019 si
534 1958 730 2020 concordare
764 1971 925 2040 poterunt,
957 1972 988 2020 et
1016 1957 1122 2020 eidem
1156 1955 1309 2019 Conrado
1342 1955 1473 2017 Rawsar

205 2065 342 2145 probare
367 2063 469 2147 ipsam
493 2062 716 2126 infidelitatem
742 2083 851 2127 corant
876 2064 970 2126 nobis
994 2063 1231 2146 deputavimus.

312 2169 392 2232 ltem
424 2169 571 2232 Thomas
603 2183 693 2232 sutor
723 2190 822 2252 gener
854 2170 1034 2233 Clementis
1065 2168 1234 2252 irenipsris
1266 2185 1375 2234 contra
1400 2172 1471 2234 Ela-

206 2275 289 2337 sium
323 2275 504 2338 carnificem
537 2275 796 2360 Chwdawchycls
831 2277 965 2356 dictum,
997 2276 1094 2338 tercia
1126 2277 1194 2339 vice
1227 2277 1340 2340 citatus
1364 2297 1471 2340 coram

205 2383 311 2464 judice
336 2403 402 2447 non
427 2385 608 2467 comparuit
631 2397 662 2446 et
685 2384 816 2447 tandem
840 2383 947 2466 primo
963 2384 1180 2467 proclamatus
1204 2385 1236 2446 in
1261 2385 1382 2466 judicio
1406 2405 1471 2447 non

206 2490 388 2573 comparuit
411 2490 443 2552 in
468 2489 600 2572 judicio.

312 2596 391 2658 ltem
416 2597 572 2659 discretus
597 2596 645 2658 vir
669 2595 821 2658 dominus
838 2596 993 2659 Clemens
1016 2597 1172 2680 presbiter
1188 2598 1340 2680 magister
1363 2597 1471 2680 hospi-

206 2703 279 2766 talis
304 2706 395 2766 beate
420 2705 520 2766 Matie
544 2703 678 2786 virginis
714 2717 824 2766 contra
850 2704 1041 2786 Dyonisium
1060 2703 1230 2788 Sypchych
1254 2705 1383 2767 racione
1401 2725 1471 2787 per-

209 2811 366 2874 cussionis
379 2831 451 2874 cum
465 2811 607 2893 quodam
621 2811 769 2890 biccello,
779 2813 884 2893 primo
898 2811 1011 2873 citatus
1024 2811 1055 2872 in
1066 2809 1186 2892 judicio
1200 2831 1265 2873 non
1279 2811 1469 2893 comparuit.

314 2917 392 2979 ltem
424 2917 517 2998 jurati
560 2916 784 2999 adjudicarunt
823 2917 854 2978 in
887 2915 971 2979 lacto
1008 2917 1174 2979 cuiusdam
1214 2917 1334 2979 canalis
1375 2930 1472 3000 prout

206 3024 325 3086 Paulus
348 3021 509 3086 aurifaber
533 3037 643 3085 contra
673 3023 815 3085 Blasium
847 3023 987 3103 judicem
1021 3023 1234 3106 Ztoymylych
1259 3025 1471 3106 proponebat,

205 3130 294 3212 quod
318 3130 430 3192 canale
455 3131 523 3213 ipse
549 3129 674 3192 Blasius
699 3128 795 3210 judex
820 3127 995 3191 reformare
1018 3130 1187 3192 tenebatur
1211 3150 1312 3211 usque
1336 3130 1470 3190 tercium

206 3238 291 3299 diem
316 3239 377 3300 sub
401 3257 485 3320 pena
518 3240 663 3318 quinque
687 3255 866 3298 marcarum
900 3237 945 3297 uti
978 3237 1066 3318 prius
1097 3236 1201 3319 ipsum
1226 3236 1336 3298 canale
1360 3236 1472 3298 habuit

206 3363 299 3406 suum
334 3364 481 3422 cursum,
513 3344 642 3425 dequo
673 3341 794 3424 judicio
827 3342 894 3424 ipse
927 3341 1052 3404 blasius
1084 3341 1179 3424 iudex
1212 3362 1276 3404 non
1302 3355 1471 3404 contentus

209 3451 384 3535 appellavit
407 3451 447 3512 ad
471 3450 614 3512 seniores
637 3449 771 3532 judices.

314 3557 392 3620 ltem
423 3557 557 3640 quidam
589 3556 734 3618 Andreas
774 3555 917 3618 Croacus
956 3554 1042 3617 filius
1086 3554 1215 3618 Thome
1247 3555 1470 3639 Cwethynych

206 3663 321 3744 dictus,
345 3665 385 3726 de
410 3662 556 3747 Gorycza
581 3663 742 3724 districtus
773 3662 813 3724 de
847 3663 982 3744 Lapecz,
1007 3659 1068 3724 luit
1100 3675 1244 3744 repertus
1267 3675 1300 3724 et
1323 3663 1471 3724 inventus

206 3770 238 3832 in
263 3770 396 3852 publico
419 3769 503 3833 facto
534 3770 682 3852 potencie
715 3788 773 3851 pro
807 3769 948 3850 quodam
978 3787 1063 3850 equo
1096 3787 1192 3849 quem
1218 3769 1285 3852 ipse
1309 3781 1472 3850 receperat

208 3877 239 3937 in
265 3875 475 3960 Konscbycza
499 3896 517 3938 a
542 3875 673 3938 Thoma
698 3874 821 3937 famulo
839 3875 1006 3936 Michaelis
1031 3873 1176 3956 Babsych
1201 3873 1240 3935 de
1266 3873 1424 3958 Prybych‚
1441 3887 1472 3935 et

205 4001 262 4065 per
285 3983 425 4045 eundern
451 3981 614 4044 Thomam
632 3982 672 4042 ad
697 3981 855 4061 justiciam
873 3993 1028 4042 arestatus
1052 3993 1083 4042 et
1099 3980 1248 4042 detentus
1273 3979 1402 4057 luisset;
1419 3981 1470 4042 cui

204 4089 335 4151 Andree
360 4088 400 4150 ad
417 4089 588 4150 instantem
613 4087 808 4170 peticionem
836 4086 955 4168 egregii
972 4086 1056 4148 Petri
1082 4085 1121 4148 de
1138 4086 1288 4170 Byltzaad
1313 4087 1471 4169 capitanei

204 4195 389 4278 spectabilis
423 4215 460 4257 ac
495 4193 658 4276 magnifici
694 4193 818 4256 domini
851 4193 910 4256 Jan
942 4192 1077 4274 Zagorie
1110 4193 1237 4254 comitis
1268 4205 1299 4254 et
1331 4193 1469 4254 aliorum

206 4321 306 4384 quam
329 4301 545 4384 plurimorum
570 4300 731 4363 nobilium
756 4299 899 4361 virorum
916 4298 1086 4360 bominum
1103 4311 1134 4362 et
1158 4297 1364 4361 familiarium
1389 4299 1471 4360 eius-

207 4407 281 4470 dem
306 4407 433 4470 domini
458 4408 517 4470 lan
542 4419 589 4469 est
616 4405 837 4468 misericordia
870 4403 952 4467 lacta
976 4417 1011 4466 ut
1044 4404 1076 4464 in
1100 4423 1234 4487 corpore
1258 4423 1317 4466 suo
1341 4404 1472 4486 punitus

207 4535 271 4578 non
304 4513 376 4594 fuit,
407 4514 513 4578 taliter
543 4527 663 4593 tamen,
695 4513 784 4595 quod
818 4512 885 4596 ipse
918 4510 1064 4572 Andreas
1095 4525 1141 4572 est
1173 4511 1338 4572 convictus
1362 4523 1471 4572 contra

205 4621 311 4704 ipsum
345 4621 510 4684 Thomam
543 4621 671 4683 racione
704 4621 852 4702 potencie
887 4619 917 4680 in
952 4617 1064 4679 decem
1100 4617 1214 4679 marcis
1238 4617 1280 4679 ita
1312 4617 1471 4694 videlicet,

208 4729 297 4811 quod
322 4728 389 4790 leso
414 4728 447 4790 in
465 4727 589 4790 duabus
613 4726 757 4810 partibus
781 4723 967 4788 earumdem
985 4723 1097 4785 decem
1121 4742 1300 4786 marcarum
1325 4743 1361 4784 ac
1378 4723 1472 4784 nobis

207 4835 239 4896 in
261 4834 360 4896 tercia
385 4846 474 4917 parte
498 4833 649 4895 videlicet
682 4830 917 4908 communitati,
947 4843 978 4890 et
1002 4828 1090 4910 quod
1123 4829 1191 4910 ipse
1215 4827 1360 4890 Andreas
1384 4846 1472 4888 recu·

208 4961 318 5024 perare
343 4941 505 5003 tenebitur
528 4953 559 5001 et
582 4939 706 5001 solvere
738 4957 851 5000 omnes
875 4952 1029 5016 expensas
1062 4932 1145 4997 lacto
1170 4935 1202 4996 in
1228 4935 1385 5015 premisso
1410 4932 1471 4995 lac-

207 5061 311 5112 ldlum
337 5061 367 5110 ei
390 5059 583 5110 secutarum.
1365 5122 1378 5153 ¹·
