3644 5788
376 490 439 552 170
740 473 826 528 Anno
850 483 940 548 1459.
964 504 1009 516 -
1032 485 1082 547 23.
1099 471 1259 546 februarii.

841 680 994 744 Clemens
1016 695 1115 744 sutor.

840 787 978 850 Mathias
1002 789 1210 871 Tergowecz.

839 895 1003 958 lohannes
1026 895 1178 960 carnifex.

840 1002 952 1064 Petrus
975 1015 1074 1065 sutor.

835 1109 921 1170 lwelr
944 1122 1042 1172 sutor.

839 1215 1006 1276 Emericus
1030 1215 1278 1280 Trubchewich.

835 1321 954 1383 Paulus
978 1319 1128 1384 carnifex.

839 1427 1024 1490 Demetrius
1047 1443 1145 1492 sutor.

839 1534 950 1594 Petrus
974 1532 1111 1596 institor.

838 1640 950 1701 Petrus
973 1651 1073 1704 sutor.

837 1745 974 1807 Mathias
998 1747 1259 1830 Neketschenylr.

838 1851 956 1914 Paulus
983 1851 1124 1934 sellipar.

838 1959 962 2042 Symon
986 1972 1085 2023 sutor.

838 2063 1005 2147 Philippus
1030 2064 1180 2147 frenipar.

838 2171 964 2232 Blasius
987 2167 1139 2254 frenipat.

478 2385 555 2446 Item
580 2382 694 2467 prefati
718 2382 881 2444 lohannes
903 2381 1000 2462 judex
1025 2395 1055 2445 et
1079 2381 1173 2463 jurati
1197 2403 1234 2444 ac
1258 2383 1433 2445 consiliarii
1459 2404 1531 2446 curn
1559 2403 1640 2446 con-

371 2512 466 2554 sensu
491 2504 522 2554 ct
546 2489 772 2553 commissione
798 2504 829 2552 et
852 2489 998 2550 unanimi
1023 2509 1059 2550 ac
1083 2490 1235 2551 concordi
1261 2489 1427 2552 voluntate
1451 2505 1482 2552 et
1505 2491 1639 2553 decreto

371 2598 475 2660 tocius
499 2596 739 2659 communitatis
763 2596 872 2656 omnia
894 2595 1021 2657 decreta
1045 2609 1076 2656 et
1092 2610 1208 2658 statuta
1231 2609 1297 2658 tarn
1323 2597 1355 2658 in
1380 2598 1517 2678 presenti
1537 2617 1637 2679 quam

373 2705 404 2765 in
430 2703 570 2784 antiquis
595 2701 756 2763 kathernis
790 2701 906 2763 nostris
929 2715 1077 2764 contenta
1104 2715 1134 2763 et
1161 2704 1277 2784 scripta
1302 2703 1409 2784 quoad
1442 2723 1554 2764 omnes
1587 2724 1638 2765 ar-

371 2809 489 2871 ticulos
512 2821 543 2870 et
567 2822 684 2890 puncta
709 2827 745 2870 ac
769 2807 929 2869 clausulas
953 2808 1142 2870 eorumdem
1160 2822 1352 2871 statutorum
1376 2823 1407 2871 et
1432 2809 1636 2872 decretorum

371 2935 428 2998 per
443 2927 548 2978 totum
566 2933 686 2975 annum
704 2914 860 2996 presentis
875 2912 1035 2994 judicatus
1052 2915 1150 2996 ipsius
1167 2915 1322 2987 lobannis
1338 2915 1453 2996 judicis
1470 2929 1500 2977 et
1521 2935 1636 2977 conse-

373 3034 508 3102 quenter
531 3040 567 3081 ac
592 3020 743 3100 deinceps
774 3019 842 3101 jure
873 3033 1030 3102 perpetuo
1058 3035 1090 3082 et
1122 3021 1374 3084 irrevocabiliter
1405 3020 1640 3084 confirmarunt

371 3148 497 3210 semper
521 3128 656 3188 valitura
681 3139 712 3188 et
735 3125 867 3188 firmiter
891 3127 1100 3190 observanda.

478 3251 555 3313 Item
588 3251 703 3312 eodem
736 3251 788 3312 die
820 3250 913 3330 jurati
946 3249 1213 3330 adjudicaverunt
1246 3272 1374 3314 causam
1399 3253 1481 3314 inter
1512 3251 1636 3314 Cristo-

372 3356 478 3418 forum
504 3375 628 3438 pugnar
660 3370 691 3419 et
715 3356 949 3437 Margaretham
983 3357 1152 3419 mulierem
1183 3357 1311 3420 racione
1345 3358 1511 3420 cuiusdam
1536 3359 1636 3420 baltei

374 3465 406 3525 in
432 3465 530 3526 domo
556 3464 655 3546 ipsius
680 3461 849 3525 Cristofori
874 3464 1038 3543 subtracti,
1071 3464 1126 3526 tali
1155 3464 1265 3544 modo,
1291 3464 1379 3546 quod
1404 3463 1525 3546 prelata
1551 3465 1636 3526 Mar·

371 3570 502 3652 garetha
520 3570 636 3632 mulier
659 3568 736 3630 seria
754 3583 839 3631 sexta
864 3569 1004 3630 secunda
1027 3583 1099 3651 post
1116 3569 1231 3632 festum
1251 3571 1347 3632 Pasce
1373 3571 1505 3632 Domini
1521 3571 1636 3632 tercia-

372 3691 437 3738 met
460 3676 675 3758 juramentum
702 3676 733 3736 in
759 3695 797 3736 eo
821 3675 939 3736 habere
964 3675 1104 3756 debebit,
1130 3676 1218 3757 quod
1243 3677 1311 3758 ipsa
1337 3676 1536 3758 Margaretha
1560 3697 1636 3759 pre·

371 3783 471 3846 latum
497 3784 639 3845 balteum
664 3802 729 3843 non
754 3781 918 3843 subtraxit.

477 3889 554 3950 ltem
587 3888 680 3969 jurati
713 3887 978 3968 adjudicaverunt
1010 3907 1138 3948 causam
1172 3887 1254 3949 inter
1286 3888 1461 3949 Martinum
1495 3888 1635 3970 judicem

371 3995 530 4057 seniorem
546 4009 576 4057 et
596 3993 786 4055 Michaelem
805 4013 977 4075 preconem
996 4007 1139 4055 nostrum
1161 4013 1367 4055 communem
1385 3994 1512 4057 racione
1529 3995 1636 4056 cuius-

372 4103 446 4164 dam
470 4103 570 4183 gladii
595 4122 651 4183 pcr
675 4101 780 4183 ipsum
807 4101 980 4162 Martinum
1014 4100 1153 4182 judicem
1179 4100 1239 4161 sibi
1265 4100 1418 4179 concessi,
1442 4101 1498 4162 tali
1523 4101 1636 4179 modo,

373 4211 459 4290 quod
475 4210 617 4292 prelatus
631 4209 767 4270 Michael
782 4228 876 4289 preco
891 4209 996 4290 ipsum
1009 4207 1154 4289 gladium
1169 4220 1223 4268 aut
1238 4209 1381 4269 restituat
1393 4221 1449 4270 aut
1465 4209 1636 4290 persolvat.

477 4315 554 4377 ltem
588 4316 695 4376 relicta
729 4312 822 4396 Gyan
856 4328 965 4376 contra
998 4314 1102 4376 Eliam
1132 4328 1273 4374 sutorem
1305 4314 1409 4396 primo
1442 4315 1534 4376 citata
1568 4335 1635 4376 uon

371 4423 560 4504 comparuit.

479 4527 556 4589 item
582 4527 733 4608 magister
758 4527 920 4588 Fabianus
939 4527 1113 4588 canonicus
1138 4526 1269 4588 ecclesie
1300 4525 1513 4606 zagrabiensis
1536 4525 1638 4587 hodie

372 4635 456 4696 clare
481 4634 704 4716 comprobavit
737 4653 844 4695 coram
869 4633 973 4710 nobis,
1006 4633 1174 4714 quomodo
1200 4633 1266 4714 ipse
1291 4645 1337 4694 est
1368 4652 1462 4694 verus
1486 4645 1516 4692 et
1540 4632 1639 4714 legit-

371 4743 469 4804 timus
501 4755 651 4803 executor
675 4753 705 4802 et
737 4741 974 4802 commissarius
1006 4741 1144 4802 condam
1177 4739 1316 4800 Ladislai
1348 4739 1477 4816 literati,
1505 4751 1536 4800 et
1561 4739 1639 4802 ideo

373 4850 472 4911 modo
498 4849 636 4910 eundem
662 4847 923 4910 confirmavimus
941 4849 971 4908 in
990 4849 1183 4909 execucione
1202 4847 1382 4909 testamenti
1407 4845 1520 4928 prefati
1539 4847 1639 4910 Ladi-

374 4956 430 5018 slai
454 4955 570 5018 literati
595 4955 685 5039 olym
711 4953 853 5017 concivis
877 4953 987 5018 nostri.
