3852 5814
411 497 475 579 498
817 500 902 556 Anno
925 495 1019 576 1480.
1046 532 1085 542 —
1103 513 1160 575 30.
1177 501 1271 574 junii.

518 709 551 770 ln
576 729 670 772 causa
689 711 770 770 inter
788 709 994 771 Dominicum
1015 711 1189 794 Perowych
1206 725 1237 772 et
1254 711 1435 772 iohannem
1453 711 1685 796 Soldynarych

412 819 540 879 racione
565 817 731 878 cuiusdam
750 816 884 878 fenestre
904 837 960 898 per
976 817 1097 897 juratos
1114 819 1287 900 judicatam
1306 831 1336 880 et
1353 819 1392 879 ad
1410 820 1551 882 seniores
1568 820 1685 900 appel-

411 925 520 1001 latam,
544 924 687 984 seniores
718 923 839 1002 judices
870 921 1146 1003 adjudicationem
1181 925 1357 1005 juratorum
1394 924 1684 986 confirmaverunt.

518 1029 549 1090 In
576 1050 670 1091 causa
696 1031 777 1090 inter
810 1029 1000 1090 Michaelem
1028 1031 1217 1113 Oprasnych
1252 1046 1282 1092 et
1316 1031 1452 1092 Paulum
1478 1030 1682 1092 aurifabrum

413 1137 538 1198 racione
564 1136 730 1198 cuiusdam
764 1137 988 1198 infamacionis
1013 1151 1043 1198 et
1074 1139 1224 1219 vituperii
1250 1157 1306 1220 per
1339 1139 1459 1218 juratos
1483 1139 1622 1218 judicata
1651 1153 1684 1199 et

412 1245 450 1305 ad
483 1245 624 1306 seniores
655 1243 826 1325 appellata,
858 1244 1000 1304 seniores
1032 1244 1152 1324 iudices
1183 1244 1459 1324 adjudicacionem
1499 1245 1682 1324 juratorum

412 1351 697 1426 confirmaverunt;
723 1351 761 1410 de
794 1369 856 1431 qua
889 1349 1132 1430 adjudicacione
1166 1352 1232 1432 ipse
1266 1351 1384 1412 Paulus
1417 1371 1482 1412 non
1507 1365 1683 1413 contentus

412 1478 539 1518 causam
564 1457 738 1539 appellavit
762 1457 800 1517 ad
828 1457 1014 1536 magistrum
1040 1457 1320 1520 tbawernicorum.

518 1563 550 1624 ln
577 1583 670 1624 causa
703 1563 785 1624 inter
809 1562 989 1624 iohannem
1019 1563 1241 1647 Soldynarych
1266 1579 1296 1624 et
1329 1565 1592 1625 communitatem
1629 1583 1681 1624 ra-

414 1671 505 1732 cione
530 1669 746 1751 quorumdam
772 1669 883 1750 viginti
909 1689 961 1729 sex
987 1683 1017 1730 et
1041 1670 1149 1730 medio
1184 1669 1252 1733 flor.
1277 1670 1345 1731 auri
1370 1690 1426 1752 per
1450 1669 1570 1751 juratos
1593 1669 1680 1749 judi-

411 1791 479 1839 cata
505 1790 535 1837 et
559 1777 598 1836 ad
623 1777 765 1837 seniores
790 1776 960 1858 appellata,
984 1777 1127 1837 seniores
1148 1776 1269 1856 judices
1293 1777 1568 1858 adjudicaverunt,
1584 1778 1679 1858 quod

412 1885 477 1966 ipse
503 1883 665 1944 iohannes
691 1882 910 1966 Soldynarych
944 1883 1057 1943 solutis
1087 1883 1241 1944 tredecim
1274 1883 1355 1962 flor.‚
1387 1903 1469 1966 quos
1493 1903 1550 1965 per
1574 1884 1678 1964 negli-

412 1991 557 2071 genciam
598 2009 687 2050 suam
721 1988 810 2050 dedit
834 2003 864 2049 et
888 1989 984 2048 solvit
1008 2008 1066 2070 pro
1092 1989 1298 2070 depositione
1324 1990 1489 2051 cuiusdam
1514 1989 1677 2050 sentencie

412 2111 521 2158 contra
547 2096 811 2157 communitatem
837 2109 994 2172 emanare,
1019 2110 1049 2155 et
1072 2096 1172 2156 eciam
1191 2097 1303 2157 solutis
1328 2097 1454 2156 duobus
1480 2095 1568 2171 flor.;
1593 2115 1678 2177 quos

411 2217 481 2285 post
498 2202 738 2284 deposicionem
756 2201 899 2262 eiusdem
916 2202 1078 2262 sentencie
1096 2203 1127 2262 in
1152 2203 1240 2282 pecia
1262 2202 1428 2263 cuiusdam
1448 2201 1582 2283 Spinath
1609 2221 1678 2261 ma-

410 2311 508 2390 gistro
534 2309 622 2387 regni
647 2308 840 2388 propinavit,
874 2321 905 2368 et
929 2309 1029 2368 eciam
1063 2309 1175 2368 solutis
1207 2309 1306 2369 daciis
1331 2329 1410 2388 quas
1437 2323 1564 2370 tenetur
1588 2327 1676 2368 com-

411 2417 570 2492 munitati,
596 2415 813 2474 residuitatem
839 2414 1053 2495 predictarum
1072 2416 1297 2495 peccuniarum
1329 2436 1384 2497 per
1408 2415 1675 2476 communitatem

411 2523 515 2584 eidem
541 2523 732 2583 debentium
758 2522 797 2580 ab
823 2521 935 2582 eadem
961 2521 1102 2603 recipiat,
1128 2537 1158 2582 et
1186 2523 1230 2583 sic
1255 2524 1469 2584 mercenarios
1494 2523 1676 2584 communi-

411 2629 483 2691 tatis
507 2629 561 2708 qui
586 2624 740 2710 [tempore
772 2625 930 2706 judicatus
961 2628 1009 2687 sui
1042 2628 1221 2690 servierunt
1252 2643 1431 2704 contentet;
1462 2628 1678 2709 expeditorias

411 2748 517 2796 autem
543 2734 649 2794 literas
673 2753 735 2814 que
768 2746 842 2794 sunt
865 2735 950 2814 apud
986 2734 1120 2794 Paulum
1150 2734 1288 2812 judicem
1321 2734 1425 2796 eidem
1460 2733 1597 2794 Johanni
1624 2755 1674 2795 so-

412 2855 522 2902 nantes
555 2860 627 2900 tum
652 2841 834 2900 residuitate
868 2840 1011 2901 eiusdem
1045 2841 1197 2921 peccunie
1223 2842 1371 2922 recipiat;
1396 2841 1435 2900 de
1460 2861 1523 2921 qua
1549 2840 1674 2919 adjudi-

411 2950 541 3008 cacione
566 2948 668 3008 dictus
693 2946 854 3007 Jobannes
880 2946 1101 3030 Soldynarych
1136 2967 1199 3007 non
1226 2961 1394 3008 contentus
1418 2966 1546 3006 causam
1572 2946 1675 3027 ipsam

410 3055 530 3115 scilicet
555 3073 612 3135 pro
637 3053 695 3113 XV
720 3053 788 3114 flor.
814 3054 853 3112 ad
879 3054 1066 3133 magistrum
1091 3053 1358 3114 thawernicorum
1384 3052 1568 3134 appellavit.

456 3271 550 3344 Feria
580 3283 677 3344 sexta
708 3276 860 3361 proxima
889 3280 965 3361 post
993 3273 1115 3342 testum
1144 3273 1319 3342 beatorum
1351 3272 1442 3343 Petri
1471 3283 1504 3341 et
1534 3272 1631 3342 Pauli

921 3397 1162 3486 apostolorum.

948 3551 1012 3626 (30.
1029 3551 1136 3626 junii).

517 3691 725 3776 Jakchevvych
753 3692 891 3752 Jacobus
916 3691 1019 3772 primo
1045 3691 1159 3750 citatus
1183 3709 1246 3750 non
1265 3690 1445 3772 comparuit
1470 3703 1578 3750 contra
1596 3709 1673 3750 uxo-

411 3819 477 3858 rem
503 3799 747 3879 campanatoris.

518 3905 625 3965 Primo
651 3904 770 3984 judicio
795 3904 985 3964 adveniente
1007 3902 1169 3964 iohannes
1187 3899 1409 3986 Soldynarych
1427 3915 1536 3962 contra
1562 3901 1674 3961 Domi-

412 4013 518 4072 nicum
545 4011 717 4094 Perovvych
744 4011 872 4071 racione
897 4010 1062 4070 cuiusdam
1089 4009 1190 4090 jarkyl
1215 4008 1310 4068 debet
1335 4007 1540 4090 respondere.

519 4117 642 4177 Elasius
678 4117 875 4200 Zthenycbki
907 4117 1014 4177 senior
1053 4115 1147 4194 judex
1184 4115 1288 4195 primo
1321 4115 1435 4176 citatus
1471 4131 1580 4176 contra
1621 4116 1672 4174 Jo-

411 4223 550 4284 hannem
576 4221 795 4306 Soldynarych
822 4243 886 4282 non
913 4223 1100 4302 comparuit.

518 4327 624 4388 Causa
649 4329 730 4388 inter
762 4330 877 4389 Jansek
910 4345 939 4389 et
970 4347 1102 4388 uxorem
1136 4328 1204 4387 eius
1229 4347 1264 4388 ac
1296 4343 1476 4389 consortem
1509 4326 1671 4388 Valentini

411 4455 520 4516 sporar
545 4435 672 4495 racione
698 4435 863 4496 cuiusdam
890 4434 1021 4496 infamis
1046 4447 1140 4495 testes
1157 4433 1276 4494 debent
1294 4434 1428 4516 produci
1454 4435 1485 4494 in
1504 4433 1609 4516 primo
1626 4433 1670 4512 ju·

411 4543 496 4602 dicio
522 4542 745 4603 consistoriali.

518 4649 657 4709 Causam
683 4649 764 4709 inter
781 4650 916 4709 Paulum
942 4649 1138 4710 aurifabrum
1156 4663 1187 4711 et
1212 4648 1384 4730 quemdam
1409 4668 1543 4731 puerum
1570 4647 1670 4708 fratris

413 4755 542 4817 Thome
574 4757 701 4816 racione
733 4756 897 4816 cuiusdam
932 4755 1044 4816 floreni
1077 4755 1169 4836 jurati
1204 4755 1477 4836 adjudicaverunt,
1510 4754 1583 4836 quia
1617 4752 1667 4814 ille

412 4863 509 4922 homo
527 4863 618 4922 cuius
642 4861 798 4922 florenum
825 4861 964 4942 prefatus
989 4882 1067 4944 puer
1091 4875 1282 4923 arestaverat
1306 4859 1390 4940 juxta
1416 4860 1573 4940 justiciam
1593 4859 1667 4920 civi·

411 4970 483 5030 tatis
511 4970 725 5051 juramentum
751 4969 899 5051 deposuit
923 4970 955 5030 in
984 4989 1034 5049 e0‚
1066 4969 1154 5052 quod
1184 4969 1280 5030 nichil
1309 4968 1395 5030 dicto
1419 4988 1519 5051 puero
1548 4968 1666 5049 obliga-
