3738 5786
419 592 479 656 ¹30
758 577 845 636 Anno
867 587 956 653 1457.
982 609 1022 618 —
1055 571 1103 637 16.
1128 575 1303 650 septembris.

414 787 530 848 mentis
563 785 730 868 freniparis
762 787 934 866 subtraxit,
967 787 1041 848 ideo
1074 788 1180 869 ipsum
1212 806 1307 870 super
1339 787 1546 870 deposicione
1580 785 1681 868 ipsius

413 891 587 974 juramenti
611 892 812 954 reddidimus
835 891 903 955 lore
929 891 1123 975 expeditum.

440 1110 537 1185 Ferla
565 1121 663 1186 sexta
691 1117 845 1203 proxima
864 1122 941 1204 post
968 1114 1090 1186 festum
1118 1111 1350 1186 lixaltacionis
1378 1120 1496 1186 sancte
1525 1113 1653 1187 Crucis.

909 1264 973 1344 (16.
997 1267 1180 1343 septembris).

519 1407 597 1470 Item
629 1409 705 1490 quia
737 1409 835 1470 Lucia
868 1407 984 1470 mulier
1015 1407 1123 1471 relicta
1156 1407 1295 1469 condam
1328 1407 1506 1470 Sebastiani
1543 1408 1674 1488 sutoris,

413 1535 498 1576 nunc
534 1534 666 1576 consors
701 1515 857 1596 legittima
890 1514 1068 1576 Clementis
1103 1514 1250 1576 similiter
1281 1514 1415 1594 sutoris,
1446 1513 1504 1576 filii
1537 1515 1676 1576 condam

414 1621 544 1704 Mathye
569 1620 763 1704 Kusychych
788 1621 827 1681 de
853 1621 956 1682 insula
990 1621 1149 1703 lwanych,
1182 1620 1214 1680 id
1239 1640 1314 1682 eum
1338 1619 1510 1682 sufficienti
1544 1635 1575 1682 et
1599 1619 1677 1682 fide·

413 1728 513 1810 digno
538 1739 722 1788 nostrorum
746 1727 929 1789 concivium
963 1727 1150 1789 testimonio
1176 1726 1273 1788 hodie
1306 1727 1338 1788 in
1364 1727 1440 1788 sede
1465 1740 1573 1788 nostra
1596 1726 1678 1808 judi-

412 1835 509 1896 ciaria
533 1834 617 1895 clare
641 1834 865 1917 comprobavit
888 1853 995 1895 coram
1020 1834 1125 1912 nobis,
1150 1847 1186 1895 ut
1203 1833 1281 1896 dum
1304 1832 1447 1916 prelatus
1472 1834 1679 1896 Sebastianus

411 1954 502 2004 sutor
526 1942 558 2002 in
584 1941 733 2002 extremis
756 1941 820 2002 vite
837 1960 893 2002 sue
915 1940 1104 2022 temporalis
1120 1940 1306 2020 laborasset,
1330 1954 1407 2001 tunc
1431 1941 1499 2022 ipse
1524 1940 1678 2001 directam

414 2061 445 2109 et
470 2047 618 2129 equalem
652 2047 858 2109 medietatem
891 2047 1057 2108 cuiusdam
1083 2047 1200 2108 domus
1230 2061 1261 2108 et
1284 2044 1376 2108 fundi
1400 2065 1436 2108 ac
1460 2047 1581 2108 cellarii
1605 2047 1678 2108 sub-

411 2154 549 2215 terranei
574 2167 605 2214 et
628 2152 852 2215 hedificiorum
877 2153 909 2214 in
935 2153 1018 2214 dicta
1044 2153 1171 2214 civitate
1195 2153 1278 2214 inter
1302 2152 1437 2214 domum
1462 2165 1622 2214 muratam
1647 2165 1679 2213 et

413 2260 550 2322 lundum
577 2280 612 2322 ac
637 2259 762 2321 edificia
787 2258 988 2340 Margarethe
1020 2259 1165 2320 mulieris
1190 2259 1298 2321 relicte
1331 2259 1470 2320 condam
1495 2259 1587 2320 Pauli
1612 2259 1679 2320 ceci

411 2389 428 2430 a
454 2367 634 2429 meridione
659 2379 691 2429 et
714 2367 797 2429 inter
821 2366 955 2428 macella
982 2379 1088 2427 nostre
1110 2367 1351 2429 communitatis
1376 2366 1540 2428 mediante
1563 2367 1677 2427 semita

412 2475 576 2537 communi
602 2473 709 2535 habite
734 2487 765 2535 et
788 2473 961 2551 existentis,
985 2473 1171 2555 porcionem
1197 2473 1348 2534 videlicet
1373 2473 1472 2555 ipsius
1497 2472 1678 2535 Sebastiani

412 2581 538 2658 sutoris,
564 2599 661 2641 unam
686 2579 837 2642 videlicet
868 2593 1014 2661 quartam
1049 2593 1080 2641 et
1108 2581 1249 2642 mediam
1281 2594 1427 2642 octavam
1453 2580 1485 2642 in
1510 2601 1543 2642 se
1576 2580 1678 2642 conti·

411 2702 553 2767 nentem,
578 2707 652 2748 cum
676 2687 741 2749 suis
765 2687 959 2748 utilitatibus
976 2700 1006 2748 et
1027 2687 1233 2769 pertinenciis
1249 2687 1407 2748 universis
1430 2685 1552 2769 prefate
1578 2686 1677 2748 Lucie

414 2794 542 2856 mulieri
566 2807 723 2875 protunc
747 2813 804 2854 sue
821 2793 961 2854 consorti
985 2792 1156 2874 legavisset
1174 2793 1241 2874 jure
1266 2806 1423 2875 perpetuo
1448 2791 1677 2874 possidendam

411 2915 441 2962 et
453 2900 762 2982 quomodocumque
780 2899 918 2961 voluerit
934 2899 1167 2981 disponendam
1186 2913 1271 2980 juxta
1289 2899 1513 2960 condicionem
1537 2898 1677 2959 civitatis

410 3019 587 3090 prenotate,
613 3005 753 3087 ideoque
777 3025 836 3067 nos
861 3005 997 3067 eandem
1023 3005 1229 3067 medietatem
1262 3005 1362 3088 ipsius
1386 3004 1503 3066 domus
1527 3017 1559 3066 et
1583 3003 1677 3065 fundi

411 3133 447 3174 ac
472 3113 580 3174 celarii
605 3112 803 3174 subterranei
828 3131 865 3173 ac
889 3110 1102 3190 edificiorum,
1136 3111 1325 3196 porcionem
1349 3110 1471 3172 scilicet
1496 3111 1596 3192 ipsius
1623 3110 1680 3172 Se·

411 3219 546 3280 bastiani
571 3219 698 3296 sutoris,
724 3237 821 3279 unam
846 3231 881 3279 ut
896 3216 1071 3300 predicitur
1093 3231 1241 3298 quartam
1258 3232 1289 3278 et
1313 3217 1454 3280 mediam
1479 3232 1628 3278 octavam
1647 3217 1679 3279 in

412 3345 444 3385 se
470 3325 699 3403 continentem,
725 3344 797 3386 cum
816 3325 880 3385 suis
902 3305 1093 3386 utilitatibus
1117 3337 1148 3386 et
1163 3325 1371 3408 pertinenciis
1396 3324 1553 3386 universis
1570 3323 1679 3386 eidem

416 3431 516 3492 Lucie
529 3431 656 3492 mulieri
671 3431 795 3492 concivi
810 3445 916 3492 nostre
934 3431 1103 3492 statuimus
1117 3444 1147 3492 et
1164 3429 1426 3492 confirmavimus
1439 3429 1507 3511 jure
1520 3445 1679 3513 perpetuo

417 3551 448 3599 et
473 3536 723 3598 irrevocabiliter
746 3536 975 3619 possidendam
1000 3549 1032 3599 et
1063 3537 1373 3619 quomodocumque
1404 3537 1543 3598 voluerit
1568 3537 1678 3618 dispo·

413 3644 553 3706 nendam
574 3643 659 3725 juxta
677 3643 854 3726 predictam
871 3643 1096 3705 condicionem
1117 3644 1253 3704 civitatis
1269 3656 1435 3727 prenotate
1450 3643 1680 3725 supradictam.

517 3767 596 3830 Item
628 3767 703 3848 quia
736 3768 861 3828 Marcus
892 3765 1032 3829 carnifex
1066 3765 1151 3829 filius
1175 3767 1311 3829 condam
1346 3767 1478 3848 Georgii
1519 3767 1681 3830 carnificis

411 3874 487 3936 dicti
514 3873 658 3956 Gyuralt,
682 3873 825 3935 concivis
857 3887 974 3952 noster,
1006 3873 1040 3934 id
1068 3893 1141 3935 cum
1174 3873 1345 3935 sufficienti
1369 3889 1401 3936 et
1423 3873 1589 3954 fidedigno
1608 3859 1681 3936 'no-

411 3995 550 4042 strorum
574 3980 757 4041 concivium
782 3980 968 4042 testimonio
993 3980 1025 4041 in
1050 3981 1125 4042 sede
1147 3995 1253 4042 nostra
1277 3980 1446 4060 judiciaria
1471 3980 1569 4042 hodie
1595 3982 1679 4043 clare

412 4087 635 4168 comprobavit
668 4106 774 4148 coram
808 4087 912 4164 nobis,
938 4100 972 4147 ut
1005 4087 1082 4148 dum
1112 4086 1247 4167 provida
1280 4085 1418 4148 condam
1443 4088 1561 4148 mulier
1591 4087 1681 4149 Affra

411 4205 535 4270 vocata,
561 4193 670 4254 relicta
701 4193 837 4254 condam
872 4193 982 4254 Jacobi
1017 4191 1174 4254 carnificis
1204 4193 1355 4275 primum,
1389 4207 1421 4255 et
1443 4193 1574 4256 tandem
1602 4213 1681 4256 uxor

411 4300 568 4380 legittima
593 4299 692 4380 ipsius
717 4299 816 4360 Marci
841 4297 997 4360 carnificis
1021 4299 1054 4360 in
1087 4299 1236 4360 extremis
1260 4299 1324 4361 vite
1349 4319 1405 4362 sue
1430 4301 1618 4382 temporalis
1636 4301 1682 4361 la·

411 4405 571 4482 borasset,
595 4417 671 4465 tunc
706 4405 773 4486 ipsa
805 4405 969 4485 quandam
1004 4405 1130 4466 vineam
1162 4425 1253 4467 suam
1287 4406 1319 4466 in
1351 4406 1511 4468 territorio
1543 4407 1683 4468 civitatis

412 4510 494 4571 inter
524 4510 653 4571 vineam
686 4509 852 4572 Benedicti
885 4510 1099 4594 Kusilowych
1128 4532 1145 4573 a
1177 4512 1358 4574 meridione
1383 4526 1414 4574 et
1437 4513 1520 4573 inter
1552 4513 1682 4575 vineam

413 4614 567 4697 Stephani
591 4617 749 4677 sutorisa
780 4618 1009 4699 septemtrione
1041 4617 1195 4697 habitam,
1227 4618 1365 4700 desuper
1394 4639 1411 4680 a
1436 4619 1489 4680 via
1513 4620 1683 4680 communi

413 4735 443 4781 et
466 4719 548 4782 infra
573 4741 674 4802 usque
691 4723 833 4784 rivulum
857 4744 889 4784 se
914 4724 1152 4804 extendentem,
1176 4723 1301 4806 prefato
1319 4727 1428 4787 Marco
1453 4723 1594 4787 carnifici
1619 4744 1681 4806 pro

412 4839 488 4887 tunc
512 4827 581 4888 viro
606 4847 665 4889 suo
688 4828 848 4909 legittimo
872 4849 911 4890 eo
944 4830 1043 4892 modo
1075 4830 1213 4912 legasset
1237 4847 1268 4893 et
1303 4831 1478 4892 dimisisset
1509 4832 1577 4912 jure
1609 4851 1684 4913 per-

413 4945 511 5013 petuo
535 4934 764 5014 possidendam
797 4947 829 4995 et
860 4937 1171 5018 quomodocumque
1202 4937 1340 4999 voluerit
1365 4937 1613 5020 disponendam,
1647 4950 1685 4999 ut

414 5038 481 5119 ipse
505 5038 613 5100 debita
636 5039 737 5121 ipsius
760 5039 847 5102 Affre
878 5043 1022 5105 mulieris
1053 5042 1140 5124 juxta
1164 5063 1258 5126 posse
1283 5063 1377 5105 suum
1409 5044 1592 5127 persolvere
1625 5044 1684 5106 de-
