<?xml version="1.0" encoding="UTF-8"?>
<!DOCTYPE html PUBLIC "-//W3C//DTD XHTML 1.0 Transitional//EN"
    "http://www.w3.org/TR/xhtml1/DTD/xhtml1-transitional.dtd">
<html xmlns="http://www.w3.org/1999/xhtml" xml:lang="en" lang="en">
 <head>
  <title>
</title>
<meta http-equiv="Content-Type" content="text/html;charset=utf-8" />
  <meta name='ocr-system' content='tesseract 3.04.00' />
  <meta name='ocr-capabilities' content='ocr_page ocr_carea ocr_par ocr_line ocrx_word'/>
</head>
<body>
  <div class='ocr_page' id='page_1' title='image "./monumentahistor13laszgoog_0331.png"; bbox 0 0 3694 5782; ppageno 0'>
   <div class='ocr_carea' id='block_1_1' title="bbox 579 563 1006 643">
    <p class='ocr_par' dir='ltr' id='par_1_1' title="bbox 579 563 1006 643">
     <span class='ocr_line' id='line_1_1' title="bbox 579 563 1006 643; baseline 0.005 -19"><span class='ocrx_word' id='word_1_1' title='bbox 579 566 666 625; x_wconf 84' lang='lat' dir='ltr'>Anno</span> <span class='ocrx_word' id='word_1_2' title='bbox 690 563 780 643; x_wconf 81' lang='lat'><em>1465.</em></span> <span class='ocrx_word' id='word_1_3' title='bbox 807 601 848 609; x_wconf 96' lang='lat'><em>-</em></span> <span class='ocrx_word' id='word_1_4' title='bbox 868 579 898 642; x_wconf 89' lang='lat'>7.</span> <span class='ocrx_word' id='word_1_5' title='bbox 913 567 1006 643; x_wconf 82' lang='lat' dir='ltr'>junr&#39;r&#39;.</span> 
     </span>
    </p>
   </div>
   <div class='ocr_carea' id='block_1_2' title="bbox 277 802 1302 894">
    <p class='ocr_par' dir='ltr' id='par_1_2' title="bbox 277 802 1302 894">
     <span class='ocr_line' id='line_1_2' title="bbox 277 802 1302 894; baseline 0.003 -19"><span class='ocrx_word' id='word_1_6' title='bbox 277 802 372 876; x_wconf 87' lang='lat' dir='ltr'>Feria</span> <span class='ocrx_word' id='word_1_7' title='bbox 400 815 497 877; x_wconf 87' lang='lat' dir='ltr'>sexta</span> <span class='ocrx_word' id='word_1_8' title='bbox 528 809 682 894; x_wconf 86' lang='lat' dir='ltr'>proxima</span> <span class='ocrx_word' id='word_1_9' title='bbox 706 815 784 876; x_wconf 90' lang='lat' dir='ltr'>ante</span> <span class='ocrx_word' id='word_1_10' title='bbox 813 805 934 876; x_wconf 84' lang='lat' dir='ltr'>festum</span> <span class='ocrx_word' id='word_1_11' title='bbox 964 815 1082 878; x_wconf 89' lang='lat' dir='ltr'>sancte</span> <span class='ocrx_word' id='word_1_12' title='bbox 1109 805 1302 878; x_wconf 81' lang='lat' dir='ltr'>Trinitatis.</span> 
     </span>
    </p>
   </div>
   <div class='ocr_carea' id='block_1_3' title="bbox 164 973 1423 2179">
    <p class='ocr_par' dir='ltr' id='par_1_3' title="bbox 693 973 874 1058">
     <span class='ocr_line' id='line_1_3' title="bbox 693 973 874 1058; baseline 0.022 -24"><span class='ocrx_word' id='word_1_13' title='bbox 693 973 738 1055; x_wconf 92' lang='lat'>(7.</span> <span class='ocrx_word' id='word_1_14' title='bbox 761 975 874 1058; x_wconf 72' lang='lat' dir='ltr'>sienis).</span> 
     </span>
    </p>

    <p class='ocr_par' dir='ltr' id='par_1_4' title="bbox 164 1133 1423 2179">
     <span class='ocr_line' id='line_1_4' title="bbox 266 1133 1423 1217; baseline -0.002 -19"><span class='ocrx_word' id='word_1_15' title='bbox 266 1137 340 1199; x_wconf 87' lang='lat' dir='ltr'>Item</span> <span class='ocrx_word' id='word_1_16' title='bbox 368 1139 452 1216; x_wconf 77' lang='lat' dir='ltr'>iuxta</span> <span class='ocrx_word' id='word_1_17' title='bbox 476 1137 688 1199; x_wconf 91' lang='lat' dir='ltr'>literatorium</span> <span class='ocrx_word' id='word_1_18' title='bbox 713 1135 899 1197; x_wconf 90' lang='lat' dir='ltr'>mandatum</span> <span class='ocrx_word' id='word_1_19' title='bbox 919 1133 1043 1197; x_wconf 90' lang='lat' dir='ltr'>domini</span> <span class='ocrx_word' id='word_1_20' title='bbox 1065 1137 1163 1196; x_wconf 85' lang='lat' dir='ltr'>nostri</span> <span class='ocrx_word' id='word_1_21' title='bbox 1192 1135 1310 1197; x_wconf 84' lang='lat' dir='ltr'>Mathia</span> <span class='ocrx_word' id='word_1_22' title='bbox 1338 1137 1423 1217; x_wconf 83' lang='lat' dir='ltr'>regis</span> 
     </span>
     <span class='ocr_line' id='line_1_5' title="bbox 166 1242 1420 1325; baseline -0.002 -21"><span class='ocrx_word' id='word_1_23' title='bbox 166 1245 251 1305; x_wconf 92' lang='lat' dir='ltr'>nobis</span> <span class='ocrx_word' id='word_1_24' title='bbox 272 1244 461 1325; x_wconf 87' lang='lat' dir='ltr'>injunctum,</span> <span class='ocrx_word' id='word_1_25' title='bbox 478 1242 828 1306; x_wconf 57' lang='lat' dir='ltr'>Bartholomeus‘filius</span> <span class='ocrx_word' id='word_1_26' title='bbox 854 1242 967 1304; x_wconf 87' lang='lat' dir='ltr'>Marini</span> <span class='ocrx_word' id='word_1_27' title='bbox 993 1243 1071 1304; x_wconf 89' lang='lat' dir='ltr'>alias</span> <span class='ocrx_word' id='word_1_28' title='bbox 1088 1243 1201 1320; x_wconf 88' lang='lat' dir='ltr'>judicis</span> <span class='ocrx_word' id='word_1_29' title='bbox 1225 1257 1255 1304; x_wconf 89' lang='lat' dir='ltr'>et</span> <span class='ocrx_word' id='word_1_30' title='bbox 1280 1244 1420 1304; x_wconf 86' lang='lat' dir='ltr'>concivis</span> 
     </span>
     <span class='ocr_line' id='line_1_6' title="bbox 167 1347 1420 1432; baseline 0 -22"><span class='ocrx_word' id='word_1_31' title='bbox 167 1351 269 1428; x_wconf 86' lang='lat' dir='ltr'>nostri,</span> <span class='ocrx_word' id='word_1_32' title='bbox 294 1370 379 1412; x_wconf 89' lang='lat' dir='ltr'>nunc</span> <span class='ocrx_word' id='word_1_33' title='bbox 403 1351 480 1412; x_wconf 91' lang='lat' dir='ltr'>civis</span> <span class='ocrx_word' id='word_1_34' title='bbox 505 1349 700 1432; x_wconf 83' lang='lat' dir='ltr'>Segniensis,</span> <span class='ocrx_word' id='word_1_35' title='bbox 726 1349 802 1431; x_wconf 92' lang='lat' dir='ltr'>quia</span> <span class='ocrx_word' id='word_1_36' title='bbox 827 1347 967 1431; x_wconf 86' lang='lat' dir='ltr'>prefatus</span> <span class='ocrx_word' id='word_1_37' title='bbox 992 1349 1135 1410; x_wconf 88' lang='lat' dir='ltr'>Marinus</span> <span class='ocrx_word' id='word_1_38' title='bbox 1160 1349 1247 1410; x_wconf 91' lang='lat' dir='ltr'>solus</span> <span class='ocrx_word' id='word_1_39' title='bbox 1271 1369 1420 1430; x_wconf 87' lang='lat' dir='ltr'>persona-</span> 
     </span>
     <span class='ocr_line' id='line_1_7' title="bbox 165 1449 1422 1537; baseline 0 -21"><span class='ocrx_word' id='word_1_40' title='bbox 165 1455 230 1517; x_wconf 88' lang='lat' dir='ltr'>liter</span> <span class='ocrx_word' id='word_1_41' title='bbox 255 1476 361 1518; x_wconf 92' lang='lat' dir='ltr'>coram</span> <span class='ocrx_word' id='word_1_42' title='bbox 387 1457 480 1518; x_wconf 91' lang='lat' dir='ltr'>nobis</span> <span class='ocrx_word' id='word_1_43' title='bbox 504 1475 569 1517; x_wconf 93' lang='lat' dir='ltr'>non</span> <span class='ocrx_word' id='word_1_44' title='bbox 594 1455 784 1536; x_wconf 84' lang='lat' dir='ltr'>comparuit,</span> <span class='ocrx_word' id='word_1_45' title='bbox 809 1456 875 1537; x_wconf 90' lang='lat' dir='ltr'>ipse</span> <span class='ocrx_word' id='word_1_46' title='bbox 898 1449 1144 1516; x_wconf 71' lang='lat' dir='ltr'>Bartholom‘eus</span> <span class='ocrx_word' id='word_1_47' title='bbox 1168 1455 1288 1536; x_wconf 84' lang='lat' dir='ltr'>absque</span> <span class='ocrx_word' id='word_1_48' title='bbox 1307 1475 1422 1536; x_wconf 92' lang='lat' dir='ltr'>procu·</span> 
     </span>
     <span class='ocr_line' id='line_1_8' title="bbox 166 1561 1421 1645; baseline 0 -23"><span class='ocrx_word' id='word_1_49' title='bbox 166 1563 273 1624; x_wconf 90' lang='lat' dir='ltr'>ratoria</span> <span class='ocrx_word' id='word_1_50' title='bbox 290 1563 381 1624; x_wconf 90' lang='lat' dir='ltr'>litera</span> <span class='ocrx_word' id='word_1_51' title='bbox 399 1577 507 1624; x_wconf 89' lang='lat' dir='ltr'>contra</span> <span class='ocrx_word' id='word_1_52' title='bbox 524 1561 692 1645; x_wconf 81' lang='lat' dir='ltr'>providam</span> <span class='ocrx_word' id='word_1_53' title='bbox 711 1562 877 1622; x_wconf 82' lang='lat' dir='ltr'>dominnm</span> <span class='ocrx_word' id='word_1_54' title='bbox 896 1561 1104 1622; x_wconf 86' lang='lat' dir='ltr'>Katherinam</span> <span class='ocrx_word' id='word_1_55' title='bbox 1123 1561 1266 1623; x_wconf 89' lang='lat' dir='ltr'>relictam</span> <span class='ocrx_word' id='word_1_56' title='bbox 1285 1561 1421 1622; x_wconf 91' lang='lat' dir='ltr'>condam</span> 
     </span>
     <span class='ocr_line' id='line_1_9' title="bbox 166 1666 1420 1751; baseline -0.002 -22"><span class='ocrx_word' id='word_1_57' title='bbox 166 1669 254 1730; x_wconf 84' lang='lat' dir='ltr'>Blasii</span> <span class='ocrx_word' id='word_1_58' title='bbox 288 1670 441 1731; x_wconf 89' lang='lat' dir='ltr'>institoris</span> <span class='ocrx_word' id='word_1_59' title='bbox 474 1668 699 1751; x_wconf 80' lang='lat' dir='ltr'>Wogrinoych</span> <span class='ocrx_word' id='word_1_60' title='bbox 732 1667 818 1746; x_wconf 90' lang='lat' dir='ltr'>dicti,</span> <span class='ocrx_word' id='word_1_61' title='bbox 849 1667 927 1729; x_wconf 91' lang='lat' dir='ltr'>olim</span> <span class='ocrx_word' id='word_1_62' title='bbox 960 1666 1052 1746; x_wconf 89' lang='lat' dir='ltr'>jurati</span> <span class='ocrx_word' id='word_1_63' title='bbox 1082 1681 1112 1728; x_wconf 90' lang='lat' dir='ltr'>ct</span> <span class='ocrx_word' id='word_1_64' title='bbox 1144 1667 1286 1728; x_wconf 87' lang='lat' dir='ltr'>concivis</span> <span class='ocrx_word' id='word_1_65' title='bbox 1310 1667 1420 1744; x_wconf 85' lang='lat' dir='ltr'>nostri,</span> 
     </span>
     <span class='ocr_line' id='line_1_10' title="bbox 166 1773 1421 1858; baseline -0.001 -23"><span class='ocrx_word' id='word_1_66' title='bbox 166 1795 253 1856; x_wconf 79' lang='lat' dir='ltr'>agere</span> <span class='ocrx_word' id='word_1_67' title='bbox 277 1795 341 1836; x_wconf 92' lang='lat' dir='ltr'>non</span> <span class='ocrx_word' id='word_1_68' title='bbox 360 1777 475 1857; x_wconf 92' lang='lat' dir='ltr'>potuit,</span> <span class='ocrx_word' id='word_1_69' title='bbox 498 1775 554 1837; x_wconf 87' lang='lat' dir='ltr'>sed</span> <span class='ocrx_word' id='word_1_70' title='bbox 580 1776 647 1858; x_wconf 88' lang='lat' dir='ltr'>ipse</span> <span class='ocrx_word' id='word_1_71' title='bbox 664 1773 912 1836; x_wconf 87' lang='lat' dir='ltr'>Bartholomeus</span> <span class='ocrx_word' id='word_1_72' title='bbox 929 1773 1122 1835; x_wconf 81' lang='lat' dir='ltr'>dilationem</span> <span class='ocrx_word' id='word_1_73' title='bbox 1142 1773 1173 1834; x_wconf 94' lang='lat' dir='ltr'>in</span> <span class='ocrx_word' id='word_1_74' title='bbox 1191 1773 1310 1854; x_wconf 90' lang='lat' dir='ltr'>judicio</span> <span class='ocrx_word' id='word_1_75' title='bbox 1328 1774 1421 1854; x_wconf 91' lang='lat' dir='ltr'>quin·</span> 
     </span>
     <span class='ocr_line' id='line_1_11' title="bbox 164 1880 1421 1962; baseline -0.001 -20"><span class='ocrx_word' id='word_1_76' title='bbox 164 1897 225 1942; x_wconf 89' lang='lat' dir='ltr'>rum</span> <span class='ocrx_word' id='word_1_77' title='bbox 243 1881 404 1943; x_wconf 88' lang='lat' dir='ltr'>decimum</span> <span class='ocrx_word' id='word_1_78' title='bbox 423 1883 508 1944; x_wconf 88' lang='lat' dir='ltr'>diem</span> <span class='ocrx_word' id='word_1_79' title='bbox 525 1881 699 1943; x_wconf 90' lang='lat' dir='ltr'>terminum</span> <span class='ocrx_word' id='word_1_80' title='bbox 713 1900 820 1942; x_wconf 89' lang='lat' dir='ltr'>coram</span> <span class='ocrx_word' id='word_1_81' title='bbox 839 1880 932 1940; x_wconf 90' lang='lat' dir='ltr'>nobis</span> <span class='ocrx_word' id='word_1_82' title='bbox 952 1881 1170 1961; x_wconf 81' lang='lat' dir='ltr'>procuratoris</span> <span class='ocrx_word' id='word_1_83' title='bbox 1184 1880 1331 1962; x_wconf 89' lang='lat' dir='ltr'>portandi</span> <span class='ocrx_word' id='word_1_84' title='bbox 1350 1899 1421 1962; x_wconf 93' lang='lat' dir='ltr'>pro·</span> 
     </span>
     <span class='ocr_line' id='line_1_12' title="bbox 166 1986 1420 2070; baseline 0.001 -23"><span class='ocrx_word' id='word_1_85' title='bbox 166 2008 271 2068; x_wconf 84' lang='lat' dir='ltr'>rogare</span> <span class='ocrx_word' id='word_1_86' title='bbox 295 1988 480 2070; x_wconf 88' lang='lat' dir='ltr'>postulavit,</span> <span class='ocrx_word' id='word_1_87' title='bbox 505 1988 554 2049; x_wconf 90' lang='lat' dir='ltr'>cui</span> <span class='ocrx_word' id='word_1_88' title='bbox 588 1989 694 2070; x_wconf 88' lang='lat' dir='ltr'>ipsum</span> <span class='ocrx_word' id='word_1_89' title='bbox 726 1987 899 2048; x_wconf 88' lang='lat' dir='ltr'>terminum</span> <span class='ocrx_word' id='word_1_90' title='bbox 924 1986 1074 2048; x_wconf 89' lang='lat' dir='ltr'>videlicet</span> <span class='ocrx_word' id='word_1_91' title='bbox 1106 1986 1420 2068; x_wconf 90' lang='lat' dir='ltr'>quintumdecimum</span> 
     </span>
     <span class='ocr_line' id='line_1_13' title="bbox 166 2093 643 2179; baseline 0.006 -26"><span class='ocrx_word' id='word_1_92' title='bbox 166 2093 307 2155; x_wconf 88' lang='lat' dir='ltr'>dedimus</span> <span class='ocrx_word' id='word_1_93' title='bbox 332 2109 363 2156; x_wconf 85' lang='lat' dir='ltr'>et</span> <span class='ocrx_word' id='word_1_94' title='bbox 387 2095 643 2179; x_wconf 82' lang='lat' dir='ltr'>prorogavimus.</span> 
     </span>
    </p>
   </div>
   <div class='ocr_carea' id='block_1_4' title="bbox 163 2217 1422 3048">
    <p class='ocr_par' dir='ltr' id='par_1_5' title="bbox 163 2217 1422 3048">
     <span class='ocr_line' id='line_1_14' title="bbox 264 2217 1420 2300; baseline -0.003 -20"><span class='ocrx_word' id='word_1_95' title='bbox 264 2217 340 2281; x_wconf 88' lang='lat' dir='ltr'>ltem</span> <span class='ocrx_word' id='word_1_96' title='bbox 367 2219 441 2300; x_wconf 88' lang='lat' dir='ltr'>quia</span> <span class='ocrx_word' id='word_1_97' title='bbox 467 2219 631 2300; x_wconf 88' lang='lat' dir='ltr'>Stephano</span> <span class='ocrx_word' id='word_1_98' title='bbox 655 2220 767 2281; x_wconf 88' lang='lat' dir='ltr'>sartori</span> <span class='ocrx_word' id='word_1_99' title='bbox 785 2218 958 2282; x_wconf 85' lang='lat' dir='ltr'>successori</span> <span class='ocrx_word' id='word_1_100' title='bbox 984 2218 1121 2280; x_wconf 90' lang='lat' dir='ltr'>condam</span> <span class='ocrx_word' id='word_1_101' title='bbox 1147 2217 1275 2278; x_wconf 86' lang='lat' dir='ltr'>Andree</span> <span class='ocrx_word' id='word_1_102' title='bbox 1294 2217 1420 2300; x_wconf 76' lang='lat' dir='ltr'>Badlyn</span> 
     </span>
     <span class='ocr_line' id='line_1_15' title="bbox 164 2323 1421 2405; baseline -0.001 -21"><span class='ocrx_word' id='word_1_103' title='bbox 164 2326 296 2404; x_wconf 91' lang='lat' dir='ltr'>sartoris,</span> <span class='ocrx_word' id='word_1_104' title='bbox 322 2327 401 2388; x_wconf 94' lang='lat' dir='ltr'>olim</span> <span class='ocrx_word' id='word_1_105' title='bbox 428 2326 569 2387; x_wconf 92' lang='lat' dir='ltr'>concivis</span> <span class='ocrx_word' id='word_1_106' title='bbox 601 2327 710 2402; x_wconf 90' lang='lat' dir='ltr'>nostri,</span> <span class='ocrx_word' id='word_1_107' title='bbox 739 2339 770 2388; x_wconf 92' lang='lat' dir='ltr'>et</span> <span class='ocrx_word' id='word_1_108' title='bbox 801 2326 870 2387; x_wconf 89' lang='lat' dir='ltr'>eius</span> <span class='ocrx_word' id='word_1_109' title='bbox 894 2325 1034 2386; x_wconf 90' lang='lat' dir='ltr'>consorti</span> <span class='ocrx_word' id='word_1_110' title='bbox 1066 2325 1105 2384; x_wconf 90' lang='lat' dir='ltr'>ad</span> <span class='ocrx_word' id='word_1_111' title='bbox 1130 2323 1324 2405; x_wconf 83' lang='lat' dir='ltr'>peticionem</span> <span class='ocrx_word' id='word_1_112' title='bbox 1350 2343 1421 2404; x_wconf 94' lang='lat' dir='ltr'>pro·</span> 
     </span>
     <span class='ocr_line' id='line_1_16' title="bbox 165 2415 1422 2514; baseline 0.001 -25"><span class='ocrx_word' id='word_1_113' title='bbox 165 2431 225 2492; x_wconf 91' lang='lat' dir='ltr'>vidi</span> <span class='ocrx_word' id='word_1_114' title='bbox 249 2447 279 2494; x_wconf 89' lang='lat' dir='ltr'>et</span> <span class='ocrx_word' id='word_1_115' title='bbox 295 2433 516 2514; x_wconf 90' lang='lat' dir='ltr'>circumspecti</span> <span class='ocrx_word' id='word_1_116' title='bbox 541 2432 599 2493; x_wconf 89' lang='lat' dir='ltr'>viri</span> <span class='ocrx_word' id='word_1_117' title='bbox 626 2431 755 2493; x_wconf 90' lang='lat' dir='ltr'>Martini</span> <span class='ocrx_word' id='word_1_118' title='bbox 773 2415 887 2510; x_wconf 87' lang='lat' dir='ltr'>judicis</span> <span class='ocrx_word' id='word_1_119' title='bbox 912 2445 943 2493; x_wconf 90' lang='lat' dir='ltr'>et</span> <span class='ocrx_word' id='word_1_120' title='bbox 967 2429 1109 2492; x_wconf 89' lang='lat' dir='ltr'>concivis</span> <span class='ocrx_word' id='word_1_121' title='bbox 1130 2429 1229 2492; x_wconf 89' lang='lat' dir='ltr'>nostri</span> <span class='ocrx_word' id='word_1_122' title='bbox 1255 2431 1348 2490; x_wconf 89' lang='lat' dir='ltr'>datus</span> <span class='ocrx_word' id='word_1_123' title='bbox 1376 2443 1422 2490; x_wconf 89' lang='lat' dir='ltr'>est</span> 
     </span>
     <span class='ocr_line' id='line_1_17' title="bbox 163 2536 1421 2638; baseline -0.002 -40"><span class='ocrx_word' id='word_1_124' title='bbox 163 2539 311 2600; x_wconf 89' lang='lat' dir='ltr'>terminus</span> <span class='ocrx_word' id='word_1_125' title='bbox 344 2553 476 2638; x_wconf 67' lang='lat' dir='ltr'>octavus</span> <span class='ocrx_word' id='word_1_126' title='bbox 508 2539 576 2600; x_wconf 92' lang='lat' dir='ltr'>dies</span> <span class='ocrx_word' id='word_1_127' title='bbox 607 2539 783 2601; x_wconf 89' lang='lat' dir='ltr'>evacuandi</span> <span class='ocrx_word' id='word_1_128' title='bbox 813 2559 861 2600; x_wconf 90' lang='lat' dir='ltr'>res</span> <span class='ocrx_word' id='word_1_129' title='bbox 893 2552 923 2600; x_wconf 91' lang='lat' dir='ltr'>et</span> <span class='ocrx_word' id='word_1_130' title='bbox 949 2541 1032 2600; x_wconf 92' lang='lat' dir='ltr'>bona</span> <span class='ocrx_word' id='word_1_131' title='bbox 1065 2557 1177 2598; x_wconf 88' lang='lat' dir='ltr'>eorum</span> <span class='ocrx_word' id='word_1_132' title='bbox 1203 2536 1242 2598; x_wconf 91' lang='lat' dir='ltr'>de</span> <span class='ocrx_word' id='word_1_133' title='bbox 1268 2537 1421 2618; x_wconf 90' lang='lat' dir='ltr'>porcione</span> 
     </span>
     <span class='ocr_line' id='line_1_18' title="bbox 167 2643 1422 2726; baseline -0.002 -21"><span class='ocrx_word' id='word_1_134' title='bbox 167 2645 276 2706; x_wconf 92' lang='lat' dir='ltr'>domus</span> <span class='ocrx_word' id='word_1_135' title='bbox 298 2661 364 2708; x_wconf 92' lang='lat' dir='ltr'>tarn</span> <span class='ocrx_word' id='word_1_136' title='bbox 390 2660 421 2708; x_wconf 90' lang='lat' dir='ltr'>et</span> <span class='ocrx_word' id='word_1_137' title='bbox 452 2645 675 2708; x_wconf 85' lang='lat' dir='ltr'>hedificiorunn</span> <span class='ocrx_word' id='word_1_138' title='bbox 700 2647 732 2706; x_wconf 94' lang='lat' dir='ltr'>in</span> <span class='ocrx_word' id='word_1_139' title='bbox 765 2646 848 2706; x_wconf 89' lang='lat' dir='ltr'>dicta</span> <span class='ocrx_word' id='word_1_140' title='bbox 873 2646 1000 2707; x_wconf 88' lang='lat' dir='ltr'>civitate</span> <span class='ocrx_word' id='word_1_141' title='bbox 1033 2645 1131 2726; x_wconf 88' lang='lat' dir='ltr'>ipsius</span> <span class='ocrx_word' id='word_1_142' title='bbox 1154 2643 1281 2704; x_wconf 90' lang='lat' dir='ltr'>Martini</span> <span class='ocrx_word' id='word_1_143' title='bbox 1307 2643 1422 2724; x_wconf 88' lang='lat' dir='ltr'>judicis</span> 
     </span>
     <span class='ocr_line' id='line_1_19' title="bbox 167 2749 1419 2836; baseline -0.002 -25"><span class='ocrx_word' id='word_1_144' title='bbox 167 2750 280 2830; x_wconf 88' lang='lat' dir='ltr'>habita,</span> <span class='ocrx_word' id='word_1_145' title='bbox 304 2773 360 2836; x_wconf 88' lang='lat' dir='ltr'>per</span> <span class='ocrx_word' id='word_1_146' title='bbox 385 2754 471 2835; x_wconf 91' lang='lat' dir='ltr'>ipsos</span> <span class='ocrx_word' id='word_1_147' title='bbox 488 2753 590 2814; x_wconf 90' lang='lat' dir='ltr'>locata</span> <span class='ocrx_word' id='word_1_148' title='bbox 607 2751 806 2830; x_wconf 85' lang='lat' dir='ltr'>removendi,</span> <span class='ocrx_word' id='word_1_149' title='bbox 824 2771 861 2812; x_wconf 89' lang='lat' dir='ltr'>ex</span> <span class='ocrx_word' id='word_1_150' title='bbox 886 2752 1013 2812; x_wconf 87' lang='lat' dir='ltr'>racione</span> <span class='ocrx_word' id='word_1_151' title='bbox 1034 2749 1249 2832; x_wconf 87' lang='lat' dir='ltr'>deposicionis</span> <span class='ocrx_word' id='word_1_152' title='bbox 1273 2765 1304 2811; x_wconf 92' lang='lat' dir='ltr'>et</span> <span class='ocrx_word' id='word_1_153' title='bbox 1328 2751 1419 2809; x_wconf 89' lang='lat' dir='ltr'>recti-</span> 
     </span>
     <span class='ocr_line' id='line_1_20' title="bbox 166 2855 1419 2942; baseline -0.002 -23"><span class='ocrx_word' id='word_1_154' title='bbox 166 2856 321 2922; x_wconf 91' lang='lat' dir='ltr'>ficacionis</span> <span class='ocrx_word' id='word_1_155' title='bbox 353 2861 481 2942; x_wconf 91' lang='lat' dir='ltr'>parietis</span> <span class='ocrx_word' id='word_1_156' title='bbox 512 2860 604 2922; x_wconf 88' lang='lat' dir='ltr'>stube</span> <span class='ocrx_word' id='word_1_157' title='bbox 635 2859 807 2941; x_wconf 89' lang='lat' dir='ltr'>superioris</span> <span class='ocrx_word' id='word_1_158' title='bbox 839 2871 885 2920; x_wconf 88' lang='lat' dir='ltr'>est</span> <span class='ocrx_word' id='word_1_159' title='bbox 918 2859 963 2919; x_wconf 87' lang='lat' dir='ltr'>eis</span> <span class='ocrx_word' id='word_1_160' title='bbox 995 2859 1087 2920; x_wconf 90' lang='lat' dir='ltr'>datus</span> <span class='ocrx_word' id='word_1_161' title='bbox 1117 2857 1273 2918; x_wconf 89' lang='lat' dir='ltr'>terminus</span> <span class='ocrx_word' id='word_1_162' title='bbox 1306 2855 1419 2918; x_wconf 88' lang='lat' dir='ltr'>festum</span> 
     </span>
     <span class='ocr_line' id='line_1_21' title="bbox 165 2965 1008 3048; baseline -0.001 -22"><span class='ocrx_word' id='word_1_163' title='bbox 165 2965 251 3027; x_wconf 89' lang='lat' dir='ltr'>beate</span> <span class='ocrx_word' id='word_1_164' title='bbox 276 2965 476 3048; x_wconf 82' lang='lat' dir='ltr'>Margarethe</span> <span class='ocrx_word' id='word_1_165' title='bbox 500 2966 633 3048; x_wconf 80' lang='lat' dir='ltr'>virginis</span> <span class='ocrx_word' id='word_1_166' title='bbox 656 2967 801 3048; x_wconf 88' lang='lat' dir='ltr'>proxime</span> <span class='ocrx_word' id='word_1_167' title='bbox 827 2978 1008 3026; x_wconf 89' lang='lat' dir='ltr'>venturum.</span> 
     </span>
    </p>
   </div>
   <div class='ocr_carea' id='block_1_5' title="bbox 164 3087 1422 3915">
    <p class='ocr_par' dir='ltr' id='par_1_6' title="bbox 164 3087 1422 3915">
     <span class='ocr_line' id='line_1_22' title="bbox 265 3087 1421 3171; baseline -0.001 -22"><span class='ocrx_word' id='word_1_168' title='bbox 265 3088 340 3150; x_wconf 90' lang='lat' dir='ltr'>Item</span> <span class='ocrx_word' id='word_1_169' title='bbox 374 3109 501 3150; x_wconf 85' lang='lat' dir='ltr'>causam</span> <span class='ocrx_word' id='word_1_170' title='bbox 536 3089 617 3151; x_wconf 89' lang='lat' dir='ltr'>inter</span> <span class='ocrx_word' id='word_1_171' title='bbox 650 3089 785 3150; x_wconf 90' lang='lat' dir='ltr'>Paulum</span> <span class='ocrx_word' id='word_1_172' title='bbox 818 3088 1015 3151; x_wconf 82' lang='lat' dir='ltr'>aurifabrum</span> <span class='ocrx_word' id='word_1_173' title='bbox 1048 3103 1286 3171; x_wconf 89' lang='lat' dir='ltr'>procuratorem</span> <span class='ocrx_word' id='word_1_174' title='bbox 1313 3087 1421 3148; x_wconf 89' lang='lat' dir='ltr'>relicte</span> 
     </span>
     <span class='ocr_line' id='line_1_23' title="bbox 164 3193 1420 3278; baseline 0.001 -25"><span class='ocrx_word' id='word_1_175' title='bbox 164 3193 295 3256; x_wconf 88' lang='lat' dir='ltr'>condam</span> <span class='ocrx_word' id='word_1_176' title='bbox 314 3195 480 3256; x_wconf 89' lang='lat' dir='ltr'>Benedicti</span> <span class='ocrx_word' id='word_1_177' title='bbox 506 3193 657 3258; x_wconf 84' lang='lat' dir='ltr'>aurifabri</span> <span class='ocrx_word' id='word_1_178' title='bbox 676 3208 706 3258; x_wconf 90' lang='lat' dir='ltr'>et</span> <span class='ocrx_word' id='word_1_179' title='bbox 723 3196 923 3256; x_wconf 84' lang='lat' dir='ltr'>Anthonium</span> <span class='ocrx_word' id='word_1_180' title='bbox 947 3195 1146 3278; x_wconf 87' lang='lat' dir='ltr'>Thermsych</span> <span class='ocrx_word' id='word_1_181' title='bbox 1165 3194 1291 3256; x_wconf 88' lang='lat' dir='ltr'>racione</span> <span class='ocrx_word' id='word_1_182' title='bbox 1310 3195 1420 3256; x_wconf 88' lang='lat' dir='ltr'>decem</span> 
     </span>
     <span class='ocr_line' id='line_1_24' title="bbox 165 3297 1417 3384; baseline 0 -24"><span class='ocrx_word' id='word_1_183' title='bbox 165 3297 231 3361; x_wconf 89' lang='lat' dir='ltr'>flor.</span> <span class='ocrx_word' id='word_1_184' title='bbox 256 3303 333 3378; x_wconf 89' lang='lat' dir='ltr'>auri,</span> <span class='ocrx_word' id='word_1_185' title='bbox 359 3321 440 3382; x_wconf 90' lang='lat' dir='ltr'>quos</span> <span class='ocrx_word' id='word_1_186' title='bbox 465 3301 530 3383; x_wconf 90' lang='lat' dir='ltr'>ipse</span> <span class='ocrx_word' id='word_1_187' title='bbox 557 3301 675 3364; x_wconf 87' lang='lat' dir='ltr'>Paulus</span> <span class='ocrx_word' id='word_1_188' title='bbox 700 3302 826 3364; x_wconf 90' lang='lat' dir='ltr'>dicebat</span> <span class='ocrx_word' id='word_1_189' title='bbox 857 3302 1075 3384; x_wconf 83' lang='lat' dir='ltr'>pereundam</span> <span class='ocrx_word' id='word_1_190' title='bbox 1102 3302 1310 3363; x_wconf 89' lang='lat' dir='ltr'>Benedictum</span> <span class='ocrx_word' id='word_1_191' title='bbox 1335 3301 1417 3362; x_wconf 90' lang='lat' dir='ltr'>auri-</span> 
     </span>
     <span class='ocr_line' id='line_1_25' title="bbox 164 3403 1417 3488; baseline 0.003 -24"><span class='ocrx_word' id='word_1_192' title='bbox 164 3403 285 3466; x_wconf 83' lang='lat' dir='ltr'>fabrum</span> <span class='ocrx_word' id='word_1_193' title='bbox 304 3421 398 3488; x_wconf 92' lang='lat' dir='ltr'>prout</span> <span class='ocrx_word' id='word_1_194' title='bbox 416 3407 541 3469; x_wconf 89' lang='lat' dir='ltr'>dicebat</span> <span class='ocrx_word' id='word_1_195' title='bbox 558 3427 781 3469; x_wconf 89' lang='lat' dir='ltr'>concessorum</span> <span class='ocrx_word' id='word_1_196' title='bbox 800 3421 830 3469; x_wconf 88' lang='lat' dir='ltr'>et</span> <span class='ocrx_word' id='word_1_197' title='bbox 853 3428 886 3468; x_wconf 90' lang='lat' dir='ltr'>se</span> <span class='ocrx_word' id='word_1_198' title='bbox 906 3409 1113 3470; x_wconf 88' lang='lat' dir='ltr'>submittebat</span> <span class='ocrx_word' id='word_1_199' title='bbox 1130 3429 1162 3469; x_wconf 92' lang='lat' dir='ltr'>se</span> <span class='ocrx_word' id='word_1_200' title='bbox 1187 3409 1304 3470; x_wconf 89' lang='lat' dir='ltr'>habere</span> <span class='ocrx_word' id='word_1_201' title='bbox 1322 3421 1417 3468; x_wconf 88' lang='lat' dir='ltr'>testes</span> 
     </span>
     <span class='ocr_line' id='line_1_26' title="bbox 165 3509 1417 3594; baseline 0.002 -23"><span class='ocrx_word' id='word_1_202' title='bbox 165 3509 229 3591; x_wconf 88' lang='lat' dir='ltr'>ipse</span> <span class='ocrx_word' id='word_1_203' title='bbox 254 3512 380 3591; x_wconf 85' lang='lat' dir='ltr'>Paulus,</span> <span class='ocrx_word' id='word_1_204' title='bbox 406 3528 436 3575; x_wconf 89' lang='lat' dir='ltr'>et</span> <span class='ocrx_word' id='word_1_205' title='bbox 460 3513 535 3593; x_wconf 90' lang='lat' dir='ltr'>quia</span> <span class='ocrx_word' id='word_1_206' title='bbox 559 3513 710 3575; x_wconf 89' lang='lat' dir='ltr'>videlicet</span> <span class='ocrx_word' id='word_1_207' title='bbox 734 3515 859 3575; x_wconf 91' lang='lat' dir='ltr'>Biasius</span> <span class='ocrx_word' id='word_1_208' title='bbox 880 3515 1054 3576; x_wconf 90' lang='lat' dir='ltr'>modernus</span> <span class='ocrx_word' id='word_1_209' title='bbox 1080 3515 1218 3574; x_wconf 88' lang='lat' dir='ltr'>decanus</span> <span class='ocrx_word' id='word_1_210' title='bbox 1243 3514 1417 3594; x_wconf 85' lang='lat' dir='ltr'>juratorum</span> 
     </span>
     <span class='ocr_line' id='line_1_27' title="bbox 165 3617 1421 3697; baseline 0.002 -20"><span class='ocrx_word' id='word_1_211' title='bbox 165 3631 193 3678; x_wconf 91' lang='lat' dir='ltr'>et</span> <span class='ocrx_word' id='word_1_212' title='bbox 210 3617 397 3681; x_wconf 88' lang='lat' dir='ltr'>Valentinus</span> <span class='ocrx_word' id='word_1_213' title='bbox 414 3618 502 3681; x_wconf 89' lang='lat' dir='ltr'>faber</span> <span class='ocrx_word' id='word_1_214' title='bbox 519 3621 550 3680; x_wconf 93' lang='lat' dir='ltr'>in</span> <span class='ocrx_word' id='word_1_215' title='bbox 576 3617 659 3682; x_wconf 90' lang='lat' dir='ltr'>facto</span> <span class='ocrx_word' id='word_1_216' title='bbox 677 3619 835 3682; x_wconf 89' lang='lat' dir='ltr'>dictorum</span> <span class='ocrx_word' id='word_1_217' title='bbox 854 3621 963 3682; x_wconf 87' lang='lat' dir='ltr'>decern</span> <span class='ocrx_word' id='word_1_218' title='bbox 991 3620 1059 3683; x_wconf 91' lang='lat' dir='ltr'>flor.</span> <span class='ocrx_word' id='word_1_219' title='bbox 1085 3621 1152 3681; x_wconf 92' lang='lat' dir='ltr'>auri</span> <span class='ocrx_word' id='word_1_220' title='bbox 1172 3619 1269 3681; x_wconf 91' lang='lat' dir='ltr'>nichil</span> <span class='ocrx_word' id='word_1_221' title='bbox 1294 3621 1421 3697; x_wconf 88' lang='lat' dir='ltr'>scirent,</span> 
     </span>
     <span class='ocr_line' id='line_1_28' title="bbox 165 3725 1422 3810; baseline 0.003 -26"><span class='ocrx_word' id='word_1_222' title='bbox 165 3743 238 3806; x_wconf 81' lang='lat' dir='ltr'>ergo</span> <span class='ocrx_word' id='word_1_223' title='bbox 262 3725 353 3806; x_wconf 89' lang='lat' dir='ltr'>jurati</span> <span class='ocrx_word' id='word_1_224' title='bbox 380 3727 485 3810; x_wconf 91' lang='lat' dir='ltr'>ipsum</span> <span class='ocrx_word' id='word_1_225' title='bbox 504 3727 703 3788; x_wconf 81' lang='lat' dir='ltr'>Anthonium</span> <span class='ocrx_word' id='word_1_226' title='bbox 729 3727 930 3810; x_wconf 88' lang='lat' dir='ltr'>Thermsych</span> <span class='ocrx_word' id='word_1_227' title='bbox 950 3729 1075 3790; x_wconf 87' lang='lat' dir='ltr'>racione</span> <span class='ocrx_word' id='word_1_228' title='bbox 1094 3727 1297 3809; x_wconf 89' lang='lat' dir='ltr'>inpeticionis</span> <span class='ocrx_word' id='word_1_229' title='bbox 1323 3727 1422 3808; x_wconf 87' lang='lat' dir='ltr'>ipsius</span> 
     </span>
     <span class='ocr_line' id='line_1_29' title="bbox 165 3831 1420 3915; baseline 0.003 -24"><span class='ocrx_word' id='word_1_230' title='bbox 165 3831 270 3894; x_wconf 87' lang='lat' dir='ltr'>relicte</span> <span class='ocrx_word' id='word_1_231' title='bbox 282 3833 418 3895; x_wconf 90' lang='lat' dir='ltr'>condam</span> <span class='ocrx_word' id='word_1_232' title='bbox 438 3833 601 3898; x_wconf 90' lang='lat' dir='ltr'>Benedicti</span> <span class='ocrx_word' id='word_1_233' title='bbox 620 3833 772 3896; x_wconf 81' lang='lat' dir='ltr'>aurifabri</span> <span class='ocrx_word' id='word_1_234' title='bbox 792 3835 937 3915; x_wconf 90' lang='lat' dir='ltr'>quietum</span> <span class='ocrx_word' id='word_1_235' title='bbox 956 3849 985 3895; x_wconf 87' lang='lat' dir='ltr'>et</span> <span class='ocrx_word' id='word_1_236' title='bbox 999 3835 1183 3896; x_wconf 91' lang='lat' dir='ltr'>absolutum</span> <span class='ocrx_word' id='word_1_237' title='bbox 1201 3833 1420 3895; x_wconf 89' lang='lat' dir='ltr'>reddiderunt.</span> 
     </span>
    </p>
   </div>
   <div class='ocr_carea' id='block_1_6' title="bbox 163 3955 1420 4444">
    <p class='ocr_par' dir='ltr' id='par_1_7' title="bbox 163 3955 1420 4444">
     <span class='ocr_line' id='line_1_30' title="bbox 266 3955 1418 4040; baseline 0.001 -25"><span class='ocrx_word' id='word_1_238' title='bbox 266 3955 342 4018; x_wconf 89' lang='lat' dir='ltr'>ltem</span> <span class='ocrx_word' id='word_1_239' title='bbox 361 3977 489 4018; x_wconf 87' lang='lat' dir='ltr'>causam</span> <span class='ocrx_word' id='word_1_240' title='bbox 507 3959 588 4020; x_wconf 86' lang='lat' dir='ltr'>inter</span> <span class='ocrx_word' id='word_1_241' title='bbox 612 3957 846 4040; x_wconf 86' lang='lat' dir='ltr'>Ryhtaryczam</span> <span class='ocrx_word' id='word_1_242' title='bbox 872 3971 902 4020; x_wconf 90' lang='lat' dir='ltr'>et</span> <span class='ocrx_word' id='word_1_243' title='bbox 920 3958 1001 4019; x_wconf 89' lang='lat' dir='ltr'>inter</span> <span class='ocrx_word' id='word_1_244' title='bbox 1027 3957 1180 4019; x_wconf 87' lang='lat' dir='ltr'>Mathiam</span> <span class='ocrx_word' id='word_1_245' title='bbox 1199 3955 1418 4037; x_wconf 86' lang='lat' dir='ltr'>Kerzowaych</span> 
     </span>
     <span class='ocr_line' id='line_1_31' title="bbox 164 4061 1420 4146; baseline 0.002 -26"><span class='ocrx_word' id='word_1_246' title='bbox 164 4061 287 4124; x_wconf 91' lang='lat' dir='ltr'>racione</span> <span class='ocrx_word' id='word_1_247' title='bbox 311 4065 525 4145; x_wconf 88' lang='lat' dir='ltr'>percussionis</span> <span class='ocrx_word' id='word_1_248' title='bbox 549 4064 715 4126; x_wconf 92' lang='lat' dir='ltr'>cuiusdam</span> <span class='ocrx_word' id='word_1_249' title='bbox 741 4084 835 4126; x_wconf 87' lang='lat' dir='ltr'>vacce</span> <span class='ocrx_word' id='word_1_250' title='bbox 861 4065 959 4146; x_wconf 89' lang='lat' dir='ltr'>ipsius</span> <span class='ocrx_word' id='word_1_251' title='bbox 985 4063 1184 4146; x_wconf 87' lang='lat' dir='ltr'>Ryhtarycze</span> <span class='ocrx_word' id='word_1_252' title='bbox 1221 4077 1251 4124; x_wconf 90' lang='lat' dir='ltr'>et</span> <span class='ocrx_word' id='word_1_253' title='bbox 1284 4077 1420 4140; x_wconf 89' lang='lat' dir='ltr'>mortue,</span> 
     </span>
     <span class='ocr_line' id='line_1_32' title="bbox 164 4164 1419 4252; baseline 0.003 -26"><span class='ocrx_word' id='word_1_254' title='bbox 164 4164 254 4244; x_wconf 87' lang='lat' dir='ltr'>jurati</span> <span class='ocrx_word' id='word_1_255' title='bbox 277 4168 511 4250; x_wconf 70' lang='lat' dir='ltr'>adjudicarunt,</span> <span class='ocrx_word' id='word_1_256' title='bbox 537 4170 624 4251; x_wconf 90' lang='lat' dir='ltr'>quod</span> <span class='ocrx_word' id='word_1_257' title='bbox 650 4171 718 4252; x_wconf 89' lang='lat' dir='ltr'>ipse</span> <span class='ocrx_word' id='word_1_258' title='bbox 744 4169 880 4232; x_wconf 88' lang='lat' dir='ltr'>Mathias</span> <span class='ocrx_word' id='word_1_259' title='bbox 897 4171 1001 4251; x_wconf 89' lang='lat' dir='ltr'>jurare</span> <span class='ocrx_word' id='word_1_260' title='bbox 1026 4170 1186 4232; x_wconf 88' lang='lat' dir='ltr'>tenebitur</span> <span class='ocrx_word' id='word_1_261' title='bbox 1209 4169 1364 4230; x_wconf 89' lang='lat' dir='ltr'>solusmet</span> <span class='ocrx_word' id='word_1_262' title='bbox 1389 4169 1419 4230; x_wconf 92' lang='lat' dir='ltr'>in</span> 
     </span>
     <span class='ocr_line' id='line_1_33' title="bbox 163 4273 1419 4358; baseline 0.002 -25"><span class='ocrx_word' id='word_1_263' title='bbox 163 4292 216 4334; x_wconf 90' lang='lat' dir='ltr'>ara</span> <span class='ocrx_word' id='word_1_264' title='bbox 238 4289 342 4336; x_wconf 87' lang='lat' dir='ltr'>sancte</span> <span class='ocrx_word' id='word_1_265' title='bbox 366 4273 490 4354; x_wconf 87' lang='lat' dir='ltr'>Crucis,</span> <span class='ocrx_word' id='word_1_266' title='bbox 508 4276 595 4357; x_wconf 91' lang='lat' dir='ltr'>quod</span> <span class='ocrx_word' id='word_1_267' title='bbox 620 4296 685 4338; x_wconf 93' lang='lat' dir='ltr'>non</span> <span class='ocrx_word' id='word_1_268' title='bbox 703 4297 740 4339; x_wconf 87' lang='lat' dir='ltr'>ex</span> <span class='ocrx_word' id='word_1_269' title='bbox 759 4278 964 4358; x_wconf 88' lang='lat' dir='ltr'>percussione</span> <span class='ocrx_word' id='word_1_270' title='bbox 987 4277 1086 4358; x_wconf 90' lang='lat' dir='ltr'>ipsius</span> <span class='ocrx_word' id='word_1_271' title='bbox 1104 4275 1222 4337; x_wconf 84' lang='lat' dir='ltr'>Mathis</span> <span class='ocrx_word' id='word_1_272' title='bbox 1241 4276 1307 4357; x_wconf 90' lang='lat' dir='ltr'>ipsa</span> <span class='ocrx_word' id='word_1_273' title='bbox 1325 4295 1419 4337; x_wconf 90' lang='lat' dir='ltr'>vacca</span> 
     </span>
     <span class='ocr_line' id='line_1_34' title="bbox 164 4393 366 4444; baseline 0.03 -6"><span class='ocrx_word' id='word_1_274' title='bbox 164 4393 210 4442; x_wconf 88' lang='lat' dir='ltr'>est</span> <span class='ocrx_word' id='word_1_275' title='bbox 233 4395 366 4444; x_wconf 89' lang='lat' dir='ltr'>mortua.</span> 
     </span>
    </p>
   </div>
   <div class='ocr_carea' id='block_1_7' title="bbox 164 4505 1421 5124">
    <p class='ocr_par' dir='ltr' id='par_1_8' title="bbox 164 4505 1421 5124">
     <span class='ocr_line' id='line_1_35' title="bbox 266 4505 1420 4590; baseline 0 -22"><span class='ocrx_word' id='word_1_276' title='bbox 266 4505 343 4568; x_wconf 90' lang='lat' dir='ltr'>ltem</span> <span class='ocrx_word' id='word_1_277' title='bbox 377 4526 506 4568; x_wconf 88' lang='lat' dir='ltr'>causam</span> <span class='ocrx_word' id='word_1_278' title='bbox 540 4507 621 4568; x_wconf 90' lang='lat' dir='ltr'>inter</span> <span class='ocrx_word' id='word_1_279' title='bbox 654 4507 852 4590; x_wconf 86' lang='lat' dir='ltr'>Stephanum</span> <span class='ocrx_word' id='word_1_280' title='bbox 885 4509 1056 4590; x_wconf 86' lang='lat' dir='ltr'>lapicidam</span> <span class='ocrx_word' id='word_1_281' title='bbox 1089 4523 1119 4570; x_wconf 89' lang='lat' dir='ltr'>et</span> <span class='ocrx_word' id='word_1_282' title='bbox 1150 4507 1251 4569; x_wconf 87' lang='lat' dir='ltr'>fllium</span> <span class='ocrx_word' id='word_1_283' title='bbox 1284 4507 1420 4568; x_wconf 90' lang='lat' dir='ltr'>condam</span> 
     </span>
     <span class='ocr_line' id='line_1_36' title="bbox 166 4607 1419 4694; baseline 0.002 -24"><span class='ocrx_word' id='word_1_284' title='bbox 166 4607 248 4672; x_wconf 91' lang='lat' dir='ltr'>Galli</span> <span class='ocrx_word' id='word_1_285' title='bbox 272 4611 312 4674; x_wconf 92' lang='lat' dir='ltr'>de</span> <span class='ocrx_word' id='word_1_286' title='bbox 338 4613 518 4692; x_wconf 76' lang='lat' dir='ltr'>Ztenowcz,</span> <span class='ocrx_word' id='word_1_287' title='bbox 543 4611 651 4676; x_wconf 89' lang='lat' dir='ltr'>Gurek</span> <span class='ocrx_word' id='word_1_288' title='bbox 676 4615 818 4692; x_wconf 87' lang='lat' dir='ltr'>nomine,</span> <span class='ocrx_word' id='word_1_289' title='bbox 850 4615 978 4677; x_wconf 88' lang='lat' dir='ltr'>racione</span> <span class='ocrx_word' id='word_1_290' title='bbox 1004 4614 1179 4676; x_wconf 79' lang='lat' dir='ltr'>ablationis</span> <span class='ocrx_word' id='word_1_291' title='bbox 1203 4613 1419 4694; x_wconf 87' lang='lat' dir='ltr'>quorumdam</span> 
     </span>
     <span class='ocr_line' id='line_1_37' title="bbox 164 4717 1421 4783; baseline 0.002 -6"><span class='ocrx_word' id='word_1_292' title='bbox 164 4717 349 4780; x_wconf 86' lang='lat' dir='ltr'>animalium</span> <span class='ocrx_word' id='word_1_293' title='bbox 375 4739 507 4781; x_wconf 90' lang='lat' dir='ltr'>suorum</span> <span class='ocrx_word' id='word_1_294' title='bbox 532 4720 571 4782; x_wconf 89' lang='lat' dir='ltr'>de</span> <span class='ocrx_word' id='word_1_295' title='bbox 596 4721 678 4782; x_wconf 90' lang='lat' dir='ltr'>dicta</span> <span class='ocrx_word' id='word_1_296' title='bbox 696 4721 866 4782; x_wconf 91' lang='lat' dir='ltr'>Ztenowcz</span> <span class='ocrx_word' id='word_1_297' title='bbox 883 4735 914 4783; x_wconf 89' lang='lat' dir='ltr'>et</span> <span class='ocrx_word' id='word_1_298' title='bbox 931 4721 970 4782; x_wconf 93' lang='lat' dir='ltr'>ad</span> <span class='ocrx_word' id='word_1_299' title='bbox 989 4721 1104 4782; x_wconf 89' lang='lat' dir='ltr'>dictam</span> <span class='ocrx_word' id='word_1_300' title='bbox 1123 4720 1284 4782; x_wconf 89' lang='lat' dir='ltr'>civitatem</span> <span class='ocrx_word' id='word_1_301' title='bbox 1301 4719 1421 4780; x_wconf 89' lang='lat' dir='ltr'>adduc-</span> 
     </span>
     <span class='ocr_line' id='line_1_38' title="bbox 164 4826 1420 4910; baseline -0.002 -24"><span class='ocrx_word' id='word_1_302' title='bbox 164 4835 276 4904; x_wconf 87' lang='lat' dir='ltr'>torum,</span> <span class='ocrx_word' id='word_1_303' title='bbox 301 4827 394 4908; x_wconf 88' lang='lat' dir='ltr'>jurati</span> <span class='ocrx_word' id='word_1_304' title='bbox 418 4827 523 4889; x_wconf 90' lang='lat' dir='ltr'>taliter</span> <span class='ocrx_word' id='word_1_305' title='bbox 557 4828 790 4908; x_wconf 89' lang='lat' dir='ltr'>adjudicarunt,</span> <span class='ocrx_word' id='word_1_306' title='bbox 823 4829 909 4910; x_wconf 91' lang='lat' dir='ltr'>quod</span> <span class='ocrx_word' id='word_1_307' title='bbox 935 4830 1001 4910; x_wconf 90' lang='lat' dir='ltr'>ipse</span> <span class='ocrx_word' id='word_1_308' title='bbox 1028 4827 1136 4890; x_wconf 89' lang='lat' dir='ltr'>Gurek</span> <span class='ocrx_word' id='word_1_309' title='bbox 1168 4847 1242 4888; x_wconf 91' lang='lat' dir='ltr'>suos</span> <span class='ocrx_word' id='word_1_310' title='bbox 1273 4826 1420 4908; x_wconf 89' lang='lat' dir='ltr'>proprios</span> 
     </span>
     <span class='ocr_line' id='line_1_39' title="bbox 166 4932 1420 5016; baseline 0 -25"><span class='ocrx_word' id='word_1_311' title='bbox 166 4932 259 4992; x_wconf 89' lang='lat' dir='ltr'>boves</span> <span class='ocrx_word' id='word_1_312' title='bbox 282 4947 313 4996; x_wconf 89' lang='lat' dir='ltr'>et</span> <span class='ocrx_word' id='word_1_313' title='bbox 329 4935 481 4994; x_wconf 88' lang='lat' dir='ltr'>animalia</span> <span class='ocrx_word' id='word_1_314' title='bbox 507 4934 590 5012; x_wconf 81' lang='lat' dir='ltr'>juxta</span> <span class='ocrx_word' id='word_1_315' title='bbox 609 4935 869 4996; x_wconf 87' lang='lat' dir='ltr'>testificacionem</span> <span class='ocrx_word' id='word_1_316' title='bbox 892 4937 1066 5016; x_wconf 93' lang='lat' dir='ltr'>proborum</span> <span class='ocrx_word' id='word_1_317' title='bbox 1085 4935 1225 4995; x_wconf 91' lang='lat' dir='ltr'>virorum</span> <span class='ocrx_word' id='word_1_318' title='bbox 1245 4953 1300 5014; x_wconf 94' lang='lat' dir='ltr'>per</span> <span class='ocrx_word' id='word_1_319' title='bbox 1317 4934 1420 5014; x_wconf 87' lang='lat' dir='ltr'>ipsum</span> 
     </span>
     <span class='ocr_line' id='line_1_40' title="bbox 165 5040 1420 5124; baseline 0.002 -26"><span class='ocrx_word' id='word_1_320' title='bbox 165 5058 266 5100; x_wconf 89' lang='lat' dir='ltr'>coram</span> <span class='ocrx_word' id='word_1_321' title='bbox 293 5041 387 5101; x_wconf 90' lang='lat' dir='ltr'>nobis</span> <span class='ocrx_word' id='word_1_322' title='bbox 411 5040 636 5120; x_wconf 90' lang='lat' dir='ltr'>adductorum,</span> <span class='ocrx_word' id='word_1_323' title='bbox 661 5057 692 5102; x_wconf 92' lang='lat' dir='ltr'>et</span> <span class='ocrx_word' id='word_1_324' title='bbox 716 5063 770 5123; x_wconf 91' lang='lat' dir='ltr'>pcr</span> <span class='ocrx_word' id='word_1_325' title='bbox 795 5056 917 5124; x_wconf 90' lang='lat' dir='ltr'>patrem</span> <span class='ocrx_word' id='word_1_326' title='bbox 943 5063 1036 5103; x_wconf 88' lang='lat' dir='ltr'>suum</span> <span class='ocrx_word' id='word_1_327' title='bbox 1062 5043 1166 5102; x_wconf 88' lang='lat' dir='ltr'>eidem</span> <span class='ocrx_word' id='word_1_328' title='bbox 1193 5042 1313 5120; x_wconf 84' lang='lat' dir='ltr'>legatos</span> <span class='ocrx_word' id='word_1_329' title='bbox 1338 5059 1420 5100; x_wconf 88' lang='lat' dir='ltr'>rece·</span> 
     </span>
    </p>
   </div>
   <div class='ocr_carea' id='block_1_8' title="bbox 0 0 1852 5781">
    <p class='ocr_par' dir='ltr' id='par_1_9' title="bbox 0 0 1852 5781">
     <span class='ocr_line' id='line_1_41' title="bbox 0 0 1852 5781; baseline 0 0"><span class='ocrx_word' id='word_1_330' title='bbox 0 0 1852 5781; x_wconf 95' lang='lat' dir='ltr'> </span> 
     </span>
    </p>
   </div>
  </div>
 </body>
</html>
