3694 5782
421 490 483 551 288
791 493 878 549 Anno
896 487 991 568 1466.
1017 523 1059 532 —
1082 503 1134 566 29.
1150 491 1301 564 januarii.

421 703 558 765 condam
592 703 772 765 Seboldum
800 703 1003 764 recollectam
1036 702 1251 783 juramentum
1283 703 1451 766 terciomet
1481 702 1677 784 adjudicave-

422 823 504 888 runt,
529 823 559 871 et
584 810 658 891 quia
684 809 750 890 ipse
776 810 932 871 Martinus
956 809 1051 896 judex
1069 809 1285 890 juramentum
1309 809 1370 871 sibi
1391 809 1609 886 adjudicatum
1631 829 1676 870 ra·

423 917 514 978 cione
547 916 665 977 valoris
696 915 771 977 dicti
804 917 870 976 vini
902 935 959 998 per
989 915 1109 997 juratos
1137 936 1232 998 super
1263 915 1474 998 quadraginta
1510 915 1579 978 flor.
1613 916 1676 976 auri

422 1022 609 1104 prestitisset
634 1036 667 1084 ut
691 1022 838 1100 debebat,
864 1022 937 1084 ideo
963 1023 1020 1104 ipsi
1047 1022 1140 1103 jurati
1163 1036 1234 1106 post
1257 1021 1473 1104 juramentum
1498 1024 1678 1105 peripsum

424 1131 597 1192 Martinum
631 1131 709 1190 alias
740 1129 879 1210 judicem
913 1129 973 1191 sibi
1006 1129 1236 1212 adjudicatum,
1268 1129 1462 1212 depositum,
1494 1131 1677 1212 premissum

423 1237 588 1318 (h)ortum‚
620 1235 783 1297 stabulum
815 1257 852 1297 ac
884 1235 1017 1298 domum
1053 1251 1084 1298 et
1116 1237 1222 1298 locum
1256 1236 1437 1298 molendini
1469 1237 1500 1298 in
1532 1237 1681 1298 suburbio

424 1342 567 1405 eiusdem
593 1343 728 1404 civitatis
750 1343 893 1405 eiusdem
919 1343 1055 1404 condam
1079 1344 1212 1405 Seboidi
1237 1343 1355 1422 habita,
1381 1344 1509 1406 racione
1526 1346 1680 1407 dictorum

426 1449 638 1531 quadraginta
663 1450 731 1511 flor.
757 1450 836 1528 auri,
860 1470 955 1531 super
979 1470 1061 1532 quos
1093 1450 1306 1526 juramentum
1330 1451 1476 1532 prestitit,
1501 1453 1679 1513 statuissent

427 1555 532 1616 eidem
552 1556 690 1616 Martino
707 1554 803 1636 judici
818 1556 977 1617 vendendi
994 1570 1024 1618 et
1040 1576 1073 1617 se
1088 1570 1275 1618 contentum
1294 1556 1451 1618 reddendi
1472 1558 1683 1618 attribuissent

426 1663 590 1744 potestatis
614 1661 807 1740 facultatem,
830 1676 860 1724 et
891 1663 967 1743 quia
994 1663 1130 1725 Michael
1154 1662 1237 1724 filius
1271 1663 1369 1745 ipsius
1394 1663 1531 1724 condam
1557 1664 1678 1725 Nicolai

425 1766 576 1829 aurifabri
603 1769 634 1828 in
652 1787 707 1829 sua
733 1782 763 1828 et
779 1769 929 1847 aliorum,
954 1788 1093 1849 quorum
1115 1789 1220 1851 supra,
1240 1769 1345 1831 eidem
1363 1769 1533 1831 statucioni
1558 1769 1684 1832 racione

424 1876 532 1956 previa
558 1894 613 1957 per
637 1875 756 1956 juratos
780 1874 860 1937 lacte
885 1877 1153 1938 contradiccionis
1177 1877 1336 1938 velamine
1362 1877 1532 1956 obviasset,
1557 1890 1589 1938 et
1613 1896 1683 1938 ean-

427 1982 500 2044 dem
526 2002 652 2044 causam
678 1983 716 2044 ad
743 2002 801 2044 nos
825 1984 968 2045 seniores
996 1983 1118 2064 judices
1149 1983 1349 2065 appellasset,
1375 1983 1608 2066 quamquidem
1634 1983 1685 2044 ad-

426 2087 660 2168 judicacionem
688 2089 829 2171 ipsorum
855 2089 1032 2170 juratorum
1054 2103 1158 2172 partes
1183 2090 1265 2150 inter
1282 2091 1451 2170 premissas
1475 2091 1605 2152 racione
1623 2090 1685 2151 dic-

426 2211 532 2258 torum
558 2195 772 2276 dampnorum
791 2216 847 2278 per
864 2196 968 2277 ipsum
996 2196 1134 2258 condam
1152 2195 1330 2257 Seboldum
1353 2197 1463 2278 Mayer
1480 2196 1586 2258 eidem
1606 2198 1685 2259 Mar·

426 2302 495 2364 tino
520 2300 617 2381 iudici
643 2302 818 2380 illatorum,
844 2301 970 2380 factam,
1005 2323 1063 2364 nos
1094 2302 1235 2364 seniores
1260 2302 1381 2383 iudices
1405 2301 1633 2365 ratificavimus
1656 2317 1684 2365 et

427 2409 644 2490 approbamus
675 2421 706 2470 et
744 2411 906 2490 signanter
939 2429 977 2470 ex
1012 2429 1070 2488 e0,
1109 2409 1184 2490 quia
1218 2421 1389 2470 annotatus
1420 2409 1577 2471 Martinus
1609 2411 1684 2472 alias

425 2514 519 2596 judex
544 2529 616 2596 post
640 2530 776 2576 mortem
802 2529 833 2578 et
856 2517 981 2577 obitum
999 2515 1135 2577 condam
1162 2515 1261 2576 Vlrici
1278 2515 1404 2577 comitis
1429 2515 1523 2594 Cilie,
1540 2529 1684 2600 tempore

425 2621 596 2683 cuiuslibet
619 2622 734 2702 judicis
759 2622 843 2683 dicte
868 2622 1003 2684 civitatis
1029 2636 1060 2684 et
1087 2622 1177 2683 omni
1202 2641 1287 2684 anno
1306 2623 1336 2684 in
1366 2623 1557 2684 consistorio
1576 2637 1683 2685 nostro

425 2728 563 2789 eundem
590 2727 767 2789 Seboldum
793 2729 903 2810 Meyer
934 2749 951 2789 a
984 2727 1175 2790 vendicione
1200 2743 1231 2789 et
1254 2728 1315 2789 alia
1349 2729 1461 2809 quavis
1485 2729 1685 2790 alienacione

425 2835 645 2894 universarum
671 2847 701 2895 et
727 2835 946 2916 quarumlibet
962 2835 1202 2916 possessionum
1221 2835 1365 2896 eiusdem
1384 2835 1516 2897 Seboidi
1542 2837 1575 2896 in
1602 2837 1687 2898 terri·

423 2940 507 3001 torio
532 2940 614 3001 dicre
633 2941 770 3002 civitatis
787 2941 1007 3020 existentium,
1024 2942 1101 3003 item
1125 2942 1289 3022 quoslibet
1308 2941 1456 3004 homines
1473 2955 1503 3004 et
1527 2943 1689 3023 signanter

425 3044 583 3127 prefatum
616 3045 753 3107 condam
785 3047 957 3108 Nicolaum
989 3044 1187 3108 aurifabrum
1218 3048 1257 3108 ab
1283 3047 1452 3129 empcione
1478 3047 1688 3124 inhibuisset;

425 3150 499 3212 ideo
524 3171 582 3212 nos
606 3151 783 3232 judicantes
805 3151 888 3214 facto
907 3154 937 3212 in
964 3153 1130 3234 premisso,
1148 3151 1253 3213 eidem
1278 3153 1409 3215 domine
1435 3155 1543 3216 relicte
1562 3175 1600 3216 ac
1619 3154 1690 3216 liliis

425 3258 524 3340 ipsius
548 3258 685 3319 condam
712 3259 836 3320 Nicolai
863 3258 1015 3320 aurifabri
1041 3259 1274 3338 commisimus,
1291 3273 1326 3322 ut
1343 3261 1401 3342 ipsi
1425 3261 1618 3342 peccuniam
1644 3262 1689 3343 ip=

424 3383 545 3442 sorum,
569 3363 593 3424 si
620 3384 717 3444 quam
743 3365 802 3446 ipsi
827 3364 932 3426 eidem
967 3365 1104 3426 condam
1131 3365 1274 3427 Seboldo
1307 3366 1481 3445 dedissent,
1505 3369 1544 3428 ab
1573 3369 1690 3430 eodem

424 3470 475 3532 vel
500 3471 565 3531 suis
590 3470 760 3532 heredibus
785 3485 927 3552 repetere
952 3485 982 3532 et
1007 3472 1169 3553 requirere
1201 3472 1355 3534 deberent
1379 3493 1416 3533 ex
1442 3493 1480 3534 eo
1506 3489 1536 3536 et
1563 3489 1692 3558 propte·

425 3596 488 3654 rea,
510 3576 585 3656 quia
610 3578 635 3638 si
660 3577 775 3657 aliquis
800 3578 923 3658 aliquas
946 3579 1165 3660 possessiones
1190 3579 1221 3638 in
1250 3579 1411 3640 territorio
1436 3579 1519 3642 dicte
1554 3582 1692 3643 civitatis

425 3701 533 3744 emere
557 3683 608 3744 vel
634 3682 772 3744 vendere
795 3684 902 3762 vellet,
927 3698 1043 3745 eotunc
1072 3684 1210 3765 quilibet
1233 3685 1305 3746 talis
1336 3685 1486 3747 venditor
1507 3701 1538 3748 et
1564 3702 1691 3770 emptor

427 3807 534 3850 coram
560 3787 664 3868 judice
690 3788 773 3850 dicte
791 3790 926 3851 civitatis
942 3791 1053 3851 venire
1072 3803 1103 3852 et
1119 3788 1292 3852 fassionem
1310 3789 1414 3854 facere
1439 3793 1581 3872 deberet,
1600 3805 1693 3876 prout

429 3893 490 3955 hoc
514 3894 711 3956 consuetudo
737 3895 819 3956 dicte
844 3896 981 3957 civitatis
1005 3897 1139 3978 requirit
1163 3911 1194 3958 et
1218 3898 1370 3980 exposcit,
1395 3897 1513 3962 habere
1537 3917 1570 3964 et
1594 3902 1693 3984 possi·

428 4000 503 4062 dere
528 4000 666 4076 valeret;
691 4001 729 4062 de
756 4002 844 4083 quod
869 4002 990 4084 judicio
1016 4017 1125 4064 nostro
1143 4017 1174 4064 et
1198 4005 1341 4086 ipsorum
1366 4006 1544 4088 juratorum
1572 4010 1691 4070 civium

429 4106 494 4187 ipsa
515 4107 622 4168 relicta
641 4108 740 4189 ipsius
753 4109 889 4170 condam
908 4111 1033 4171 Nicolai
1051 4109 1203 4172 aurifabri
1221 4112 1252 4172 in
1271 4132 1327 4173 sua
1340 4132 1376 4174 ac
1393 4113 1593 4196 prelatorum
1611 4115 1691 4176 filio·

426 4231 496 4273 rum
518 4233 649 4274 suorum
668 4215 852 4276 nominibus
867 4236 930 4277 non
949 4230 1096 4278 contenta
1118 4217 1254 4280 eandem
1273 4239 1400 4280 causam
1419 4240 1492 4282 cum
1517 4221 1610 4282 totali
1636 4239 1691 4282 sua

429 4319 550 4385 serieet
567 4339 715 4400 processu
734 4322 765 4381 in
785 4323 981 4403 presenciam
997 4322 1158 4404 magnifici
1175 4325 1300 4387 domini
1324 4327 1586 4388 thavarnicorum
1602 4346 1690 4406 rega-

429 4424 509 4484 lium
534 4425 725 4506 appellasset
748 4429 778 4488 in
805 4431 1013 4508 presenciam,
1039 4430 1112 4491 ideo
1137 4451 1196 4492 nos
1221 4432 1341 4494 eisdem
1367 4435 1522 4494 ambabus
1545 4434 1692 4516 partibus

427 4532 600 4592 terminum
618 4552 725 4593 coram
743 4533 866 4614 prefato
881 4537 1032 4616 magistro
1050 4538 1320 4600 thawarnicorum
1331 4539 1538 4621 comparendi
1553 4541 1692 4621 quadra-

427 4636 584 4716 gesimum
611 4638 696 4698 diem
721 4661 737 4700 a
763 4641 815 4702 die
840 4641 1093 4722 adjudicacionis
1119 4659 1224 4706 nostre
1242 4647 1393 4708 duximus
1409 4645 1650 4727 prefigendum.

954 4906 1165 4924 —m
