3694 5782
421 587 482 651 ²7²
823 565 911 622 Anno
937 560 1030 642 1465.
1054 595 1098 607 -
1120 577 1169 624 21.
1186 561 1280 638 justi.

421 779 528 861 pisset,
553 792 584 840 et
607 797 681 840 cum
712 775 833 838 eisdem
866 776 966 837 libere
990 795 1024 836 se
1056 775 1097 836 ad
1129 775 1247 836 dictam
1278 771 1439 835 civitatem
1464 771 1683 834 trausiocasset

421 899 619 947 moraturum
643 883 821 946 secundum
845 883 935 962 regni
958 880 1236 944 consuetudinem.

527 991 605 1052 Item
631 1009 759 1051 causam
785 989 867 1051 inter
891 988 1066 1051 Martinum
1098 986 1239 1069 judicem
1272 997 1303 1048 et
1326 985 1536 1048 Valentinum
1560 983 1684 1068 Jalaycb

421 1097 555 1176 dictum,
579 1097 618 1158 de
637 1094 797 1178 iwanych,
814 1095 942 1157 racione
959 1093 1162 1157 vendicionis
1178 1094 1295 1156 domus
1314 1091 1494 1175 peripsum
1513 1091 1683 1154 Martiuum

421 1203 561 1285 judicem
587 1203 693 1265 eidem
719 1201 894 1264 Valentino
919 1201 1047 1285 Jalsych
1064 1201 1206 1280 vendite,
1230 1199 1324 1282 jurati
1348 1211 1562 1282 prorogarunt
1586 1216 1685 1280 usque

421 1310 562 1394 primum
587 1309 754 1391 judicium.

529 1417 606 1480 Item
632 1437 759 1480 causam
786 1417 869 1478 inter
886 1415 1063 1500 Symonem
1080 1427 1223 1477 sutorem
1248 1427 1279 1478 et
1295 1415 1378 1477 inter
1402 1413 1603 1492 Gurironem,
1621 1411 1686 1493 ipse

423 1523 565 1608 Gywrko
590 1537 637 1587 est
668 1524 834 1586 convictus
866 1523 898 1584 in
931 1521 1015 1584 lacto
1047 1521 1196 1604 potencie
1224 1535 1333 1584 contra
1369 1522 1475 1604 ipsum
1500 1519 1687 1602 Symonem,

422 1631 498 1712 quia
522 1631 590 1713 ipse
616 1630 739 1714 Symon
764 1628 897 1692 dederat
920 1629 981 1690 sibi
1014 1628 1159 1707 vadium,
1181 1641 1213 1690 et
1244 1629 1312 1710 ipse
1337 1627 1450 1690 Gurlro
1474 1625 1633 1689 clamabat
1657 1636 1688 1685 et

422 1737 550 1799 dicebat
573 1737 756 1820 potenciam
782 1748 892 1798 contra
918 1735 1025 1818 ipsum
1050 1734 1238 1818 Symoncm.

528 1843 606 1906 item
632 1863 760 1906 causam
785 1843 867 1904 inter
891 1841 1047 1905 Mathiam
1072 1838 1292 1924 Scrobotbych
1318 1854 1349 1903 et
1373 1841 1455 1904 inter
1479 1839 1589 1902 Gurek
1604 1837 1687 1920 agri·

423 1951 540 2030 colam,
566 1949 814 2012 inhabitatorem
847 1948 930 2010 dicte
962 1948 1113 2027 civitatis,
1136 1948 1265 2010 racione
1297 1947 1489 2030 suspicionis
1512 1945 1688 2008 oblacionis

424 2057 641 2140 quorumdam
666 2076 806 2119 asserum
839 2069 870 2119 et
894 2055 1084 2144 straminum
1117 2055 1157 2116 de
1182 2055 1307 2118 koucba
1339 2055 1495 2134 eiusdem,
1519 2071 1616 2136 quam
1642 2051 1687 2113 di-

424 2165 516 2226 cebat
539 2183 635 2245 super
659 2163 763 2246 ipsum
789 2161 941 2246 Gywrelr,
967 2162 1026 2245 ipsi
1052 2161 1192 2246 Gywrek
1214 2160 1434 2244 adjudicatum
1459 2175 1506 2223 est
1529 2161 1689 2242 juramen-

422 2283 491 2332 tum
517 2270 685 2332 terciomet
709 2268 787 2331 seria
818 2283 906 2332 sexta
938 2269 1083 2351 proxime
1116 2281 1261 2348 ventura,
1293 2269 1326 2330 in
1356 2288 1409 2330 ara
1434 2279 1540 2330 sancte
1565 2265 1689 2344 Crucis,

424 2376 512 2458 quod
538 2377 605 2459 ipse
629 2375 803 2459 premissos
827 2395 947 2438 asseres
969 2375 1114 2438 eiusdem
1140 2375 1261 2437 Mathie
1286 2375 1325 2437 de
1349 2375 1433 2438 dicta
1457 2372 1581 2437 koucha
1606 2373 1689 2435 eius·

423 2483 496 2544 dem
523 2503 587 2544 non
613 2482 794 2564 recepisset,
818 2502 876 2544 nec
903 2481 1009 2544 eidem
1034 2481 1160 2544 nullum
1185 2481 1364 2565 dampnum
1387 2480 1522 2545 fecisset.

529 2588 608 2650 Item
632 2587 823 2651 Valentinus
849 2586 1094 2671 Tergowchych
1118 2601 1263 2672 repertus
1278 2603 1325 2650 est
1350 2588 1389 2650 in·
1407 2587 1569 2650 iurtlcinio
1586 2586 1689 2648 mani-

423 2693 504 2757 festo
529 2695 625 2757 unius
649 2695 758 2776 ariete,
783 2694 872 2777 quod
896 2695 984 2757 solua
1008 2693 1110 2756 fassus
1133 2693 1194 2757 luit
1216 2713 1271 2757 ore
1300 2695 1442 2778 propri0,
1466 2708 1497 2756 et
1520 2706 1690 2778 propterea

423 2799 484 2863 luit
507 2801 655 2864 detentus
671 2817 703 2865 et
719 2803 944 2882 incarceratus,
961 2802 1012 2864 cui
1029 2801 1255 2884 adjudicarunt
1275 2801 1368 2884 jurati
1387 2821 1485 2864 unam
1510 2801 1689 2864 auriculam

423 2907 590 2990 (in)cidere
614 2923 742 2971 etcum
767 2907 890 2970 baculis
914 2921 1001 2971 extra
1026 2909 1186 2970 civitatem
1216 2921 1383 2991 percutere
1407 2921 1439 2970 et
1463 2926 1631 2989 nunquam
1657 2905 1688 2968 in

424 3013 526 3096 ipsam
552 3015 711 3077 civitatem
737 3029 769 3077 et
793 3015 861 3076 eius
878 3013 1073 3076 territorium
1098 3015 1234 3092 intrare;
1257 3013 1315 3076 sed
1332 3013 1407 3096 quia
1432 3013 1492 3097 ipsi
1516 3013 1690 3076 Valentin'o

424 3118 509 3199 iuxta
534 3120 729 3202 peticionem
762 3119 976 3204 plurimorum
1008 3122 1184 3203 proborum
1217 3121 1360 3183 virorum
1392 3133 1439 3184 est
1469 3118 1691 3182 misericordia

424 3224 518 3306 iacta,
543 3227 631 3308 quod
655 3228 798 3290 auricula
824 3227 928 3289 eidem
962 3246 1027 3289 non
1059 3227 1219 3290 incidetur
1247 3247 1306 3290 nec
1337 3241 1423 3290 extra
1448 3227 1608 3290 civitatem
1638 3229 1690 3288 ba·

424 3333 593 3412 culabitur,
617 3333 672 3395 sed
698 3334 724 3396 si
755 3334 889 3396 ulterius
920 3333 1037 3395 similia
1070 3335 1298 3417 perpetraverit
1331 3347 1447 3398 extunc
1481 3348 1513 3396 et
1535 3333 1691 3416 premissa

425 3439 518 3522 culpa
544 3453 575 3502 et
599 3439 793 3503 maleficium
819 3441 924 3503 eidem
950 3460 1015 3502 nou
1040 3455 1197 3524 parcetur.

452 3655 549 3730 Feria
578 3667 675 3730 sexta
703 3663 857 3750 proxima
895 3669 973 3752 post
1008 3661 1130 3735 festum
1158 3663 1334 3735 beatorum
1364 3661 1433 3736 Viti
1461 3670 1495 3735 et
1524 3659 1665 3735 Modesti

961 3787 1152 3860 martirum.

960 3941 1022 4016 (21.
1038 3941 1147 4018 junia).

533 4075 610 4138 item
643 4077 756 4138 Palecz
781 4077 821 4140 de
852 4079 993 4159 Rabocz,
1026 4081 1169 4144 concivis
1201 4095 1318 4162 noster,
1352 4095 1460 4146 contra
1486 4083 1689 4146 Anthonium

428 4179 617 4264 Oprasnych
641 4183 747 4264 primo
772 4184 884 4247 citatus
908 4185 941 4247 in
964 4186 1086 4269 judicio
1109 4207 1175 4250 non
1203 4188 1385 4272 comparuit
1407 4209 1515 4252 coram
1539 4190 1644 4254 nobis.

471 4305 479 4325 ··
532 4288 610 4350 item
635 4309 763 4352 causam
788 4291 870 4353 inter
894 4293 1069 4356 Martinum
1093 4293 1234 4375 judicem
1258 4308 1290 4356 et
1312 4295 1520 4358 Valentinum
1544 4297 1689 4360 villicum

427 4393 553 4477 Jalsych
579 4394 712 4476 dictum,
734 4395 774 4458 de
799 4397 958 4482 Iwanych,
991 4401 1119 4462 racione
1145 4401 1346 4464 vendicionis
1377 4401 1494 4465 domus
1517 4421 1574 4465 seu
1597 4400 1689 4466 fundi

427 4519 463 4560 ac
487 4501 591 4562 civilis
615 4502 714 4584 ipsius
739 4503 868 4565 Martini
893 4504 1009 4585 judicis
1032 4507 1065 4568 in
1097 4507 1181 4570 dicta
1212 4508 1339 4571 civitate
1364 4507 1483 4588 habite,
1506 4510 1611 4573 taliter
1635 4509 1689 4572 ad-

426 4603 619 4686 judicarunt,
644 4609 732 4690 quod
766 4607 907 4691 prefatus
931 4611 1122 4674 Valentinus
1152 4613 1280 4675 villicus
1304 4614 1431 4698 Jalsycb
1454 4616 1569 4695 dictus,
1593 4616 1626 4678 iu
1651 4635 1689 4679 eo

427 4709 531 4792 jurare
554 4715 716 4776 tenebitur
741 4713 818 4778 seria
846 4731 932 4780 sexta
964 4719 1109 4800 proxime
1134 4733 1283 4801 ventura,
1311 4721 1342 4783 in
1367 4742 1420 4784 ara
1444 4736 1552 4785 sancte
1576 4723 1690 4786 Crucis

428 4819 532 4880 taliter
555 4832 586 4882 et
609 4820 691 4882 adeo
709 4821 849 4902 debebit,
874 4823 962 4905 quod
986 4825 1054 4907 ipse
1070 4824 1261 4888 Valentinus
1285 4827 1412 4890 villicus
1428 4829 1555 4912 Jalaych
1576 4829 1690 4908 dictus,

428 4943 488 4986 nec
511 4944 568 5005 per
591 4946 623 4986 se
648 4946 747 4989 unum
779 4927 947 4991 denarium
980 4931 1198 4994 wiennensem
1223 4931 1263 4994 sd
1288 4933 1464 5016 predictam
1497 4934 1632 4997 domum
1656 4935 1687 4996 io

428 5051 531 5092 arram
556 5052 621 5093 non
647 5032 795 5114 dedisset,
820 5055 878 5098 nec
902 5037 998 5098 alicui
1030 5038 1121 5100 alteri
1151 5039 1183 5100 in
1207 5059 1344 5122 persona
1374 5061 1432 5103 sua
1456 5041 1560 5124 ipsum
1586 5061 1687 5104 uuum
