3838 5786
390 553 456 612 404
801 537 887 593 Anno
910 547 1000 612 1472.
1028 570 1067 578 -
1091 550 1139 596 12.
1158 537 1252 612 jum't‘.

1261 643 1654 650 .-.—...—-—.-.-————-—-

391 769 623 848 Feriatercin
654 775 808 861 proxima
837 779 913 860 post
951 772 1072 844 testum
1102 774 1276 844 beatorum
1306 770 1450 863 Philippi
1479 781 1511 846 at
1539 773 1655 865 Jacobi

904 897 1145 986 apostolorum.

940 1053 982 1124 (5-
1006 1051 1102 1125 maia).

498 1191 575 1252 Item
600 1191 675 1273 quia
702 1190 816 1253 Gallus
833 1188 1001 1272 Kodelych
1026 1190 1241 1271 juramentum
1270 1191 1330 1253 sibi
1357 1205 1466 1254 contra
1491 1191 1655 1254 Thomam

391 1297 525 1360 Cheden
551 1297 781 1378 adjudicatum,
804 1296 954 1378 deposuit
978 1309 1013 1357 ut
1036 1295 1157 1359 debuit.

498 1403 575 1465 ltem
601 1404 676 1485 quia
702 1404 805 1465 Lucas
836 1416 925 1464 sutor
952 1422 1050 1483 gener
1082 1402 1342 1488 Wetbowechky
1374 1417 1500 1466 tenetur
1524 1424 1656 1487 respon-

390 1511 465 1576 dere
490 1511 529 1571 ad
555 1511 695 1592 primum
712 1509 868 1590 judicium
893 1527 1001 1571 coram
1028 1509 1121 1571 nobis
1138 1523 1248 1572 contra
1274 1508 1452 1574 lohannem
1479 1510 1654 1594 Perowych

391 1619 421 1677 in
448 1617 589 1698 quodam
615 1615 698 1678 facto
723 1636 779 1678 sue
804 1615 1094 1678 dehonestacionis.

495 1723 572 1784 ltenr
597 1724 672 1804 quia
697 1723 886 1784 Valentinus
918 1722 957 1784 de
990 1722 1175 1784 lwanoreka
1207 1721 1337 1804 jobagio
1363 1721 1504 1803 Capituli
1541 1743 1652 1804 zagra-

391 1829 509 1890 biensis
534 1830 565 1890 in
591 1828 676 1890 furtu
694 1828 859 1890 cuiusdam
886 1829 1016 1890 tamisie
1034 1827 1251 1910 deprehensus
1275 1843 1331 1907 est,
1356 1841 1388 1890 et
1411 1830 1581 1912 vestigium
1598 1850 1654 1891 seu

390 1937 518 2018 signum
544 1957 560 1997 a
586 1956 652 2017 quo
677 1935 789 1998 habuit
813 1949 844 1997 et
860 1936 933 2018 quis
956 1934 1061 1997 eidem
1079 1935 1211 1998 dederat
1232 1935 1409 2017 producere
1433 1955 1541 1998 coram
1559 1937 1652 1998 nobis

390 2061 455 2103 non
482 2043 597 2124 potuit,
622 2063 684 2124 que
709 2043 837 2104 camisia
863 2041 965 2104 furata
991 2055 1037 2102 est
1060 2061 1077 2102 a
1103 2042 1243 2122 quadam
1260 2042 1395 2104 muliere
1420 2047 1513 2104 Anna
1531 2056 1654 2122 vocata,

390 2170 477 2211 nunc
501 2151 582 2211 circa
607 2150 736 2212 Petrum
768 2163 909 2211 autorem
935 2147 1111 2231 Syrowych
1144 2147 1264 2210 dictum
1297 2168 1511 2228 commorans,
1536 2148 1651 2212 furtive

390 2258 494 2318 ablata
528 2257 605 2334 luit;
638 2277 734 2338 quam
767 2257 929 2318 camisiam
967 2257 1034 2338 ipse
1066 2255 1255 2318 Valentinus
1286 2256 1366 2318 dixit
1389 2257 1449 2318 sibi
1482 2257 1588 2319 datam
1621 2271 1652 2320 et

389 2365 580 2445 assignatam
595 2384 650 2446 per
663 2362 836 2445 quemdam
849 2361 1025 2444 Georgium
1036 2361 1198 2444 Fylcbych
1211 2361 1349 2444 Philippi
1362 2382 1517 2444 generum
1528 2363 1649 2446 Spych-

389 2469 536 2552 loaysa,
561 2490 618 2552 pro
643 2489 709 2551 quo
726 2469 844 2530 delicto
869 2468 968 2550 ipsius
992 2467 1066 2529 furti
1085 2469 1144 2550 ipsi
1162 2468 1336 2531 Valentino
1360 2484 1406 2531 est
1429 2469 1649 2551 adjudicatum

391 2577 606 2657 pereundam
631 2576 800 2637 mulierem
826 2594 887 2636 una
912 2574 1054 2636 auricula
1072 2593 1127 2635 sua
1145 2574 1266 2637 abscidi
1291 2595 1349 2656 pro
1374 2575 1479 2658 primo
1502 2576 1571 2637 eius
1595 2577 1650 2637 de-

389 2681 464 2743 licto
489 2683 634 2760 debetur,
659 2695 690 2742 et
722 2683 796 2763 quia
825 2681 865 2742 ad
897 2681 1173 2763 supplicacionem
1205 2681 1419 2763 plurimorum
1445 2682 1652 2744 dominorum

389 2789 618 2852 canonicorum
652 2789 691 2850 de
723 2788 877 2871 Capitulo
910 2787 1108 2868 zagrabiensi
1142 2788 1287 2870 predicto
1319 2801 1350 2850 et
1381 2789 1482 2850 eciam
1515 2789 1653 2849 aliorum

388 2899 564 2980 proborum
596 2911 627 2957 et
657 2895 866 2957 honestorum
898 2895 1040 2956 virorum
1074 2908 1120 2956 est
1156 2895 1262 2957 eidem
1296 2895 1515 2958 misericordia
1547 2896 1653 2956 taliter

388 3002 480 3080 facta,
507 3015 541 3063 ut
565 3003 631 3084 ipse
657 3002 761 3063 eidem
787 3001 914 3063 mulieri
948 3006 1041 3062 Anne
1073 2999 1244 3063 satisfaciat
1268 3021 1327 3083 pro
1359 3021 1417 3063 suo
1453 3003 1595 3084 dampno
1620 3015 1651 3063 et

390 3109 524 3172 ulterius
547 3109 664 3169 similia
690 3123 871 3190 perpetrare
895 3127 961 3169 non
990 3107 1116 3185 debeat,
1147 3107 1202 3189 qui
1227 3109 1253 3168 si
1278 3108 1310 3169 in
1335 3107 1494 3169 similibus
1518 3107 1652 3170 ulterius

389 3215 606 3298 deprehensus
624 3228 654 3276 et
671 3229 814 3296 repertus
831 3213 936 3292 fuerit,
954 3227 1069 3275 extunc
1086 3233 1201 3296 penam
1218 3233 1315 3295 quam
1330 3215 1547 3276 demereretur
1562 3213 1648 3293 juxta

388 3335 504 3384 statuta
527 3322 611 3383 dicte
636 3321 772 3383 civitatis
796 3322 948 3402 pacietur.

443 3555 538 3630 Faria
567 3565 663 3630 sexta
693 3555 846 3646 proxima
887 3561 964 3645 post
992 3555 1114 3628 festum
1143 3555 1232 3627 beati
1261 3555 1413 3627 Barnabe
1442 3557 1597 3645 apostoli.

925 3710 986 3785 (12.
1004 3709 1111 3786 justit).

496 3855 571 3917 ltem
598 3854 672 3935 quia
702 3853 892 3914 Valentinus
926 3867 1027 3913 sartor
1060 3852 1224 3931 Pongracz
1248 3852 1362 3930 dictus,
1394 3852 1501 3914 senior
1531 3851 1652 3933 juratus

388 3962 530 4022 concivis
554 3974 672 4038 noster,
697 3973 806 4020 contra
832 3977 964 4019 uxorem
990 3957 1077 4019 Galli
1119 3957 1287 4040 Kodelych
1312 3959 1446 4020 senioris
1471 3958 1564 4040 jurati
1590 3973 1651 4020 ter·

387 4070 485 4129 ciario
511 4069 624 4130 citatus
648 4086 712 4127 non
738 4065 918 4148 comparuit
942 4065 973 4126 in
1000 4064 1120 4144 judicio
1145 4084 1253 4125 coram
1278 4065 1382 4127 nobis.

494 4174 570 4235 ltem
596 4174 671 4254 quia
696 4171 909 4254 Thwlowych
944 4185 974 4233 et
999 4171 1278 4253 Bnnschalrowycz
1310 4185 1420 4233 contra
1446 4172 1565 4234 Lucam
1599 4193 1651 4234 su-

387 4297 489 4342 torem
514 4282 674 4342 seniorem
707 4280 845 4360 juratum
878 4279 1008 4340 racione
1040 4276 1255 4359 quorumdam
1282 4280 1402 4340 bovum
1433 4280 1539 4361 primo
1563 4280 1650 4341 citati

387 4409 451 4449 non
477 4399 726 4469 comparuerunt
751 4386 782 4446 in
807 4385 927 4466 judicio
953 4403 1059 4446 coram
1086 4383 1189 4446 nobis.

494 4494 570 4554 ltem
603 4493 678 4574 quia
704 4492 841 4553 Michael
875 4489 1003 4573 pellifex
1038 4503 1147 4551 contra
1172 4489 1351 4550 Fabianum
1384 4487 1511 4551 Charen
1544 4490 1650 4571 primo

387 4600 501 4661 citatus
525 4619 589 4660 non
614 4597 795 4680 comparuit
820 4598 850 4658 in
876 4597 996 4677 judicio
1021 4615 1129 4657 coram
1154 4595 1257 4659 nobis.

494 4705 571 4766 ltem
597 4705 672 4785 quia
691 4704 809 4765 Kelecz
827 4717 916 4765 sutor
932 4703 1040 4764 senior
1056 4702 1177 4784 juratus
1194 4715 1303 4764 contra
1323 4702 1412 4764 Hans
1429 4701 1528 4764 Pazar
1545 4703 1650 4783 primo

387 4812 500 4873 citatus
525 4831 589 4872 non
615 4811 794 4892 comparuit
819 4811 850 4870 in
876 4809 996 4890 judicio
1021 4827 1129 4871 coram
1155 4808 1259 4871 nobis.

492 4918 570 4980 ltem
596 4919 670 4998 quia
696 4917 841 4977 Thomas
867 4916 999 4977 Cheden
1032 4929 1141 4977 contra
1173 4913 1353 4976 Johanncm
1387 4915 1548 4998 Soldynar
1580 4935 1646 4977 mo·

386 5026 521 5086 dernum
548 5025 685 5105 juratum
703 5024 808 5106 primo
826 5024 939 5084 citatus
956 5043 1019 5084 non
1034 5022 1214 5104 comparuit
1231 5022 1262 5084 in
1280 5022 1401 5102 judicio
1418 5041 1525 5085 coram
1543 5024 1646 5088 nobis.
