3694 5782
766 471 969 552 Ann01465.
993 507 1035 516 —
1058 487 1108 534 10.
1131 472 1294 534 decembris.

507 690 585 752 ltem
618 706 747 749 causam
779 686 861 748 iuter
893 685 1086 768 Dyonisium
1112 683 1282 768 Sypchych
1315 697 1347 747 et
1371 685 1489 746 Eolsalr
1512 684 1662 766 judicem,

403 810 434 858 et
459 797 541 858 inter
565 796 750 878 Zaylronem
776 791 957 854 carnificem
984 792 1111 854 racione
1127 804 1286 854 certorum
1315 791 1531 874 dampnorum
1557 791 1597 854 de
1621 790 1666 852 fe·

404 903 462 964 nili
495 902 639 964 eiusdem
672 899 833 982 Zaykonis
864 898 985 960 eisdem
1017 898 1181 960 illatorum
1207 911 1238 960 et
1269 898 1340 960 aliis
1371 899 1558 960 concivibus
1582 898 1666 959 dicte

404 1008 541 1071 civitatis
565 1007 741 1084 illatorum,
766 1005 858 1087 jurati
887 1004 1121 1087 adjudicarunt,
1153 1004 1241 1086 quod
1269 1024 1365 1087 super
1389 1024 1455 1086 quo
1479 1005 1583 1085 jurare
1612 1023 1668 1086 po-

403 1130 512 1178 terunt
536 1114 648 1176 eadem
674 1112 751 1174 feria
777 1113 874 1174 tercia
892 1125 964 1194 post
988 1110 1104 1173 festum
1122 1111 1206 1173 beati
1223 1112 1360 1190 Nicolai,
1385 1125 1501 1173 extunc
1518 1111 1557 1173 de
1575 1110 1667 1172 bonis

406 1223 549 1283 eiusdem
575 1220 737 1303 Zaykonis
761 1219 793 1281 in
817 1219 979 1281 territorio
1012 1217 1156 1280 eiusdem
1189 1219 1326 1280 civitatis
1349 1217 1467 1280 habitis
1490 1215 1670 1280 satisfactio

407 1327 620 1411 impendetur.

515 1435 591 1496 ltem
617 1453 744 1494 causarn
763 1433 844 1494 inter
868 1432 1041 1495 Nicolaum
1065 1431 1167 1494 filium
1186 1432 1338 1494 lanconis
1362 1432 1524 1514 arcuparis
1541 1445 1572 1492 et
1588 1431 1671 1492 inter

407 1541 599 1603 Michaelem
624 1540 837 1602 baccalarium
865 1540 993 1601 racione
1017 1539 1255 1601 verberationis
1275 1558 1332 1621 per
1356 1539 1460 1620 ipsum
1480 1538 1671 1600 Michaelem

408 1667 503 1730 super
528 1648 631 1729 ipsum
657 1645 738 1709 facte
763 1661 793 1708 et
818 1646 1076 1729 vituperacionis‚
1112 1659 1143 1708 et
1171 1647 1246 1726 quia
1280 1647 1347 1728 ipse
1373 1645 1511 1708 Michael
1544 1645 1673 1705 racione

408 1753 644 1816 verberationis
675 1753 818 1836 predicte
850 1753 1016 1814 convictus
1048 1765 1095 1814 est
1127 1766 1237 1813 contra
1270 1752 1410 1813 eundern
1444 1751 1616 1813 Nicolaum
1643 1750 1672 1810 in

408 1862 520 1922 decem
546 1861 653 1942 pensis
677 1874 707 1921 et
732 1859 954 1922 communitati
988 1873 1117 1922 centum
1146 1859 1304 1936 denariis;
1337 1859 1413 1921 item
1439 1859 1567 1921 racione
1592 1857 1673 1918 vitu·

409 1967 588 2050 perationis
613 1967 644 2028 in
670 1966 790 2046 judicio
815 1985 923 2028 coram
948 1967 1043 2027 nobis
1068 1981 1098 2028 et
1123 1965 1228 2046 judice
1255 1965 1347 2044 lacte,
1374 1967 1440 2048 ipse
1466 1965 1604 2027 Michael
1630 1979 1676 2024 est

330 2112 338 2120 -
407 2075 573 2136 convictus
605 2087 713 2135 contra
746 2073 885 2134 eundem
918 2074 1089 2135 Nicolaum
1122 2073 1154 2134 in
1188 2073 1299 2154 viginti
1333 2073 1441 2155 pensis
1474 2085 1505 2134 et
1529 2073 1673 2152 quinque

408 2181 517 2263 pensis
542 2179 776 2241 communitati.

516 2287 593 2348 ltem
612 2305 739 2348 causam
759 2285 915 2347 consortis
933 2284 1065 2366 Georgii
1084 2285 1264 2368 Dragawyn
1290 2286 1418 2346 racione
1437 2283 1677 2346 interleccionis

408 2394 624 2475 quorumdam
648 2412 808 2475 caponum
840 2406 871 2453 et
894 2392 1059 2473 pullorum
1083 2391 1246 2454 Valentini
1272 2391 1552 2473 Thergowchych,
1580 2389 1674 2472 jurati

410 2500 686 2582 adjudicaverunt,
710 2499 798 2581 quod
823 2499 890 2582 ipsa
915 2499 1032 2561 mulier
1048 2497 1143 2560 debet
1164 2499 1268 2580 jurare
1285 2498 1451 2561 terciamet
1475 2495 1553 2560 feria
1579 2498 1674 2558 tercia

410 2608 555 2690 proxima
580 2621 652 2689 post
676 2605 791 2668 lestum
816 2605 901 2667 beati
926 2605 1050 2667 Nicolai
1077 2603 1280 2684 confessoris,
1304 2605 1393 2687 quod
1418 2605 1485 2687 ipsa
1509 2623 1575 2665 uon
1602 2604 1673 2686 plus

411 2715 471 2776 nisi
496 2716 599 2796 ipsum
625 2733 725 2776 unum
750 2731 907 2794 caponem
932 2731 1030 2793 quern
1055 2712 1087 2772 in
1112 2712 1255 2794 dampno
1279 2730 1338 2773 suo
1363 2709 1522 2773 interfecit
1544 2724 1577 2772 et
1595 2730 1673 2772 eun·

410 2818 484 2880 dem
495 2819 575 2880 ultra
589 2838 680 2900 sepes
690 2817 730 2880 ad
741 2819 862 2880 curiam
872 2817 1015 2879 eiusdem
1026 2817 1187 2880 Valentini
1198 2817 1341 2900 projecit,
1351 2831 1491 2899 prestare
1501 2817 1675 2880 tenebitur.

452 3055 548 3129 Feria
579 3059 686 3128 tercia
714 3059 869 3145 proxima
898 3063 973 3144 post
994 3056 1117 3127 festum
1145 3057 1235 3127 beati
1265 3055 1392 3128 Nicolai
1423 3055 1642 3128 confessoris.

922 3212 986 3286 (10.
1010 3209 1181 3286 decembris).

520 3349 599 3410 Item
625 3349 747 3432 Symon
771 3362 860 3411 sutor
884 3350 1099 3432 juramentum
1124 3351 1184 3411 sibi
1209 3350 1428 3433 adjudicatum
1453 3365 1564 3413 contra
1593 3351 1679 3434 Dyo-

414 3455 533 3516 nisium
558 3455 757 3537 Wodopiam
783 3456 814 3516 in
834 3456 975 3536 dampno
1000 3457 1058 3518 sibi
1084 3455 1266 3539 specificato
1283 3458 1413 3520 racione
1431 3459 1599 3519 cuiusdam
1618 3457 1682 3520 vini

415 3582 510 3644 super
535 3581 600 3623 uno
625 3562 694 3625 flor.
720 3563 799 3640 auri,
824 3563 961 3645 prestitit
985 3577 1019 3625 ut
1042 3563 1191 3628 debebat.

522 3669 599 3730 ltetn
625 3689 757 3730 consors
782 3669 915 3750 Georgii
933 3670 1115 3753 Dragawyn
1133 3669 1350 3751 juramentum
1374 3672 1435 3732 sibi
1459 3672 1680 3754 adjudicatum

415 3775 581 3836 terciemet
605 3789 714 3837 contra
738 3776 946 3837 Valentinum
981 3776 1249 3860 Thergowchych
1282 3779 1411 3840 racione
1444 3777 1683 3841 interfectionis

416 3881 633 3962 quorumdam
658 3901 830 3963 caponum,
854 3883 919 3964 ipsa
945 3883 1012 3944 sola
1038 3884 1185 3965 prestitit,
1207 3884 1262 3945 sed
1284 3884 1510 3966 conjuratrices
1534 3887 1682 3948 eiusdem

416 4002 555 4070 prestare
580 3987 764 4050 noluerunt.

525 4095 601 4156 ltem
627 4095 758 4175 quidam
778 4094 939 4156 lohannes
963 4094 1047 4157 filius
1065 4095 1222 4158 Anthonii
1248 4097 1287 4158 de
1305 4097 1458 4180 Bowych‚
1475 4112 1521 4160 est
1539 4113 1683 4181 repertus

418 4203 450 4263 in
476 4201 647 4264 manifesto
673 4201 836 4263 furticinio
860 4203 990 4284 triginta
1016 4203 1154 4265 duorum
1180 4203 1249 4266 flor.
1275 4205 1354 4280 auri,
1380 4225 1461 4286 quos
1484 4207 1684 4267 subtraxerat

418 4309 546 4369 Andree
566 4307 772 4390 Symwnych,
797 4327 879 4389 quos
903 4309 970 4390 ipse
988 4310 1075 4372 solus
1099 4330 1154 4372 ore
1179 4311 1311 4393 proprio
1337 4330 1401 4373 non
1427 4313 1556 4393 negavit
1581 4315 1681 4374 eciam

418 4415 450 4474 in
475 4414 653 4495 supplicio;
678 4426 709 4476 et
732 4415 833 4476 eciam
859 4415 890 4475 in
923 4416 995 4477 aliis
1019 4417 1098 4478 locis
1121 4416 1333 4499 reprehensus
1365 4416 1425 4480 fuit
1449 4419 1481 4480 in
1506 4419 1684 4499 furticini0,

419 4534 549 4602 propter
574 4520 660 4601 quod
688 4519 816 4582 luerunt
839 4522 909 4619 sibi
925 4524 1018 4584 ambe
1050 4543 1142 4585 aures
1165 4525 1313 4602 abscisse,
1340 4525 1413 4586 ideo
1439 4525 1531 4608 jurati
1557 4527 1684 4607 adjudi-

419 4639 581 4704 caverunt,
605 4627 692 4707 quod
711 4627 778 4709 ipse
802 4628 965 4690 lohannes
990 4630 1085 4691 debet
1106 4631 1257 4713 suspendi
1277 4633 1308 4692 in
1334 4632 1480 4712 patibulo
1505 4632 1590 4694 dicte
1608 4634 1683 4694 civi-

418 4733 490 4793 tatis
515 4745 546 4792 et
570 4733 622 4793 ille
648 4733 739 4793 cuius
762 4753 811 4794 res
835 4747 866 4795 et
893 4737 1047 4816 peccunie
1080 4735 1209 4798 fuerunt
1232 4739 1390 4799 subtracta
1427 4739 1493 4820 ipse
1519 4739 1619 4800 debet
1642 4739 1681 4800 de

419 4837 539 4898 eisdem
565 4840 670 4916 rebus,
702 4859 764 4919 que
797 4855 870 4901 sunt
901 4843 959 4902 sibi
986 4844 1138 4920 restitute,
1172 4844 1267 4905 debet
1299 4843 1344 4905 illi
1371 4845 1495 4905 solvere
1532 4845 1589 4924 qui
1616 4865 1682 4906 sus-

421 4944 539 5025 pendet
563 4963 649 5007 eum.
