3852 5814
813 531 898 586 Anno
922 525 1016 607 1480.
1042 563 1084 572 -
1101 545 1136 606 3.
1161 530 1272 591 marni.

875 741 986 802 Petrus
1013 741 1090 804 Lab.

875 848 1006 910 Mathlto
1032 849 1171 932 Drsgyn.

873 956 1072 1035 Augustinus
1096 969 1207 1018 sartor.

874 1060 988 1123 Gallus
1010 1075 1109 1124 sutor.

873 1167 1012 1251 Mykwla
1039 1168 1171 1252 Sypaar.

872 1274 1009 1336 Valenth
1033 1288 1122 1338 sutor
1146 1275 1359 1339 Conteschak.

869 1380 1031 1443 lohannes
1054 1395 1165 1445 sartor.

873 1489 997 1573 Myrlto.

871 1594 1002 1656 lvlatbko
1028 1595 1204 1676 Pangracii.

872 1701 1011 1784 lvlyltwla
1037 1701 1173 1784 Halych.

869 1808 1034 1870 Marcbecz
1059 1821 1158 1872 sutor.

869 1914 952 1975 lwan
979 1916 1114 1978 institor.

868 2021 1005 2083 Michael
1029 2037 1128 2085 sutor.

868 2127 1028 2210 Georgius
1052 2144 1152 2191 sutor.

868 2235 1013 2297 Andreas
1039 2235 1242 2319 Mosnarycb.

509 2397 584 2458 ltem
610 2395 775 2479 prescripti
803 2397 998 2458 Laurencius
1022 2396 1117 2476 judex
1142 2412 1173 2458 et
1198 2397 1290 2478 jurati
1318 2417 1354 2459 ac
1387 2397 1562 2458 consiliarii
1591 2417 1665 2458 cunr

400 2520 558 2564 consensu
583 2518 613 2565 et
637 2504 862 2565 commissione
881 2505 1024 2565 unanimi
1050 2519 1080 2564 et
1099 2504 1249 2565 concordi
1270 2503 1455 2586 volunptate
1480 2516 1511 2564 et
1534 2501 1663 2564 decreto

399 2610 502 2670 tocius
526 2611 765 2670 communitatis
790 2611 899 2671 omnia
936 2610 1060 2671 decreta
1101 2623 1304 2672 statutarum
1338 2611 1369 2670 in
1403 2610 1542 2691 presenti
1566 2629 1665 2692 quam

399 2716 430 2775 in
457 2716 596 2796 antiquis
622 2715 782 2778 kathernis
810 2717 926 2778 nostris
947 2730 1095 2777 contenta
1120 2731 1150 2776 et
1174 2717 1289 2798 scripta
1324 2715 1432 2798 quoad
1453 2735 1566 2778 omnes
1590 2716 1664 2777 arti-

398 2822 488 2883 culos
512 2835 543 2882 et
575 2837 690 2903 puncta
716 2837 747 2884 et
771 2823 929 2884 clausulas
958 2821 1146 2884 eorumdem
1175 2836 1365 2885 statutorum
1397 2836 1428 2883 et
1459 2822 1662 2884 decretorum

398 2949 453 3009 per
479 2942 580 2989 totum
615 2949 735 2990 annum
769 2931 923 3011 presentis
955 2929 1113 3010 judicatus
1153 2930 1252 3010 ipsius
1285 2929 1452 2990 Laurencii
1485 2927 1598 3008 judicis
1631 2941 1664 2991 et

397 3049 632 3116 consequenter
656 3036 807 3117 deinceps
831 3036 898 3116 jure
931 3049 1086 3118 perpetuo
1103 3049 1134 3096 et
1159 3035 1408 3098 irrevocabiliter
1431 3034 1663 3096 confirmarunt

397 3161 522 3222 semper
546 3142 681 3203 valitura
706 3155 737 3203 et
761 3141 893 3202 firmiter
916 3143 1126 3204 observanda.

504 3265 536 3326 ln
563 3285 656 3327 causa
674 3281 705 3328 et
721 3266 776 3326 lite
794 3267 876 3328 inter
889 3267 1059 3328 Nicolaum
1076 3279 1218 3328 sutorem
1236 3279 1268 3328 et
1285 3265 1485 3327 Demetrium
1499 3265 1661 3348 Wseczlry

396 3386 540 3452 pretextu
566 3372 782 3452 quorumdam
807 3393 964 3454 equorum
990 3387 1020 3435 et
1041 3373 1141 3434 eciam
1172 3387 1332 3434 certorum
1355 3371 1536 3454 ponderum
1561 3372 1654 3450 milii,

396 3478 427 3537 in
453 3478 558 3559 primo
583 3478 703 3558 judicio
729 3479 940 3540 consistoriali
963 3480 1108 3561 proxime
1125 3479 1262 3540 affuturo
1287 3477 1373 3539 idern
1399 3478 1581 3539 Demetrius
1599 3479 1659 3560 ipsi

396 3585 530 3646 Nicolao
554 3585 650 3645 debet
674 3585 866 3666 respondere
891 3599 921 3647 et
945 3587 1046 3647 eciam
1070 3586 1141 3647 aliis
1165 3587 1230 3647 suis
1253 3585 1357 3650 sociis.

501 3709 533 3769 ln
560 3729 653 3770 causa
685 3723 715 3771 et
747 3709 802 3770 lite
836 3710 917 3771 inter
949 3730 1163 3772 successorem
1196 3709 1387 3772 Hnthesicze
1413 3723 1444 3772 et
1476 3709 1659 3770 Emericum

395 3814 577 3876 Skrinarich
603 3816 731 3877 racione
756 3817 923 3878 cuiusdam
949 3815 1024 3877 furti
1049 3817 1170 3878 scilicet
1186 3817 1323 3878 duarum
1348 3816 1551 3878 camisiarum
1575 3813 1659 3876 diffi-

394 3922 495 3982 nitum
523 3937 578 3999 est,
605 3922 691 4003 quod
718 3921 859 4004 prefatus
883 3943 1046 3984 successor
1074 3923 1201 4005 jurabit,
1227 3921 1315 4004 quod
1340 3922 1440 3983 nescit
1464 3921 1560 3982 fuisse
1585 3921 1658 3982 illas

394 4048 442 4087 res
467 4027 565 4089 furtas
589 4049 647 4090 nec
673 4029 768 4090 habet
792 4029 917 4110 aliquas
941 4031 1026 4112 apud
1052 4049 1084 4090 se
1101 4030 1220 4112 plures,
1245 4043 1276 4091 et
1300 4029 1360 4090 hoc
1378 4028 1455 4090 feria
1480 4043 1567 4092 sexta
1586 4043 1658 4111 post

397 4135 593 4195 dominicam
620 4137 720 4208 Quasi
747 4137 846 4198 modo
870 4138 982 4216 geniti,
1015 4151 1046 4198 et
1070 4137 1165 4198 debet
1190 4137 1356 4198 restituere
1381 4135 1482 4198 dictas
1513 4137 1659 4198 camisias

393 4243 567 4323 prescripto
593 4243 752 4304 Emerico.

499 4349 575 4409 ltem
601 4369 695 4409 cansa
730 4348 892 4411 Dominici
927 4350 1041 4411 literati
1071 4363 1103 4413 et
1134 4350 1254 4411 Mathis
1286 4347 1453 4428 carnificis,
1477 4348 1570 4430 jurati
1596 4363 1656 4410 etc.

393 4455 663 4518 confirmaverunt
689 4457 795 4518 literas
827 4457 962 4518 civitatis
987 4470 1018 4517 et
1050 4457 1301 4536 communitatis,
1326 4475 1365 4517 eo
1397 4475 1461 4516 non
1487 4469 1657 4518 contentus

391 4559 531 4643 prefatus
557 4562 692 4623 Mathias
716 4562 855 4624 carnifex
879 4564 918 4624 ad
944 4563 1085 4624 seniores
1109 4563 1231 4644 judices
1255 4582 1383 4624 causam
1408 4562 1592 4644 appellavit.

499 4688 573 4750 ltem
601 4708 693 4750 causa
719 4689 808 4750 Pauli
835 4689 949 4770 judicis
981 4686 1134 4750 aurifabri
1166 4701 1197 4751 et
1224 4689 1353 4750 Andrce
1384 4687 1501 4749 sutoris
1525 4689 1656 4750 racione

392 4810 475 4857 certe
500 4815 569 4856 cere
595 4815 666 4856 cum
693 4817 756 4877 qua
781 4809 923 4877 reparate
956 4809 1029 4856 sunt
1062 4795 1194 4856 candele
1220 4795 1318 4876 vulgo
1350 4794 1546 4874 loledwske,
1571 4793 1654 4857 diffr-

391 4903 492 4963 nitum
518 4917 574 4970 est.
600 4902 686 4984 quod
714 4901 831 4963 Paulus
856 4899 1015 4964 aurifaber
1039 4902 1135 4964 debet
1155 4903 1279 4964 solvere
1304 4903 1415 4983 viginti
1443 4902 1587 4984 quinque
1604 4923 1654 4965 so-

392 5011 474 5070 lidos
499 5011 589 5072 latos.
