3838 5786
405 527 468 586 4¹2
774 511 859 567 Anno
882 523 972 587 1472.
998 544 1037 553 -
1063 506 1093 570 ό.
1121 508 1293 570 novembris.

406 722 436 782 in
463 741 515 783 ara
539 736 645 783 sancte
678 721 802 800 Crucis,
834 721 921 803 quod
945 722 1022 802 ,ipsa
1055 741 1119 782 nou
1154 721 1377 784 dehonestavit
1409 743 1543 786 uxorem
1570 725 1669 805 ipsius

407 827 509 906 Pauli,
534 829 608 909 quia
634 829 700 910 ipse
728 828 845 890 Paulus
868 828 942 910 plus
966 848 1030 890 non
1055 828 1160 912 potuit
1181 831 1389 911 comprobare
1416 831 1475 891 nisi
1500 851 1669 913 persuum

405 934 593 1012 auricolam,
617 949 648 994 et
681 955 718 996 ex
743 954 781 996 eo
813 935 887 1016 quia
920 935 1030 1016 punita
1063 932 1122 996 tuit
1153 935 1184 996 in
1217 955 1360 1012 carcere;
1385 950 1415 998 et
1438 935 1515 998 dum
1540 936 1668 1018 jurabit,

404 1052 480 1102 tunc
504 1061 613 1102 secura
640 1041 782 1102 manebit
805 1041 920 1103 ancilla
945 1042 1043 1124 ipsius
1069 1042 1209 1105 Martini.

510 1165 588 1228 Item
613 1165 688 1247 quia
721 1167 858 1228 Mathias
890 1167 993 1228 Wura
1025 1182 1135 1230 contra
1168 1167 1358 1231 Michaelem
1393 1169 1529 1250 longum
1563 1168 1668 1251 primo

403 1273 516 1334 citatus
541 1293 606 1334 non
631 1275 811 1358 comparuit
835 1275 867 1336 in
891 1274 1012 1356 judicio
1038 1295 1145 1337 coram
1170 1275 1275 1338 nobis.

403 1509 499 1583 Ferio
528 1521 626 1584 sexta
656 1516 808 1602 proxima
838 1521 914 1603 post
942 1513 1063 1586 festum
1093 1513 1181 1584 beati
1211 1511 1351 1585 Emerici
1379 1511 1483 1596 ducis,
1512 1511 1669 1585 videlicet

686 1639 718 1708 in
748 1639 833 1710 sesto
863 1636 953 1710 beati
983 1635 1143 1710 Leonardi
1173 1635 1385 1709 confessoris.

907 1805 955 1888 (ό.
979 1807 1165 1887 novembris).

508 1969 585 2030 Item
610 1969 685 2050 quia
712 1969 837 2030 Marcus
861 1967 1003 2030 Venetus
1025 1980 1134 2028 contra
1154 1965 1324 2026 Nicolaum
1350 1964 1498 2047 Poyeych
1523 1963 1667 2025 secundo

402 2075 517 2137 citatus
542 2076 573 2136 in
598 2075 719 2156 judicio
745 2095 809 2136 non
842 2074 1032 2156 comparuit,
1064 2072 1139 2154 quia
1176 2071 1242 2153 ipse
1274 2071 1401 2132 Marcus
1425 2070 1544 2152 recepit
1568 2091 1600 2131 se
1627 2070 1667 2130 ad

401 2181 662 2262 jurisdiccionem
687 2181 832 2243 civitatis.

508 2287 585 2349 Item
610 2288 684 2369 quia
705 2288 790 2348 idem
808 2286 961 2348 Nicolaus
978 2285 1126 2370 Poyeych
1144 2299 1288 2368 repertus
1312 2298 1358 2346 est
1382 2304 1438 2366 per
1463 2283 1664 2345 Anthonium

400 2393 539 2472 judicem
566 2395 597 2455 in
622 2393 754 2475 judicio,
786 2394 841 2475 qui
867 2413 899 2454 se
932 2407 1093 2474 receperat
1126 2392 1165 2453 ad
1198 2391 1456 2474 jurisdiccionem
1481 2391 1564 2454 dicte
1589 2392 1665 2452 civi-

399 2501 482 2580 tatis,
508 2501 563 2582 qui
588 2501 741 2562 Nicolous
766 2501 896 2562 debebit
927 2511 1027 2560 astare
1059 2499 1181 2580 judicio
1208 2499 1267 2580 ipsi
1292 2497 1459 2559 Anthonio
1491 2497 1599 2580 judici,
1632 2498 1665 2558 in

399 2607 504 2687 primo
530 2605 636 2667 futuro
661 2607 781 2686 judicio
805 2606 912 2668 eidem
937 2605 1129 2688 respondere
1154 2605 1194 2666 ad
1219 2625 1274 2666 sua
1299 2604 1435 2684 objecta.

506 2731 582 2793 Item
608 2733 684 2813 quia
708 2733 877 2814 religiosus
902 2732 948 2792 vir
973 2730 1068 2793 frater
1093 2731 1250 2792 Martinus
1274 2741 1380 2790 custos
1404 2728 1536 2790 ecclesie
1561 2728 1662 2789 sancti

399 2839 558 2900 Francisci
583 2838 622 2898 de
648 2839 802 2919 Zagrabia
834 2839 949 2917 juravit
978 2837 1074 2900 hodie
1107 2837 1147 2898 ad
1183 2855 1273 2897 suam
1306 2835 1539 2897 conscienciam
1565 2835 1660 2896 etad

346 2983 348 2990 ·
397 2965 491 3005 suum
515 2946 674 3024 ordinem,
699 2945 785 3026 quod
813 2945 865 3006 illa
892 2965 997 3022 vacca,
1030 2965 1127 3026 quam
1154 2943 1288 3024 Egidius
1312 2941 1451 3004 carnifex
1476 2961 1565 3003 suam
1592 2961 1660 3002 esse

398 3051 525 3112 dicebat
548 3065 578 3112 et
603 3053 867 3132 prosequebatur,
901 3052 985 3113 idem
1019 3049 1115 3113 stater
1148 3050 1303 3112 Martinus
1335 3069 1425 3110 suam
1449 3063 1480 3110 et
1504 3049 1579 3110 dicti
1615 3049 1663 3109 sui

398 3159 581 3219 monasterii
616 3179 700 3234 esse3
734 3158 807 3219 ideo
833 3159 898 3238 ipse
933 3158 1066 3238 Egidius
1102 3157 1234 3218 ulterius
1265 3155 1401 3217 eandem
1434 3175 1563 3216 vaccam
1588 3175 1661 3237 pro·

397 3265 486 3344 sequi
521 3280 550 3325 et
583 3265 744 3346 requirere
775 3283 839 3324 non
874 3265 978 3346 potuit
1010 3283 1067 3326 nec
1103 3277 1207 3346 potest
1230 3281 1326 3344 super
1357 3262 1497 3324 eundem
1531 3261 1661 3323 fratrem

398 3371 582 3433 Martinum.

505 3475 584 3538 Item
617 3477 692 3557 quia
724 3476 876 3538 Nicolaus
908 3475 1058 3558 Poyeych
1090 3475 1195 3557 primo
1235 3476 1349 3537 citatus
1380 3487 1489 3536 contra
1525 3488 1661 3536 matrem

396 3581 656 3666 Wolawchycze,
680 3601 745 3643 non
763 3582 942 3664 comparuit
968 3583 999 3642 in
1025 3581 1157 3663 judici0,
1182 3582 1256 3663 quia
1275 3582 1341 3666 ipse
1363 3581 1516 3643 Nicolaus
1541 3580 1660 3662 recepit

397 3708 428 3746 se
453 3687 492 3748 ad
518 3687 777 3768 jurisdictionem
803 3688 948 3750 civitatis.

502 3811 580 3872 item
605 3813 680 3893 quia
706 3812 868 3874 Jobannes
901 3812 1122 3896 Soldynarych
1155 3813 1186 3874 in
1216 3832 1345 3874 causam
1376 3825 1527 3876 attractus
1551 3824 1660 3872 contra

397 3917 516 3978 Lucam
541 3932 694 3998 sutorem,
718 3932 869 3997 actorem,
894 3920 1036 3980 secundo
1054 3920 1168 3980 citatus
1192 3939 1256 3980 non
1276 3919 1456 4000 comparuit
1480 3916 1660 3999 injudicio.

501 4041 578 4102 Item
604 4061 662 4103 nos
685 4042 779 4122 judex
805 4043 1006 4125 supradictus
1030 4064 1086 4126 per
1114 4044 1389 4126 composicionem
1414 4044 1590 4125 proborum
1614 4041 1660 4102 vi·

395 4165 501 4207 rorum
528 4162 657 4229 propter
681 4149 769 4210 litem
805 4150 886 4212 inter
919 4151 1092 4212 Martinum
1119 4149 1362 4234 Dwymowych,
1396 4163 1430 4210 ut
1453 4163 1606 4228 actorem,
1631 4161 1662 4211 et

396 4251 476 4311 inter
502 4253 680 4314 Fabianum
705 4269 859 4316 sartorem
884 4257 1046 4336 claudum,
1071 4257 1177 4318 taliter
1200 4277 1233 4317 se
1258 4256 1318 4338 ipsi
1343 4258 1440 4318 ambo
1465 4257 1660 4337 obligarunt,

395 4358 482 4435 quod
507 4378 712 4441 quecumque
730 4363 872 4443 parcium
891 4377 1000 4424 contra
1021 4363 1118 4424 aliam
1135 4363 1243 4444 aliqua
1261 4363 1346 4424 mala
1363 4365 1460 4424 verba
1478 4362 1528 4423 vel
1550 4377 1661 4423 contu·

394 4463 525 4524 meliosa
552 4481 746 4546 proponeret
770 4489 786 4528 a
812 4469 884 4529 data
905 4470 1106 4549 presencium
1125 4470 1276 4552 deinceps
1300 4469 1351 4530 vel
1369 4467 1611 4530 diffamationes
1627 4482 1659 4530 et

395 4566 454 4627 hoc
479 4570 619 4631 evidenti
645 4573 831 4634 testimonio
864 4577 1127 4656 comprobaretur
1152 4595 1208 4657 per
1238 4595 1478 4657 quamcumque
1503 4575 1658 4658 parcium,

393 4674 480 4751 quod
506 4675 577 4736 talis
601 4697 671 4757 pars
704 4699 816 4760 pacem
842 4694 872 4741 et
903 4681 1145 4743 ordinacionem
1179 4683 1315 4761 violans,
1348 4682 1446 4760 judici
1473 4681 1556 4742 dicte
1581 4681 1659 4742 civi·

393 4779 464 4838 tatis
488 4800 545 4860 pro
569 4797 714 4865 tempore
739 4787 883 4847 existenti
923 4787 953 4847 in
980 4787 1090 4848 decem
1125 4789 1239 4850 ntarcis
1264 4809 1322 4870 pro
1347 4809 1440 4870 pena,
1466 4803 1496 4849 et
1520 4789 1544 4848 si
1570 4788 1656 4848 unde

393 4883 515 4944 solvere
542 4907 605 4947 non
631 4889 772 4967 haberet,
798 4892 885 4972 quod
915 4905 990 4953 tunc
1023 4913 1081 4974 pro
1105 4895 1250 4975 qualibet
1282 4914 1386 4956 marca
1413 4894 1509 4955 debet
1533 4894 1564 4953 in
1590 4913 1656 4954 car-

394 5008 462 5053 cere
487 4992 596 5054 sedere
623 4998 862 5058 communitatis
887 5000 1013 5061 duobus
1038 5001 1152 5062 diebus
1176 5017 1207 5064 et
1232 5003 1356 5064 duabus
1380 5003 1541 5064 noctibus,
