3818 5786
376 559 416 602 20
793 544 879 598 Anno
903 553 990 617 1451.
1017 575 1058 583 -
1082 551 1110 617 7.
1133 543 1214 598 rrtuii.

374 647 1015 655 ---.-.—...--—.-.-.-—-—-—-—--—--.—..
1046 648 1055 651 -
1076 647 1140 652 —--
1254 647 1390 652 —-..-—.—
1410 647 1637 652 ——---—.—-

401 758 498 833 Feria
527 767 625 832 sexta
653 763 808 850 proxima
837 767 915 849 post
948 759 1070 832 leston
1100 759 1309 831 lnvencionis
1338 767 1455 831 sancte
1485 759 1611 832 Crucis.

923 918 968 992 (7.
993 911 1090 994 maia).

481 1054 559 1116 Item
573 1052 733 1136 Georgius
749 1051 891 1136 pellifex,
905 1051 1037 1135 juratus,
1054 1065 1163 1114 contra
1183 1051 1275 1136 Gyah
1290 1051 1472 1136 pellificem,
1486 1051 1640 1134 juratum,

374 1161 480 1244 primo
506 1161 619 1223 citatus
642 1180 707 1222 non
732 1160 922 1242 comparuit.

480 1267 558 1330 ltem
582 1266 767 1330 Anthonius
790 1265 876 1328 filius
900 1267 984 1328 Petri
1006 1265 1210 1349 Zudrowych
1234 1278 1343 1328 contra
1367 1263 1527 1348 prefatum
1546 1264 1639 1349 Gyan

372 1373 546 1457 pellificem
570 1373 646 1435 bina
670 1373 739 1435 vice
765 1373 881 1435 citatus
905 1392 970 1435 non
996 1373 1186 1455 comparuit.

479 1480 559 1543 Item
576 1480 651 1562 quia
669 1480 795 1542 Blasius
812 1479 948 1559 institor,
965 1479 1096 1561 juratus,
1114 1478 1198 1540 lilius
1218 1479 1345 1540 Thome
1368 1499 1467 1560 gener
1484 1479 1641 1542 Johannis

376 1587 490 1670 judicis
514 1586 570 1649 hlii
589 1587 681 1666 Pero,
706 1586 922 1669 juramentum
940 1606 1035 1668 super
1052 1605 1216 1668 expensas,
1239 1605 1318 1666 quas
1335 1586 1402 1668 ipse
1426 1586 1458 1646 in
1483 1585 1539 1648 lite
1557 1587 1640 1648 inter

374 1695 479 1778 ipsum
518 1708 549 1756 et
584 1694 667 1756 inter
698 1693 859 1754 Marinum
884 1693 962 1754 alias
990 1692 1129 1774 judicem
1166 1705 1197 1754 et
1228 1692 1395 1753 concivem
1428 1705 1573 1754 nostrum
1608 1692 1639 1753 in

376 1799 459 1863 facto
484 1799 698 1882 quarumdam
722 1799 900 1864 stacionum
925 1813 956 1860 et
980 1800 1152 1860 domorum
1178 1811 1375 1860 muratarum
1400 1818 1436 1859 ac
1461 1798 1636 1860 fundorum

377 1906 516 1970 condam
551 1906 682 1968 domine
714 1905 879 1968 Dorothee
909 1903 974 1966 filie
1007 1905 1144 1966 condam
1178 1903 1285 1967 Choni
1316 1904 1431 1984 judicis
1467 1905 1575 1966 habita
1610 1919 1640 1966 et

376 2035 483 2076 coram
508 2014 603 2076 nobis
626 2013 704 2075 alias
721 2025 807 2075 mota
832 2025 863 2074 et
881 2024 1023 2074 vertente
1041 2010 1177 2090 fecisset,
1199 2010 1362 2074 habuisset
1378 2025 1409 2072 et
1432 2011 1639 2094 inpendisset,

375 2141 432 2203 per
455 2120 576 2203 juratos
599 2133 725 2182 nostros
749 2119 923 2181 modernos
944 2118 1174 2200 adjudicatum,
1200 2138 1238 2180 eo
1256 2117 1356 2179 modo
1380 2118 1516 2200 prestitit
1539 2131 1570 2179 et
1586 2118 1641 2180 de·

375 2227 493 2310 posuit,
517 2241 553 2288 ut
576 2227 643 2308 ipse
668 2227 700 2288 in
725 2226 867 2308 predicta
892 2225 947 2287 lite
980 2244 1037 2286 sua
1061 2225 1209 2306 exposuit
1232 2224 1320 2286 XVII
1352 2224 1492 2286 florenos
1516 2225 1584 2285 auri
1610 2238 1642 2286 et

374 2345 437 2394 tres
462 2345 493 2394 et
516 2331 656 2393 mediam
681 2351 814 2414 pensam
832 2331 1037 2393 denariorum
1063 2343 1094 2392 et
1118 2345 1257 2412 quatuor
1274 2331 1440 2406 denari0s3
1466 2344 1496 2392 et
1520 2332 1562 2392 ob
1580 2330 1640 2391 hoc

375 2458 435 2500 nos
458 2437 624 2520 quoddam
648 2435 746 2499 fenile
779 2436 919 2498 filiorum
952 2457 1008 2498 scu
1033 2437 1209 2498 liberorum
1241 2456 1298 2498 seu
1322 2437 1478 2499 heredum
1503 2438 1640 2498 condam

375 2543 505 2606 Thome
530 2543 649 2622 Choni,
674 2544 705 2604 in
736 2563 872 2625 persona
907 2562 1045 2625 quorum
1078 2543 1146 2625 ipse
1172 2543 1315 2605 Marinus
1344 2542 1439 2622 judex
1463 2544 1641 2606 avunculus

377 2651 520 2733 ipsorum
546 2649 694 2730 litigavit,
718 2669 777 2732 pro
811 2649 962 2731 predictis
993 2649 1190 2711 stacionibus
1220 2663 1251 2711 et
1275 2649 1427 2711 domibus
1450 2652 1582 2713 muratis
1606 2672 1642 2712 ac

374 2756 485 2819 fundis
509 2758 541 2818 in
566 2757 726 2819 territorio
750 2771 782 2819 et
802 2776 919 2839 campo
944 2757 1081 2818 civitatis
1105 2756 1248 2838 predicte
1273 2755 1429 2834 habiturn,
1454 2777 1491 2818 ex
1518 2777 1556 2818 co
1581 2758 1641 2840 ipsi

379 2864 487 2926 Blasio
511 2863 615 2946 jurato
640 2882 697 2946 pro
714 2863 882 2925 solucione
906 2863 1046 2944 ipsarum
1065 2862 1274 2944 pecuniarum
1293 2875 1340 2924 est
1356 2862 1452 2922 vendi
1477 2875 1642 2942 statutum,

376 2971 450 3053 quia
475 2990 534 3032 nec
558 2971 625 3052 ipse
657 2971 801 3032 Marinus
834 2969 928 3051 judex
959 2990 1017 3032 nec
1050 2970 1125 3032 dicti
1150 2969 1206 3030 filii
1238 2988 1294 3030 seu
1326 2969 1418 3030 liberi
1444 2989 1483 3030 an
1509 2968 1643 3031 heredes

376 3077 475 3159 ipsius
500 3077 638 3139 condam
656 3075 785 3139 Thome
804 3075 910 3138 Choni
929 3077 968 3137 ad
986 3077 1184 3158 sepissimam
1209 3074 1378 3156 juridicam
1397 3089 1427 3136 et
1450 3075 1640 3157 legittimam

375 3196 517 3246 nostram
549 3182 788 3244 amonicionem
821 3183 1029 3245 literatoriam
1062 3183 1165 3264 ipsum
1204 3181 1302 3243 fenile
1334 3201 1447 3243 eorum
1484 3183 1641 3244 redimere

374 3290 566 3352 voluerunt'

482 3395 559 3457 ltem
582 3394 676 3476 jurati
707 3395 803 3456 hodie
837 3393 1015 3476 Elyzabeth
1048 3394 1217 3456 mulierem
1250 3395 1367 3457 dictam
1390 3393 1544 3472 Zernche‚
1570 3395 1640 3457 Ste-

374 3501 480 3584 phano
505 3500 572 3562 filio
599 3501 689 3562 Pauli
716 3499 773 3561 filii
799 3501 945 3561 Barnabe
971 3499 1010 3560 de
1029 3500 1177 3583 Roysche
1201 3521 1259 3583 pro
1284 3501 1324 3562 lll
1349 3501 1419 3563 flor.
1441 3500 1510 3562 auri
1535 3515 1566 3563 et
1582 3521 1640 3584 pro

375 3607 461 3668 LXX
486 3607 609 3686 solidis,
634 3626 691 3689 pro
716 3606 834 3688 quibus
859 3605 926 3688 ipsa
953 3605 1130 3688 Elyzabeth
1156 3607 1273 3668 mulier
1296 3607 1443 3688 cingulos
1468 3607 1642 3669 muliebres

374 3715 413 3773 ab
447 3714 516 3795 ipso
550 3713 714 3794 Stephano
746 3711 956 3794 comparavit,
988 3731 1026 3772 ex
1059 3731 1098 3774 eo
1127 3712 1369 3794 assignaverunt
1401 3713 1494 3774 etad
1527 3733 1642 3774 manus

375 3819 474 3902 ipsius
507 3819 659 3901 Stephani
692 3818 904 3896 tradiderunt,
938 3819 1013 3899 quia
1045 3819 1112 3900 ipsa
1151 3819 1329 3903 Elyzabeth
1361 3819 1478 3881 mulier
1509 3821 1640 3882 eosdem

375 3925 414 3986 lll
438 3924 507 3988 flor.
534 3939 564 3987 et
589 3925 675 3987 LXX
709 3925 831 3986 solidos
863 3925 988 3986 solvere
1021 3945 1093 3987 cum
1127 3945 1193 4008 quo
1225 3946 1290 3988 non
1322 3926 1444 4006 habuit,
1476 3939 1641 4009 tamquam

374 4029 563 4093 debitricem
592 4032 701 4112 ipsius.

481 4137 557 4198 Item
583 4136 745 4218 Georgius
769 4151 857 4199 sutor
879 4138 982 4200 dictus
1000 4137 1165 4222 Zekyrych
1184 4152 1293 4200 contra
1319 4139 1460 4200 Blasium
1486 4151 1640 4202 sartorem

375 4242 476 4306 filium
502 4244 631 4306 Thome
655 4245 761 4327 primo
786 4245 901 4307 citatus
925 4265 990 4306 non
1015 4246 1205 4328 comparuit.

481 4351 560 4413 ltem
585 4351 661 4432 quia
687 4350 822 4432 provida
848 4352 965 4414 mulier
981 4355 1090 4432 Agnes
1110 4365 1222 4413 vocata
1240 4351 1349 4413 relicta
1374 4352 1511 4414 condam
1529 4353 1642 4414 Domi-

375 4459 438 4520 nici
464 4458 539 4518 dicti
564 4459 680 4518 Kostes
705 4471 736 4519 et
759 4457 949 4519 Valentinus
981 4471 1070 4519 sutor
1094 4457 1179 4519 lilius
1203 4458 1349 4520 Barnabe
1373 4477 1472 4540 gener
1496 4459 1641 4521 eiusdem

375 4565 508 4646 Agnetis
532 4564 687 4644 mulieris,
720 4564 869 4625 concives
901 4565 1011 4644 nostri,
1044 4565 1076 4625 id
1108 4585 1181 4627 cum
1214 4563 1384 4626 sufficienti
1414 4578 1445 4626 et
1476 4564 1642 4646 fidedigno

376 4685 559 4732 nostrorum
582 4670 765 4732 concivium
782 4671 969 4733 testimonio
986 4672 1018 4732 in
1044 4671 1119 4733 sede
1144 4685 1251 4734 nostra
1268 4671 1436 4752 judiciaria
1453 4671 1537 4733 clare
1554 4691 1641 4733 com·

375 4777 522 4858 probavit
546 4795 652 4838 coram
678 4777 782 4856 nobis,
814 4789 848 4838 ut
872 4778 948 4838 dum
981 4777 1122 4859 prelatus
1152 4777 1343 4840 Dominicus
1377 4777 1491 4840 Kostes
1522 4779 1555 4840 in
1589 4798 1641 4839 ex·

375 4883 485 4944 tremis
508 4883 571 4944 vite
595 4903 651 4943 sue
676 4883 852 4944 laborasset
881 4883 1079 4963 temporalis,
1111 4898 1187 4945 tunc
1212 4886 1279 4965 ipse
1312 4885 1394 4946 inter
1419 4898 1538 4946 ceteras
1568 4905 1641 4946 suas

375 4990 627 5051 testamentariae
658 4989 841 5070 legaciones
874 4989 1019 5050 verbales
1050 4991 1215 5071 quandam
1239 4991 1366 5052 vineam
1399 5011 1455 5053 seu
1479 4992 1639 5054 vinealem
