3644 5788
376 531 435 592 166
735 533 936 608 Ann01459.
962 564 1003 576 -
1026 527 1079 592 26.
1095 529 1249 608 januarii.

371 757 456 806 ratos
480 744 721 822 convincantur,
738 761 875 824 quarum
892 741 955 803 due
972 755 1078 824 partes
1101 741 1141 804 ad
1159 741 1338 821 ecclesiam,
1362 741 1459 804 tercia
1477 762 1553 803 vero
1572 742 1632 824 ipsi

371 849 470 930 judici
496 848 611 910 debeat
634 847 816 930 provenire.

478 954 556 1016 Item
581 954 770 1016 Franciscus
801 952 942 1036 frenipar
975 966 1085 1016 contra
1110 954 1295 1037 Philippum
1329 967 1471 1016 sutorem
1495 953 1641 1016 seeundo

372 1061 486 1123 citatus
509 1080 575 1122 non
600 1060 791 1142 comparuit.

477 1166 556 1229 ltem
580 1166 674 1246 jurati
699 1165 964 1248 adjudicavemnt
995 1185 1124 1228 causam
1149 1165 1231 1228 inter
1254 1165 1426 1228 Nicolaum
1452 1164 1580 1249 Poeych
1606 1179 1643 1226 et

371 1273 515 1337 relictam
548 1274 645 1336 Blasii
678 1274 756 1336 alias
788 1273 905 1355 judicis
935 1274 1066 1336 racione
1096 1273 1265 1335 cuiusdam
1297 1272 1416 1350 debiti,
1449 1272 1538 1354 quod
1570 1273 1641 1355 ipse

372 1379 524 1442 Nicolaus
548 1393 663 1442 octavo
688 1380 739 1441 die
757 1379 974 1462 juramentum
992 1379 1155 1462 deponere
1172 1379 1304 1441 debebit
1328 1379 1361 1440 in
1384 1398 1436 1458 en,
1460 1379 1550 1461 quod
1568 1379 1638 1461 ipsa

372 1486 503 1549 domina
527 1485 638 1547 relicta
662 1485 760 1548 Blasii
785 1486 948 1567 obligatur
971 1486 1032 1546 sibi
1056 1486 1182 1567 aliquas
1204 1486 1369 1568 pecunias.

477 1592 555 1654 ltem
587 1591 682 1673 jurati
715 1591 981 1674 adjudicaverunt
1014 1592 1097 1654 inter
1128 1592 1340 1654 Benedictum
1368 1605 1400 1655 et
1431 1593 1637 1655 Clementem

372 1699 522 1781 juratum,
546 1699 635 1780 quod
652 1697 794 1780 prefatus
811 1698 964 1760 Clemens
987 1698 1109 1780 juratus
1126 1698 1242 1761 debeat
1257 1697 1476 1780 juramentum
1500 1713 1641 1782 prestare

371 1805 404 1866 in
429 1825 480 1884 e0,
504 1818 539 1866 ut
563 1805 629 1887 ipse
654 1823 721 1866 non
744 1802 819 1867 fecit
841 1805 901 1866 sibi
927 1805 1061 1886 aliquod
1086 1805 1276 1888 dampnum.

478 1911 555 1972 ltem
579 1910 674 1992 jurati
705 1910 971 1993 adjudicaverunt
1003 1931 1133 1973 causam
1164 1912 1247 1974 inter
1275 1912 1445 1974 Nicolaum
1472 1913 1638 1975 literatum

372 2013 403 2080 et
435 2016 655 2080 Sthankonem
687 2015 815 2080 fabrum
846 2018 975 2080 racione
1015 2018 1183 2082 cuiusdam
1219 2019 1456 2081 vulnerationis
1493 2019 1639 2080 mulieris

372 2125 471 2207 ipsius
495 2124 621 2186 Nicolai
646 2125 762 2187 literati
787 2144 843 2207 per
872 2125 978 2206 ipsum
1012 2124 1211 2186 Stanlronem
1243 2123 1370 2203 factam,
1396 2125 1513 2203 taliter,
1546 2126 1636 2206 quod

371 2229 513 2314 prefatus
538 2231 659 2293 Stanko
683 2232 789 2314 primo
814 2244 845 2294 et
869 2230 1089 2312 principaliter
1114 2231 1211 2293 debet
1235 2231 1360 2292 solvere
1384 2231 1512 2292 medico
1538 2233 1641 2314 ipsius

372 2338 527 2416 mulieris,
565 2338 612 2398 illi
647 2351 756 2399 autem
786 2337 915 2399 mulieri
948 2337 1062 2418 viginti
1094 2338 1239 2419 quinque
1270 2357 1385 2420 pensas
1418 2338 1640 2417 denariorum,

372 2445 517 2527 quinque
542 2457 649 2506 autern
676 2463 791 2526 pensas
814 2442 943 2526 juratis3
977 2443 1016 2504 de
1048 2463 1115 2524 quo
1140 2443 1260 2526 judicio
1292 2443 1469 2526 juratorum
1494 2442 1640 2526 prelatus

373 2552 494 2615 Stanlro
519 2572 585 2614 non
609 2563 778 2613 contentus
803 2550 977 2633 appellavit
1000 2549 1041 2611 ad
1065 2549 1208 2612 seniores
1231 2549 1364 2632 judices.

478 2657 558 2719 ltem
581 2657 677 2739 jurati
693 2656 960 2739 adjudicaverunt
984 2676 1114 2718 causam
1131 2657 1213 2718 inter
1237 2656 1403 2718 Thomatn
1428 2655 1641 2719 Heribowich

372 2780 403 2828 et
425 2765 635 2829 Valentinum
660 2777 815 2826 sartorem
840 2765 968 2825 racione
998 2763 1164 2825 cuiusdam
1190 2763 1293 2843 bovis,
1326 2763 1387 2824 isto
1413 2763 1524 2844 modu,
1550 2767 1641 2846 quod

372 2871 514 2956 prefatus
537 2871 683 2934 Thomas
706 2869 921 2952 juramentum
955 2870 1118 2952 deponere
1147 2868 1279 2931 habebit
1309 2883 1424 2931 octavo
1448 2870 1500 2931 die
1525 2871 1559 2931 in
1586 2891 1638 2950 eo,

372 2980 461 3062 quod
486 2979 553 3061 ipse
577 2998 642 3040 non
667 2991 714 3040 est
737 2978 797 3039 sibi
819 2977 1000 3060 culpabilia.

479 3085 558 3146 ltem
582 3083 675 3166 jurati
700 3083 966 3166 adjudicaverunt
989 3103 1117 3145 causam
1136 3083 1217 3145 inter
1242 3082 1397 3144 Mathiam
1423 3083 1593 3165 waarich
1612 3097 1647 3146 et

373 3191 544 3254 Nicolaum
568 3203 709 3251 sutorem
735 3191 863 3251 racione
887 3189 1054 3250 cuiusdam
1078 3189 1179 3252 fixure
1203 3209 1260 3250 seu
1284 3189 1427 3250 vulneris
1450 3209 1507 3272 per
1533 3189 1645 3272 ipsum

373 3299 542 3360 Nicolaum
568 3295 653 3375 facti,
678 3297 739 3358 isto
765 3296 875 3375 mod0,
901 3296 988 3378 quod
1018 3297 1123 3378 primo
1156 3297 1224 3378 ipse
1249 3297 1404 3358 Nicolaus
1428 3295 1558 3359 medico
1583 3297 1645 3358 lesi

374 3402 545 3466 satisfaciat
569 3415 600 3465 et
623 3403 682 3485 ipsi
707 3403 775 3464 leso
799 3403 912 3483 viginti
938 3403 1082 3484 quinque
1107 3422 1222 3485 pensas
1250 3402 1468 3482 denariorum,
1493 3403 1647 3486 quinque

374 3529 450 3571 vero
473 3529 588 3592 pensas
612 3507 731 3589 juratis.

481 3617 559 3678 Item
583 3615 676 3698 jurati
701 3615 935 3676 constituerunt
962 3615 1045 3676 inter
1069 3613 1240 3676 Nicolaum
1272 3614 1435 3676 medicum
1460 3627 1490 3676 et
1514 3614 1645 3698 Dyoni·

374 3725 468 3804 sium,
501 3723 589 3805 quod
614 3721 752 3784 Michael
785 3722 991 3802 baccalarius,
1019 3721 1166 3782 Thomas
1191 3721 1325 3784 Cbeden
1358 3735 1389 3783 et
1413 3721 1492 3782 Pero
1518 3719 1646 3784 faciant

373 3831 536 3892 racionem
561 3830 642 3890 inter
667 3828 798 3890 eosdem
822 3848 881 3911 pro
907 3828 1101 3910 quibusdam
1127 3827 1253 3891 debitis.

402 3931 406 3938 ’
478 3937 557 3999 ltem
581 3935 632 3998 hic
656 3935 716 3996 luit
740 3935 930 3996 secundario
955 3947 986 3995 et
1008 3933 1107 3995 tercio
1129 3934 1363 4016 proclamatum
1389 3952 1484 4014 super
1509 3933 1645 3994 vineam

374 4043 529 4105 lobannis
552 4043 680 4103 sartoris
705 4040 920 4103 Philchewich
951 4040 1039 4119 dicti,
1064 4040 1089 4100 si
1114 4039 1232 4121 aliquis
1255 4039 1387 4100 haberet
1410 4057 1505 4120 super
1523 4039 1648 4100 eadem

373 4151 467 4212 vinea
491 4148 559 4229 jura
582 4161 613 4209 et
637 4147 772 4209 literalia
791 4148 1013 4225 instrumenta,
1038 4165 1074 4208 ea
1096 4165 1205 4208 coram
1223 4145 1316 4206 nobis
1340 4144 1576 4228 producentur,
1596 4146 1648 4206 sin

373 4269 482 4317 autem
507 4274 583 4334 non,
609 4273 667 4315 noa
692 4254 783 4314 uxori
807 4273 864 4314 sue
888 4253 1040 4314 volumus
1064 4251 1139 4313 dare
1168 4265 1277 4312 nostra
1301 4249 1379 4333 jura.

480 4361 557 4422 ltem
594 4359 645 4421 hic
681 4358 741 4421 fuit
772 4359 919 4420 terciario
951 4358 1186 4440 proclamatum
1222 4377 1317 4440 supet
1348 4357 1475 4417 vineam
1509 4357 1651 4419 Andree

374 4467 544 4530 Zwlichicz
569 4467 623 4545 ita,
648 4479 682 4527 ut
706 4466 731 4526 si
756 4465 828 4546 quis
852 4464 914 4525 alia
938 4464 1006 4546 jura
1038 4484 1134 4546 super
1159 4464 1272 4526 eadem
1295 4464 1388 4524 vinea
1413 4462 1560 4540 haberet,
1593 4484 1652 4526 co-

374 4593 441 4636 ram
466 4573 560 4635 nobis
583 4573 785 4654 specietenus
809 4572 1052 4636 demonstraret.

480 4680 557 4741 ltem
582 4679 728 4740 Thomas
753 4678 879 4762 Glazyn
904 4693 1014 4742 contra
1036 4679 1236 4762 Stephanum
1259 4691 1401 4740 sutorem
1427 4677 1577 4740 secundo
1606 4681 1652 4742 ci·

373 4802 457 4852 tatus
481 4807 545 4849 non
572 4787 761 4869 comparuit.

479 4895 558 4955 ltem
593 4894 710 4955 Paulus
743 4893 869 4955 Italicus
901 4894 1051 4955 citaverat
1085 4892 1284 4975 Stephanum
1316 4891 1475 4974 juratum,
1508 4906 1542 4954 et
1579 4896 1654 4978 ipse

375 5003 493 5068 Paulus
518 5001 645 5066 Italicus
670 5019 733 5065 noa
759 5000 846 5065 venit
869 5000 907 5066 ad
932 4998 1099 5086 iudicium.
