3694 5782
780 465 865 520 Anno
888 459 982 540 1468.
1009 497 1047 506 -
1072 459 1124 524 26.
1140 463 1294 538 januarii.

511 675 587 737 Item
613 675 687 757 quia
720 675 856 736 condam
884 675 1005 756 Svmon
1038 693 1126 736 sutor
1151 677 1241 737 Sterk
1272 676 1387 753 dictus,
1412 676 1466 757 qui
1493 691 1539 736 est
1571 677 1660 736 inter·

405 783 505 844 lectus
529 802 585 864 per
610 781 763 843 Mathiam
789 795 941 859 sutorem,
967 783 1155 864 expurgavit
1184 782 1360 862 Georgium
1385 798 1527 842 sutorem
1552 783 1658 842 bekavi

404 892 536 968 dictum,
561 891 727 952 concivem
745 902 889 950 nostrum
906 909 1001 970 super
1026 889 1092 971 ipsa
1111 909 1187 950 nece
1205 908 1311 950 coram
1329 889 1438 950 multis
1455 890 1564 970 probis
1580 889 1660 952 viris.

451 1125 546 1198 Feria
576 1130 681 1198 tercia
710 1131 864 1216 proxima
891 1135 966 1216 post
994 1129 1118 1200 festum
1148 1127 1379 1200 Conversionis
1408 1131 1498 1198 beati
1528 1129 1621 1198 Pauli

958 1253 1114 1340 apostoli.

903 1402 969 1483 (26.
986 1405 1160 1484 januaria).

509 1547 587 1606 ltem
613 1547 709 1606 tercia
735 1546 802 1606 vice
820 1546 1054 1628 proclamatum
1079 1567 1174 1628 super
1198 1547 1289 1607 vinea
1307 1547 1441 1627 provide
1467 1547 1659 1626 Margaretlte

404 1653 557 1730 mulieris,
582 1653 691 1713 relicte
716 1653 853 1714 condam
878 1652 1034 1713 Anthonii
1060 1654 1134 1713 dicti
1161 1653 1366 1735 lvlychgolen,
1390 1653 1531 1713 concivis
1556 1653 1659 1729 nostri,

405 1759 436 1818 in
462 1759 622 1819 territorio
647 1758 729 1819 dicte
754 1760 891 1820 civitatis
915 1759 1033 1838 habita,
1058 1775 1104 1821 est
1121 1775 1167 1820 ter
1192 1760 1437 1840 proclamatum,
1463 1759 1550 1840 quod
1576 1759 1659 1819 litera

403 1865 546 1925 eiusdem
571 1879 617 1926 est
642 1865 806 1946 deperdita
832 1886 894 1947 que
925 1867 1040 1927 nullibi
1066 1866 1195 1948 reperiri
1213 1867 1328 1948 potuit,
1346 1866 1421 1927 ideo
1446 1865 1659 1927 commisimus

402 1971 506 2032 eidem
533 1972 641 2033 relicte
673 1985 704 2032 et
736 1971 895 2053 Gregorio
926 1973 993 2034 filio
1026 1973 1170 2034 eiusdem
1204 1973 1243 2034 de
1276 1992 1362 2033 novo
1388 1987 1434 2033 est
1466 1973 1570 2032 littera
1594 1971 1656 2030 dari

402 2078 583 2139 commissa.

510 2183 586 2245 ltem
612 2205 742 2247 consors
766 2186 850 2246 Petri
875 2185 1039 2268 Sydarych
1065 2201 1174 2248 contra
1192 2186 1381 2248 Thomasko
1405 2185 1595 2248 secundario
1619 2183 1657 2243 ci-

402 2306 465 2352 tata
489 2311 554 2352 non
580 2293 759 2374 comparuit
783 2311 890 2353 coram
916 2293 1010 2353 nobis
1035 2293 1066 2352 in
1091 2293 1221 2372 judicio.

510 2399 588 2459 Item
613 2399 688 2479 quia
714 2419 807 2459 causa
841 2399 922 2460 inter
947 2399 1145 2480 Stephanum
1177 2413 1318 2461 sutorem
1350 2397 1479 2460 fratrem
1506 2399 1588 2458 Luce
1611 2417 1657 2456 su·

401 2505 490 2584 toris,
514 2506 696 2566 concivium
722 2519 916 2582 nostrorum,
941 2520 971 2566 et
1004 2506 1085 2566 inter
1109 2505 1317 2566 Valentinum
1349 2505 1388 2566 de
1415 2505 1578 2566 Kralewcz
1614 2503 1656 2582 jo·

402 2612 573 2693 hagionem
599 2613 691 2674 castri
718 2613 853 2690 Medwe‚
879 2631 942 2693 que
975 2632 1070 2672 causa
1095 2627 1265 2693 prorogata
1298 2610 1356 2674 suit
1380 2613 1418 2672 ad
1447 2609 1656 2685 concordiam,

401 2719 481 2779 etsi
505 2719 699 2780 concordare
725 2739 788 2779 non
815 2731 965 2800 poterunt
989 2718 1117 2779 easdem
1142 2733 1256 2800 partes,
1281 2731 1396 2779 extunc
1420 2718 1533 2779 eedem
1559 2728 1657 2797 partes

401 2845 586 2906 comparere
610 2825 805 2887 tenebuntur
829 2825 869 2886 ad
895 2825 1035 2906 primum
1052 2825 1218 2906 judicium,
1243 2839 1274 2886 et
1297 2825 1373 2906 quia
1390 2825 1457 2906 ipse
1474 2822 1656 2884 Valentinus

401 2952 466 2992 non
491 2933 682 3014 comparuit,
701 2952 759 2994 nec
777 2931 969 2993 Benedictus
993 2931 1089 3012 judex
1113 2933 1168 3013 qui
1194 2946 1240 2994 est
1257 2931 1425 2993 fideiussor
1441 2929 1579 2992 eundem
1596 2947 1655 2988 non

400 3039 595 3120 presentavit
618 3038 657 3099 ad
682 3037 848 3118 judicium.

508 3145 585 3206 ltem
610 3146 691 3206 trina
716 3146 784 3206 vice
810 3159 856 3206 est
888 3145 1104 3226 proclamatus
1136 3144 1272 3206 Mathias
1302 3156 1401 3222 sutor,
1425 3143 1480 3224 qui
1507 3139 1655 3203 interfecit

405 3252 581 3334 Symonem
606 3265 747 3312 sutorem
774 3252 866 3313 Sterk
883 3250 1017 3330 dictum,
1041 3263 1076 3312 ut
1100 3251 1167 3332 ipse
1184 3251 1306 3311 veniret
1329 3249 1370 3311 ad
1395 3249 1548 3328 judicium
1573 3260 1601 3308 et
1623 3265 1653 3306 se

400 3373 572 3438 excusaret,
598 3359 652 3440 qui
667 3358 804 3419 Mathias
829 3359 860 3418 in
886 3359 976 3418 nullo
1000 3359 1094 3418 trium
1114 3356 1409 3438 proclamacionum
1433 3356 1568 3416 termino
1592 3372 1652 3413 non

399 3466 486 3525 venit
511 3485 568 3524 nec
592 3465 734 3545 aliquem
759 3484 817 3546 pro
834 3485 866 3524 se
892 3464 1017 3524 mittere
1042 3463 1174 3542 curavit,
1200 3463 1272 3524 ideo
1291 3463 1375 3524 bona
1400 3481 1456 3521 sua
1482 3475 1512 3522 et
1536 3475 1652 3540 posses·

399 3574 505 3633 siones
529 3573 561 3632 in
585 3572 667 3632 dicta
693 3573 820 3633 civitate
845 3585 875 3632 et
899 3572 966 3632 eius
990 3570 1149 3632 territorio
1172 3569 1291 3648 habite,
1315 3584 1420 3650 preter
1444 3567 1559 3644 debita,
1581 3583 1652 3625 con·

400 3678 633 3740 descenderunt
659 3679 690 3738 in
723 3677 862 3758 judicem
886 3691 916 3738 et
948 3677 1068 3758 juratos
1101 3689 1131 3737 et
1154 3689 1254 3736 totam
1287 3675 1548 3736 communitatem
1574 3671 1653 3731 dicte

400 3799 545 3847 civitatis.
