3738 5786
402 513 460 574 126
821 515 907 571 Anno
929 525 1018 591 1457.
1071 547 1084 555 -
1109 508 1139 572 ό.
1163 513 1243 572 maii.

503 725 580 786 Item
606 725 763 785 Martinus
785 736 887 786 sartor
903 722 987 785 filius
1005 723 1102 784 Marci
1122 739 1230 784 contra
1255 721 1421 783 dominam
1447 719 1655 782 Scolasticam

395 833 488 894 aliter
512 832 611 893 Ztana
636 845 780 892 vocatam
806 830 909 912 jurare
933 831 1093 892 tenebitur
1117 844 1231 891 octavo
1256 829 1308 891 die
1330 847 1427 910 super
1450 847 1537 888 aram
1561 845 1658 909 super

397 959 447 1017 eo,
471 952 507 1000 ut
531 938 598 1020 ipse
616 939 772 999 Martinus
790 951 891 999 sartor
910 937 1036 999 Andree
1056 936 1153 1016 judici
1178 936 1264 997 dicto
1283 934 1350 996 Lah
1367 935 1405 995 de
1431 934 1494 995 illis
1510 933 1656 1015 pecuniis

396 1065 474 1126 quas
500 1045 565 1126 ipse
591 1044 736 1106 Andreas
760 1042 856 1124 judex
881 1043 948 1104 Lah
974 1043 1032 1124 ipsi
1051 1043 1190 1103 Martino
1214 1041 1325 1102 sartori
1343 1041 1431 1123 olym
1456 1053 1660 1102 concesserat

398 1151 457 1212 sub
481 1169 536 1232 spe
560 1149 786 1228 restitucionis,
815 1149 913 1211 nichil
938 1149 1065 1232 penitus
1085 1148 1243 1210 debitorie
1260 1147 1421 1229 obligatur
1446 1166 1504 1208 nec
1521 1159 1660 1223 tenetur,

397 1257 452 1318 sed
478 1257 562 1338 ipsas
586 1257 737 1338 pecunias
761 1255 860 1338 ipsius
883 1256 1012 1317 Andree
1036 1254 1151 1336 judicis
1183 1255 1287 1316 eidem
1312 1254 1442 1315 Andree
1466 1252 1564 1335 judici
1590 1253 1658 1315 Lah

397 1363 483 1425 dicto
508 1363 648 1425 totaliter
672 1361 835 1443 persolvit.

503 1486 580 1548 ltem
605 1485 701 1568 judex
726 1500 757 1547 et
780 1485 873 1567 jurati
898 1485 1043 1547 moderni
1078 1485 1222 1547 lecerunt
1244 1485 1383 1566 graciam
1411 1485 1503 1546 Petro
1533 1483 1658 1566 lvvsych

401 1613 497 1674 super
530 1593 668 1674 birsagio
693 1593 750 1654 illo
782 1594 904 1674 inquo
936 1592 1040 1675 pridie
1068 1605 1197 1675 propter
1220 1591 1281 1652 hoc
1306 1589 1408 1652 luerat
1435 1590 1663 1670 inbirsagiatus

397 1700 429 1760 in
462 1700 602 1780 birsagio
633 1713 797 1778 consveto,
829 1698 917 1781 quod
949 1697 1027 1760 feria
1051 1711 1137 1760 sexta
1168 1697 1313 1780 proxime
1345 1697 1493 1778 preterita
1519 1697 1550 1757 in
1576 1695 1660 1777 judi·

397 1805 480 1866 cium
507 1819 617 1867 contra
649 1805 820 1866 Nicolaum
851 1819 992 1866 sutorem
1024 1823 1089 1866 non
1124 1817 1346 1886 comparuerat
1378 1823 1482 1886 neque
1515 1817 1659 1882 venerat,

396 1911 453 1972 sed
478 1911 581 1993 ipsum
606 1911 781 1974 terminum
806 1909 1014 1993 comparendi
1047 1911 1239 1990 neglexerat.

503 2035 579 2097 ltem
605 2035 680 2117 quia
705 2039 800 2096 Anna
824 2033 921 2096 vidua
957 2034 1066 2096 relicta
1091 2035 1229 2096 condam
1259 2034 1342 2096 Petri
1368 2033 1473 2116 Crispi
1499 2034 1588 2116 olym
1613 2032 1663 2114 ju·

398 2143 456 2203 rati
482 2155 513 2204 et
537 2142 678 2204 concivis
694 2143 805 2219 nostri,
822 2140 1037 2223 juramentum
1063 2140 1122 2202 sibi
1137 2141 1168 2202 in
1187 2139 1269 2203 lacto
1286 2141 1455 2202 cuiusdam
1479 2140 1558 2202 silve
1575 2140 1665 2222 Dyo·

400 2249 472 2310 nisii
498 2248 573 2310 dicti
598 2249 772 2331 Wodopya
799 2248 829 2309 in
855 2267 894 2311 eo
919 2248 1021 2330 pridie
1053 2246 1283 2326 adiudicatum,
1308 2261 1344 2308 ut
1368 2247 1434 2330 ipsa
1461 2247 1493 2308 in
1520 2247 1664 2328 predicta

396 2355 476 2417 silva
508 2355 608 2437 ipsius
639 2355 786 2438 Dyonisii
818 2355 993 2436 Wodopya
1025 2374 1081 2414 seu
1111 2353 1204 2414 vinea
1233 2353 1301 2414 eius
1332 2353 1458 2414 nullum
1484 2353 1664 2434 dampnum

398 2460 534 2540 lecisset,
567 2461 662 2523 hodie
694 2461 830 2543 prestitit
854 2475 885 2522 et
910 2460 1076 2542 deposuit,
1110 2459 1183 2520 ideo
1215 2459 1351 2520 eandem
1377 2463 1503 2520 Annam
1530 2457 1665 2520 viduam

399 2568 527 2630 racione
552 2567 768 2649 deposicionis
793 2567 891 2649 ipsius
923 2567 1093 2648 juramenti
1118 2579 1149 2628 et
1180 2567 1219 2627 ab
1248 2567 1378 2627 accione
1404 2565 1550 2628 eiusdem
1574 2565 1664 2648 Dyo·

397 2675 470 2736 nisii
495 2674 603 2756 previa
629 2672 668 2734 de
693 2675 821 2735 racione
845 2672 1046 2735 reddidimus
1070 2671 1138 2733 lore
1163 2672 1344 2754 expeditam
1370 2687 1401 2732 et
1425 2672 1618 2734 absolutam.

505 2799 582 2860 ltem
607 2799 681 2859 licet
705 2797 835 2880 Mathye
860 2796 1034 2880 waarych
1067 2795 1133 2858 filio
1158 2797 1297 2858 condam
1324 2797 1492 2858 laurencii
1517 2797 1550 2858 in
1576 2795 1663 2858 lacto

398 2924 586 2968 cancrorum
612 2904 827 2986 quorumdam
846 2903 1062 2984 juramentum
1088 2917 1198 2965 contra
1215 2903 1380 2985 Filippum
1405 2917 1546 2965 sutorem
1574 2904 1666 2965 ineo

398 3012 617 3095 adjudicatum
650 3009 760 3072 luisset
792 3030 848 3092 per
880 3011 1010 3090 juratos,
1042 3023 1077 3070 ut
1101 3011 1169 3091 ipse
1201 3011 1361 3092 predictos
1385 3029 1516 3071 cancros
1541 3029 1599 3070 nec
1625 3011 1667 3071 ab

398 3120 467 3202 ipso
492 3118 621 3199 Filippo
638 3131 746 3179 sutore
770 3137 864 3179 neca
887 3117 986 3178 domo
1008 3137 1063 3178 sua
1082 3117 1305 3198 potencialiter
1329 3116 1516 3198 recepisset;
1541 3131 1573 3178 et
1590 3117 1668 3178 licet

399 3225 466 3308 ipse
491 3223 637 3307 Mathyas
662 3223 837 3306 waarych
863 3223 967 3305 ipsum
993 3224 1209 3306 juramentum
1227 3224 1287 3284 sibi
1313 3243 1369 3305 per
1393 3223 1513 3302 juratos
1537 3222 1667 3303 adjudi-

400 3345 505 3392 catum
531 3330 628 3391 hodie
646 3330 807 3411 deponere
833 3343 863 3390 et
880 3343 1020 3411 prestare
1037 3344 1104 3390 erat
1128 3343 1255 3410 paratus
1280 3343 1311 3391 et
1328 3329 1368 3391 de
1392 3328 1476 3391 lacto
1501 3329 1667 3411 deponere

399 3453 430 3499 et
454 3451 593 3520 prestare
617 3436 782 3514 voluisset,
806 3451 912 3498 tamen
939 3437 1013 3517 quia
1038 3437 1106 3518 ipse
1130 3436 1276 3518 Filippus
1300 3455 1533 3517 recognoscens
1558 3436 1669 3518 ipsum

401 3543 565 3627 lvlathyam
591 3544 622 3604 in
648 3544 807 3604 dictorum
838 3561 1026 3604 cancrorum
1050 3541 1132 3604 lacto
1155 3563 1223 3604 esse
1256 3543 1390 3604 omnino
1416 3541 1533 3622 justum
1560 3555 1592 3604 et
1616 3543 1669 3603 in-

399 3651 543 3729 noxium,
575 3650 731 3732 recipiens
754 3663 817 3710 tres
849 3648 997 3710 denarios
1029 3649 1229 3711 viennenses
1256 3651 1295 3710 ab
1328 3649 1444 3710 eodem
1469 3668 1527 3731 pro
1553 3648 1668 3730 precio

399 3757 586 3818 eorumdem
606 3774 804 3834 cancrorum,
829 3755 968 3816 eundem
988 3755 1151 3838 Mathyam
1170 3755 1345 3838 waarych
1363 3755 1491 3816 racione
1517 3755 1665 3836 ipsorum

401 3882 589 3925 cancrorum
615 3876 645 3923 et
680 3862 807 3923 racione
840 3861 939 3944 ipsius
970 3861 1186 3943 deposicionis
1218 3862 1293 3924 dicti
1326 3861 1497 3942 juramenti
1522 3861 1690 3923 reddidit·

398 3983 429 4030 et
453 3967 528 4030 lecit
551 3969 685 4030 omnino
711 3968 855 4049 quietum
881 3983 912 4029 et
936 3969 1120 4050 expeditum
1153 3988 1189 4029 ac
1212 3969 1348 4030 omnino
1374 3967 1559 4029 absolutum
1583 3981 1670 4028 tam·

398 4095 496 4156 quam
520 4075 685 4136 hominem
709 4073 828 4154 justum
854 4088 885 4136 et
908 4075 1087 4136 innoxium.

505 4199 583 4259 ltem
608 4199 682 4279 quia
709 4198 847 4260 Michael
865 4199 968 4260 dictus
992 4198 1173 4281 lagychyclr
1192 4198 1410 4279 juramentum
1435 4199 1494 4260 sibi
1522 4199 1554 4260 in
1580 4196 1671 4260 lacto

401 4303 565 4364 cuiusdam
590 4303 770 4365 volutabuli
802 4304 900 4384 vulgo
933 4305 994 4364 vval
1019 4305 1106 4381 dicti,
1139 4319 1249 4366 contra
1283 4305 1411 4376 Petrum
1437 4305 1580 4387 Dragyn‚
1605 4305 1671 4366 sibi

401 4427 458 4489 per
482 4408 601 4486 juratos
625 4411 726 4490 pridie
752 4430 846 4492 super
863 4430 902 4472 eo
926 4409 1146 4490 adjudicatum
1160 4431 1216 4493 per
1233 4411 1364 4490 juratos,
1381 4425 1416 4474 ut
1441 4411 1509 4494 ipse
1527 4411 1672 4474 Michael

402 4513 505 4594 ipsum
531 4515 756 4576 volutabulum
781 4535 845 4577 non
869 4517 1062 4578 desecuisset
1087 4518 1193 4578 necin
1220 4538 1258 4580 eo
1276 4518 1394 4599 aliquis
1418 4515 1674 4600 dampnificator

403 4617 522 4698 fuisset,
541 4620 637 4681 hodie
655 4621 740 4682 idem
757 4621 971 4702 juramentum
990 4624 1049 4684 sibi
1067 4614 1285 4703 adjudicatum
1301 4624 1387 4685 idem
1412 4623 1550 4685 Michael
1568 4623 1674 4686 hodie

402 4725 538 4805 prestitit
562 4737 592 4786 et
609 4726 767 4807 deposuit,
785 4727 924 4808 ideoque
942 4729 1047 4810 ipsum
1073 4729 1266 4790 Michaelem
1284 4730 1412 4791 racione
1430 4729 1513 4791 dicte
1537 4729 1674 4812 deposi-

403 4829 505 4891 cionis
539 4831 637 4912 ipsius
672 4833 842 4914 juramenti
886 4835 1086 4896 reddidimus
1130 4834 1197 4897 lore
1234 4836 1420 4918 expeditum
1457 4850 1488 4900 et
1530 4835 1674 4900 omnino

402 4936 593 4999 absolutum.
