<?xml version="1.0" encoding="UTF-8"?>
<!DOCTYPE html PUBLIC "-//W3C//DTD XHTML 1.0 Transitional//EN"
    "http://www.w3.org/TR/xhtml1/DTD/xhtml1-transitional.dtd">
<html xmlns="http://www.w3.org/1999/xhtml" xml:lang="en" lang="en">
 <head>
  <title>
</title>
<meta http-equiv="Content-Type" content="text/html;charset=utf-8" />
  <meta name='ocr-system' content='tesseract 3.04.00' />
  <meta name='ocr-capabilities' content='ocr_page ocr_carea ocr_par ocr_line ocrx_word'/>
</head>
<body>
  <div class='ocr_page' id='page_1' title='image "./monumentahistor13laszgoog_0247.png"; bbox 0 0 3644 5788; ppageno 0'>
   <div class='ocr_carea' id='block_1_1' title="bbox 554 535 1012 618">
    <p class='ocr_par' dir='ltr' id='par_1_1' title="bbox 554 535 1012 618">
     <span class='ocr_line' id='line_1_1' title="bbox 554 535 1012 618; baseline 0.004 -20"><span class='ocrx_word' id='word_1_1' title='bbox 554 535 758 618; x_wconf 79' lang='lat' dir='ltr'>Anno1460.</span> <span class='ocrx_word' id='word_1_2' title='bbox 786 573 828 584; x_wconf 89' lang='lat'>-</span> <span class='ocrx_word' id='word_1_3' title='bbox 850 549 879 616; x_wconf 91' lang='lat'>7.</span> <span class='ocrx_word' id='word_1_4' title='bbox 903 540 1012 600; x_wconf 77' lang='lat' dir='ltr'>martii.</span> 
     </span>
    </p>
   </div>
   <div class='ocr_carea' id='block_1_2' title="bbox 615 749 1076 2216">
    <p class='ocr_par' dir='ltr' id='par_1_2' title="bbox 615 749 1076 2216">
     <span class='ocr_line' id='line_1_2' title="bbox 616 749 918 832; baseline 0 -20"><span class='ocrx_word' id='word_1_5' title='bbox 616 749 797 832; x_wconf 78' lang='lat' dir='ltr'>Gregorius</span> <span class='ocrx_word' id='word_1_6' title='bbox 820 765 918 812; x_wconf 89' lang='lat' dir='ltr'>sutor.</span> 
     </span>
     <span class='ocr_line' id='line_1_3' title="bbox 620 857 885 920; baseline 0.004 -2"><span class='ocrx_word' id='word_1_7' title='bbox 620 857 764 918; x_wconf 83' lang='lat' dir='ltr'>Thomas</span> <span class='ocrx_word' id='word_1_8' title='bbox 787 871 885 920; x_wconf 88' lang='lat' dir='ltr'>sutor.</span> 
     </span>
     <span class='ocr_line' id='line_1_4' title="bbox 615 961 1076 1025; baseline 0.004 -3"><span class='ocrx_word' id='word_1_9' title='bbox 615 961 741 1024; x_wconf 88' lang='lat' dir='ltr'>lwanua</span> <span class='ocrx_word' id='word_1_10' title='bbox 764 975 866 1025; x_wconf 88' lang='lat' dir='ltr'>sartor</span> <span class='ocrx_word' id='word_1_11' title='bbox 890 962 1076 1024; x_wconf 88' lang='lat' dir='ltr'>Weuthich.</span> 
     </span>
     <span class='ocr_line' id='line_1_5' title="bbox 620 1068 957 1152; baseline 0.006 -23"><span class='ocrx_word' id='word_1_12' title='bbox 620 1068 757 1130; x_wconf 87' lang='lat' dir='ltr'>Mathias</span> <span class='ocrx_word' id='word_1_13' title='bbox 781 1068 957 1152; x_wconf 89' lang='lat' dir='ltr'>Pyvvaticb.</span> 
     </span>
     <span class='ocr_line' id='line_1_6' title="bbox 616 1174 953 1237; baseline 0.006 -3"><span class='ocrx_word' id='word_1_14' title='bbox 616 1174 729 1237; x_wconf 86' lang='lat' dir='ltr'>Petrus</span> <span class='ocrx_word' id='word_1_15' title='bbox 754 1174 953 1237; x_wconf 85' lang='lat' dir='ltr'>Mechotreb.</span> 
     </span>
     <span class='ocr_line' id='line_1_7' title="bbox 616 1281 946 1364; baseline 0.006 -22"><span class='ocrx_word' id='word_1_16' title='bbox 616 1281 703 1343; x_wconf 88' lang='lat' dir='ltr'>Elias</span> <span class='ocrx_word' id='word_1_17' title='bbox 727 1296 946 1364; x_wconf 87' lang='lat' dir='ltr'>campanator.</span> 
     </span>
     <span class='ocr_line' id='line_1_8' title="bbox 616 1389 906 1470; baseline 0.003 -20"><span class='ocrx_word' id='word_1_18' title='bbox 616 1389 730 1451; x_wconf 90' lang='lat' dir='ltr'>Berlek</span> <span class='ocrx_word' id='word_1_19' title='bbox 755 1389 906 1470; x_wconf 87' lang='lat' dir='ltr'>agricola.</span> 
     </span>
     <span class='ocr_line' id='line_1_9' title="bbox 616 1494 959 1578; baseline 0.006 -22"><span class='ocrx_word' id='word_1_20' title='bbox 616 1494 785 1578; x_wconf 78' lang='lat' dir='ltr'>Philippus</span> <span class='ocrx_word' id='word_1_21' title='bbox 808 1495 959 1578; x_wconf 88' lang='lat' dir='ltr'>frenipar.</span> 
     </span>
     <span class='ocr_line' id='line_1_10' title="bbox 618 1601 908 1685; baseline 0.007 -23"><span class='ocrx_word' id='word_1_22' title='bbox 618 1601 788 1685; x_wconf 86' lang='lat' dir='ltr'><strong>Philippus</strong></span> <span class='ocrx_word' id='word_1_23' title='bbox 810 1615 908 1664; x_wconf 87' lang='lat' dir='ltr'>autor.</span> 
     </span>
     <span class='ocr_line' id='line_1_11' title="bbox 618 1707 894 1771; baseline 0.004 -1"><span class='ocrx_word' id='word_1_24' title='bbox 618 1707 772 1770; x_wconf 84' lang='lat' dir='ltr'><strong>Clemens</strong></span> <span class='ocrx_word' id='word_1_25' title='bbox 795 1721 894 1771; x_wconf 89' lang='lat' dir='ltr'>sutor.</span> 
     </span>
     <span class='ocr_line' id='line_1_12' title="bbox 619 1814 923 1879; baseline 0.013 -4"><span class='ocrx_word' id='word_1_26' title='bbox 619 1814 802 1876; x_wconf 87' lang='lat' dir='ltr'>Demetrius</span> <span class='ocrx_word' id='word_1_27' title='bbox 824 1829 923 1879; x_wconf 90' lang='lat' dir='ltr'>sutor.</span> 
     </span>
     <span class='ocr_line' id='line_1_13' title="bbox 618 1920 897 1986; baseline 0.011 -4"><span class='ocrx_word' id='word_1_28' title='bbox 618 1920 763 1982; x_wconf 83' lang='lat' dir='ltr'>Thomas</span> <span class='ocrx_word' id='word_1_29' title='bbox 787 1938 897 1986; x_wconf 82' lang='lat' dir='ltr'>sartor.</span> 
     </span>
     <span class='ocr_line' id='line_1_14' title="bbox 618 2026 923 2110; baseline 0.013 -24"><span class='ocrx_word' id='word_1_30' title='bbox 618 2026 756 2110; x_wconf 89' lang='lat' dir='ltr'>Zthoysa</span> <span class='ocrx_word' id='word_1_31' title='bbox 783 2027 923 2110; x_wconf 83' lang='lat' dir='ltr'>pellifex.</span> 
     </span>
     <span class='ocr_line' id='line_1_15' title="bbox 616 2133 885 2216; baseline 0.011 -23"><span class='ocrx_word' id='word_1_32' title='bbox 616 2133 717 2194; x_wconf 89' lang='lat' dir='ltr'>Janko</span> <span class='ocrx_word' id='word_1_33' title='bbox 742 2153 885 2216; x_wconf 90' lang='lat' dir='ltr'>arcupar.</span> 
     </span>
    </p>
   </div>
   <div class='ocr_carea' id='block_1_3' title="bbox 160 2341 1414 3384">
    <p class='ocr_par' dir='ltr' id='par_1_3' title="bbox 160 2341 1414 3169">
     <span class='ocr_line' id='line_1_16' title="bbox 253 2341 1412 2428; baseline 0.002 -24"><span class='ocrx_word' id='word_1_34' title='bbox 253 2343 332 2404; x_wconf 88' lang='lat' dir='ltr'>ltem</span> <span class='ocrx_word' id='word_1_35' title='bbox 357 2341 469 2425; x_wconf 87' lang='lat' dir='ltr'>prefati</span> <span class='ocrx_word' id='word_1_36' title='bbox 505 2343 628 2404; x_wconf 88' lang='lat' dir='ltr'>Blasius</span> <span class='ocrx_word' id='word_1_37' title='bbox 659 2343 754 2424; x_wconf 88' lang='lat' dir='ltr'>judex</span> <span class='ocrx_word' id='word_1_38' title='bbox 787 2357 817 2407; x_wconf 89' lang='lat' dir='ltr'>et</span> <span class='ocrx_word' id='word_1_39' title='bbox 841 2345 933 2428; x_wconf 89' lang='lat' dir='ltr'>jurati</span> <span class='ocrx_word' id='word_1_40' title='bbox 967 2366 1002 2408; x_wconf 94' lang='lat' dir='ltr'>ac</span> <span class='ocrx_word' id='word_1_41' title='bbox 1027 2347 1201 2408; x_wconf 87' lang='lat' dir='ltr'>consiliarii</span> <span class='ocrx_word' id='word_1_42' title='bbox 1234 2366 1307 2408; x_wconf 83' lang='lat' dir='ltr'>cunr</span> <span class='ocrx_word' id='word_1_43' title='bbox 1339 2365 1412 2407; x_wconf 94' lang='lat' dir='ltr'>con-</span> 
     </span>
     <span class='ocr_line' id='line_1_17' title="bbox 160 2449 1413 2515; baseline 0.005 -7"><span class='ocrx_word' id='word_1_44' title='bbox 160 2469 244 2509; x_wconf 83' lang='lat' dir='ltr'>sensu</span> <span class='ocrx_word' id='word_1_45' title='bbox 269 2463 297 2511; x_wconf 90' lang='lat' dir='ltr'>et</span> <span class='ocrx_word' id='word_1_46' title='bbox 322 2449 549 2511; x_wconf 85' lang='lat' dir='ltr'>commissione</span> <span class='ocrx_word' id='word_1_47' title='bbox 583 2463 614 2512; x_wconf 90' lang='lat' dir='ltr'>et</span> <span class='ocrx_word' id='word_1_48' title='bbox 640 2452 784 2512; x_wconf 89' lang='lat' dir='ltr'>unanimi</span> <span class='ocrx_word' id='word_1_49' title='bbox 809 2465 840 2514; x_wconf 91' lang='lat' dir='ltr'>et</span> <span class='ocrx_word' id='word_1_50' title='bbox 865 2453 1016 2514; x_wconf 85' lang='lat' dir='ltr'>concordi</span> <span class='ocrx_word' id='word_1_51' title='bbox 1041 2453 1205 2515; x_wconf 92' lang='lat' dir='ltr'>voluntate</span> <span class='ocrx_word' id='word_1_52' title='bbox 1231 2465 1261 2514; x_wconf 91' lang='lat' dir='ltr'>et</span> <span class='ocrx_word' id='word_1_53' title='bbox 1285 2453 1413 2514; x_wconf 89' lang='lat' dir='ltr'>decreto</span> 
     </span>
     <span class='ocr_line' id='line_1_18' title="bbox 160 2555 1412 2642; baseline 0.003 -27"><span class='ocrx_word' id='word_1_54' title='bbox 160 2555 252 2616; x_wconf 86' lang='lat' dir='ltr'>tocius</span> <span class='ocrx_word' id='word_1_55' title='bbox 275 2557 514 2618; x_wconf 79' lang='lat' dir='ltr'>communitatis</span> <span class='ocrx_word' id='word_1_56' title='bbox 539 2557 648 2618; x_wconf 89' lang='lat' dir='ltr'>omnia</span> <span class='ocrx_word' id='word_1_57' title='bbox 666 2557 791 2618; x_wconf 90' lang='lat' dir='ltr'>decreta</span> <span class='ocrx_word' id='word_1_58' title='bbox 813 2571 844 2620; x_wconf 90' lang='lat' dir='ltr'>et</span> <span class='ocrx_word' id='word_1_59' title='bbox 864 2555 979 2620; x_wconf 86' lang='lat' dir='ltr'>statuta</span> <span class='ocrx_word' id='word_1_60' title='bbox 1004 2573 1069 2620; x_wconf 90' lang='lat' dir='ltr'>tam</span> <span class='ocrx_word' id='word_1_61' title='bbox 1093 2559 1125 2620; x_wconf 92' lang='lat' dir='ltr'>in</span> <span class='ocrx_word' id='word_1_62' title='bbox 1150 2559 1289 2642; x_wconf 88' lang='lat' dir='ltr'>presenti</span> <span class='ocrx_word' id='word_1_63' title='bbox 1315 2578 1412 2639; x_wconf 91' lang='lat' dir='ltr'>quam</span> 
     </span>
     <span class='ocr_line' id='line_1_19' title="bbox 160 2661 1413 2748; baseline 0.004 -29"><span class='ocrx_word' id='word_1_64' title='bbox 160 2661 185 2720; x_wconf 93' lang='lat' dir='ltr'>in</span> <span class='ocrx_word' id='word_1_65' title='bbox 212 2661 346 2742; x_wconf 83' lang='lat' dir='ltr'>antiquis</span> <span class='ocrx_word' id='word_1_66' title='bbox 370 2661 531 2724; x_wconf 85' lang='lat' dir='ltr'>kathernia</span> <span class='ocrx_word' id='word_1_67' title='bbox 551 2663 668 2725; x_wconf 88' lang='lat' dir='ltr'>nostris</span> <span class='ocrx_word' id='word_1_68' title='bbox 693 2677 841 2726; x_wconf 91' lang='lat' dir='ltr'>contenta</span> <span class='ocrx_word' id='word_1_69' title='bbox 860 2679 889 2726; x_wconf 90' lang='lat' dir='ltr'>et</span> <span class='ocrx_word' id='word_1_70' title='bbox 920 2666 1047 2748; x_wconf 83' lang='lat' dir='ltr'>scripta,</span> <span class='ocrx_word' id='word_1_71' title='bbox 1072 2665 1179 2747; x_wconf 90' lang='lat' dir='ltr'>quoad</span> <span class='ocrx_word' id='word_1_72' title='bbox 1204 2684 1317 2726; x_wconf 85' lang='lat' dir='ltr'>omnes</span> <span class='ocrx_word' id='word_1_73' title='bbox 1340 2663 1413 2724; x_wconf 90' lang='lat' dir='ltr'>arti-</span> 
     </span>
     <span class='ocr_line' id='line_1_20' title="bbox 160 2767 1412 2850; baseline 0.002 -23"><span class='ocrx_word' id='word_1_74' title='bbox 160 2767 242 2828; x_wconf 82' lang='lat' dir='ltr'>culos</span> <span class='ocrx_word' id='word_1_75' title='bbox 264 2780 293 2829; x_wconf 91' lang='lat' dir='ltr'>et</span> <span class='ocrx_word' id='word_1_76' title='bbox 325 2781 441 2850; x_wconf 90' lang='lat' dir='ltr'>puncta</span> <span class='ocrx_word' id='word_1_77' title='bbox 466 2787 502 2830; x_wconf 90' lang='lat' dir='ltr'>ac</span> <span class='ocrx_word' id='word_1_78' title='bbox 527 2769 685 2830; x_wconf 82' lang='lat' dir='ltr'>clausulas</span> <span class='ocrx_word' id='word_1_79' title='bbox 709 2770 897 2832; x_wconf 89' lang='lat' dir='ltr'>eorumdem</span> <span class='ocrx_word' id='word_1_80' title='bbox 925 2785 1116 2833; x_wconf 90' lang='lat' dir='ltr'>statutorum</span> <span class='ocrx_word' id='word_1_81' title='bbox 1149 2785 1179 2832; x_wconf 88' lang='lat' dir='ltr'>et</span> <span class='ocrx_word' id='word_1_82' title='bbox 1210 2770 1412 2832; x_wconf 88' lang='lat' dir='ltr'>decretorum</span> 
     </span>
     <span class='ocr_line' id='line_1_21' title="bbox 161 2874 1414 2958; baseline 0.002 -24"><span class='ocrx_word' id='word_1_83' title='bbox 161 2893 213 2953; x_wconf 82' lang='lat' dir='ltr'>per</span> <span class='ocrx_word' id='word_1_84' title='bbox 235 2887 331 2935; x_wconf 90' lang='lat' dir='ltr'>totum</span> <span class='ocrx_word' id='word_1_85' title='bbox 357 2895 478 2936; x_wconf 89' lang='lat' dir='ltr'>annum</span> <span class='ocrx_word' id='word_1_86' title='bbox 503 2876 657 2958; x_wconf 89' lang='lat' dir='ltr'>presentis</span> <span class='ocrx_word' id='word_1_87' title='bbox 687 2874 845 2956; x_wconf 87' lang='lat' dir='ltr'>judicatus</span> <span class='ocrx_word' id='word_1_88' title='bbox 870 2877 969 2958; x_wconf 89' lang='lat' dir='ltr'>ipsius</span> <span class='ocrx_word' id='word_1_89' title='bbox 994 2877 1090 2940; x_wconf 86' lang='lat' dir='ltr'>Blasii</span> <span class='ocrx_word' id='word_1_90' title='bbox 1117 2877 1231 2958; x_wconf 87' lang='lat' dir='ltr'>judicis</span> <span class='ocrx_word' id='word_1_91' title='bbox 1256 2889 1287 2938; x_wconf 90' lang='lat' dir='ltr'>et</span> <span class='ocrx_word' id='word_1_92' title='bbox 1303 2895 1414 2938; x_wconf 86' lang='lat' dir='ltr'>conse·</span> 
     </span>
     <span class='ocr_line' id='line_1_22' title="bbox 162 2982 1414 3065; baseline 0.002 -24"><span class='ocrx_word' id='word_1_93' title='bbox 162 2994 287 3060; x_wconf 87' lang='lat' dir='ltr'>quenter</span> <span class='ocrx_word' id='word_1_94' title='bbox 309 2995 340 3044; x_wconf 93' lang='lat' dir='ltr'>et</span> <span class='ocrx_word' id='word_1_95' title='bbox 364 2982 515 3064; x_wconf 86' lang='lat' dir='ltr'>deinceps</span> <span class='ocrx_word' id='word_1_96' title='bbox 538 2983 606 3064; x_wconf 89' lang='lat' dir='ltr'>jure</span> <span class='ocrx_word' id='word_1_97' title='bbox 631 2998 786 3065; x_wconf 89' lang='lat' dir='ltr'>perpetuo</span> <span class='ocrx_word' id='word_1_98' title='bbox 815 2997 846 3046; x_wconf 87' lang='lat' dir='ltr'>et</span> <span class='ocrx_word' id='word_1_99' title='bbox 870 2985 1119 3046; x_wconf 84' lang='lat' dir='ltr'>irrevocabiliter</span> <span class='ocrx_word' id='word_1_100' title='bbox 1143 2983 1414 3046; x_wconf 87' lang='lat' dir='ltr'>confirmaverunt</span> 
     </span>
     <span class='ocr_line' id='line_1_23' title="bbox 165 3087 883 3169; baseline 0.008 -23"><span class='ocrx_word' id='word_1_101' title='bbox 165 3105 278 3169; x_wconf 86' lang='lat' dir='ltr'>semper</span> <span class='ocrx_word' id='word_1_102' title='bbox 300 3088 434 3150; x_wconf 89' lang='lat' dir='ltr'>valitura</span> <span class='ocrx_word' id='word_1_103' title='bbox 459 3103 490 3150; x_wconf 89' lang='lat' dir='ltr'>et</span> <span class='ocrx_word' id='word_1_104' title='bbox 518 3087 650 3150; x_wconf 85' lang='lat' dir='ltr'>firmiter</span> <span class='ocrx_word' id='word_1_105' title='bbox 674 3091 883 3152; x_wconf 88' lang='lat' dir='ltr'>observanda.</span> 
     </span>
    </p>

    <p class='ocr_par' dir='ltr' id='par_1_4' title="bbox 166 3194 1412 3384">
     <span class='ocr_line' id='line_1_24' title="bbox 258 3194 1412 3278; baseline 0.002 -24"><span class='ocrx_word' id='word_1_106' title='bbox 258 3194 333 3255; x_wconf 89' lang='lat' dir='ltr'>ltem</span> <span class='ocrx_word' id='word_1_107' title='bbox 358 3195 466 3256; x_wconf 89' lang='lat' dir='ltr'>relicta</span> <span class='ocrx_word' id='word_1_108' title='bbox 493 3195 630 3256; x_wconf 87' lang='lat' dir='ltr'>condam</span> <span class='ocrx_word' id='word_1_109' title='bbox 655 3195 753 3257; x_wconf 87' lang='lat' dir='ltr'>Blasii</span> <span class='ocrx_word' id='word_1_110' title='bbox 785 3195 901 3278; x_wconf 87' lang='lat' dir='ltr'>judicis</span> <span class='ocrx_word' id='word_1_111' title='bbox 933 3209 1043 3258; x_wconf 93' lang='lat' dir='ltr'>contra</span> <span class='ocrx_word' id='word_1_112' title='bbox 1073 3196 1247 3257; x_wconf 82' lang='lat' dir='ltr'>Martinam</span> <span class='ocrx_word' id='word_1_113' title='bbox 1273 3195 1412 3278; x_wconf 88' lang='lat' dir='ltr'>judicem</span> 
     </span>
     <span class='ocr_line' id='line_1_25' title="bbox 166 3298 680 3384; baseline 0.01 -26"><span class='ocrx_word' id='word_1_114' title='bbox 166 3298 259 3378; x_wconf 90' lang='lat' dir='ltr'>primo</span> <span class='ocrx_word' id='word_1_115' title='bbox 283 3301 374 3362; x_wconf 88' lang='lat' dir='ltr'>citata</span> <span class='ocrx_word' id='word_1_116' title='bbox 400 3320 465 3362; x_wconf 92' lang='lat' dir='ltr'>non</span> <span class='ocrx_word' id='word_1_117' title='bbox 490 3301 680 3384; x_wconf 86' lang='lat' dir='ltr'>comparuit.</span> 
     </span>
    </p>
   </div>
   <div class='ocr_carea' id='block_1_4' title="bbox 162 3423 1413 5105">
    <p class='ocr_par' dir='ltr' id='par_1_5' title="bbox 162 3423 1413 4780">
     <span class='ocr_line' id='line_1_26' title="bbox 257 3423 1411 3508; baseline 0.003 -23"><span class='ocrx_word' id='word_1_118' title='bbox 257 3423 332 3487; x_wconf 90' lang='lat' dir='ltr'>ltem</span> <span class='ocrx_word' id='word_1_119' title='bbox 358 3426 433 3506; x_wconf 91' lang='lat' dir='ltr'>quia</span> <span class='ocrx_word' id='word_1_120' title='bbox 458 3425 615 3488; x_wconf 87' lang='lat' dir='ltr'>Martinus</span> <span class='ocrx_word' id='word_1_121' title='bbox 639 3446 728 3488; x_wconf 89' lang='lat' dir='ltr'>rasor</span> <span class='ocrx_word' id='word_1_122' title='bbox 751 3446 931 3508; x_wconf 88' lang='lat' dir='ltr'>pannorum</span> <span class='ocrx_word' id='word_1_123' title='bbox 949 3427 982 3488; x_wconf 96' lang='lat' dir='ltr'>id</span> <span class='ocrx_word' id='word_1_124' title='bbox 1007 3447 1080 3488; x_wconf 89' lang='lat' dir='ltr'>cunr</span> <span class='ocrx_word' id='word_1_125' title='bbox 1097 3425 1268 3488; x_wconf 83' lang='lat' dir='ltr'>sufficienti</span> <span class='ocrx_word' id='word_1_126' title='bbox 1286 3439 1316 3488; x_wconf 88' lang='lat' dir='ltr'>et</span> <span class='ocrx_word' id='word_1_127' title='bbox 1334 3425 1411 3488; x_wconf 89' lang='lat' dir='ltr'>fide·</span> 
     </span>
     <span class='ocr_line' id='line_1_27' title="bbox 166 3529 1411 3610; baseline 0.003 -22"><span class='ocrx_word' id='word_1_128' title='bbox 166 3529 254 3610; x_wconf 84' lang='lat' dir='ltr'>diguo</span> <span class='ocrx_word' id='word_1_129' title='bbox 284 3546 464 3594; x_wconf 88' lang='lat' dir='ltr'>nostrorum</span> <span class='ocrx_word' id='word_1_130' title='bbox 498 3533 680 3595; x_wconf 90' lang='lat' dir='ltr'>concivium</span> <span class='ocrx_word' id='word_1_131' title='bbox 714 3533 901 3596; x_wconf 88' lang='lat' dir='ltr'>testimonio</span> <span class='ocrx_word' id='word_1_132' title='bbox 934 3533 1018 3596; x_wconf 90' lang='lat' dir='ltr'>clare</span> <span class='ocrx_word' id='word_1_133' title='bbox 1046 3547 1077 3594; x_wconf 89' lang='lat' dir='ltr'>et</span> <span class='ocrx_word' id='word_1_134' title='bbox 1108 3533 1227 3596; x_wconf 87' lang='lat' dir='ltr'>seriose</span> <span class='ocrx_word' id='word_1_135' title='bbox 1252 3533 1348 3594; x_wconf 93' lang='lat' dir='ltr'>bodie</span> <span class='ocrx_word' id='word_1_136' title='bbox 1380 3532 1411 3592; x_wconf 92' lang='lat' dir='ltr'>in</span> 
     </span>
     <span class='ocr_line' id='line_1_28' title="bbox 166 3635 1413 3722; baseline 0.005 -28"><span class='ocrx_word' id='word_1_137' title='bbox 166 3635 230 3696; x_wconf 87' lang='lat' dir='ltr'>sede</span> <span class='ocrx_word' id='word_1_138' title='bbox 252 3652 355 3700; x_wconf 88' lang='lat' dir='ltr'>nostra</span> <span class='ocrx_word' id='word_1_139' title='bbox 381 3637 546 3720; x_wconf 90' lang='lat' dir='ltr'>judiciaria</span> <span class='ocrx_word' id='word_1_140' title='bbox 572 3640 794 3722; x_wconf 85' lang='lat' dir='ltr'>comprobavit</span> <span class='ocrx_word' id='word_1_141' title='bbox 819 3659 926 3702; x_wconf 88' lang='lat' dir='ltr'>coram</span> <span class='ocrx_word' id='word_1_142' title='bbox 946 3641 1050 3719; x_wconf 85' lang='lat' dir='ltr'>nobis,</span> <span class='ocrx_word' id='word_1_143' title='bbox 1075 3653 1109 3702; x_wconf 92' lang='lat' dir='ltr'>ut</span> <span class='ocrx_word' id='word_1_144' title='bbox 1134 3640 1210 3701; x_wconf 92' lang='lat' dir='ltr'>dum</span> <span class='ocrx_word' id='word_1_145' title='bbox 1237 3639 1413 3720; x_wconf 86' lang='lat' dir='ltr'>Gregorius</span> 
     </span>
     <span class='ocr_line' id='line_1_29' title="bbox 165 3739 1411 3827; baseline 0.005 -27"><span class='ocrx_word' id='word_1_146' title='bbox 165 3739 353 3805; x_wconf 88' lang='lat' dir='ltr'>Wreczarich</span> <span class='ocrx_word' id='word_1_147' title='bbox 378 3743 480 3805; x_wconf 88' lang='lat' dir='ltr'>dictus</span> <span class='ocrx_word' id='word_1_148' title='bbox 505 3745 537 3806; x_wconf 93' lang='lat' dir='ltr'>in</span> <span class='ocrx_word' id='word_1_149' title='bbox 562 3747 711 3806; x_wconf 85' lang='lat' dir='ltr'>extremis</span> <span class='ocrx_word' id='word_1_150' title='bbox 735 3745 797 3807; x_wconf 91' lang='lat' dir='ltr'>vite</span> <span class='ocrx_word' id='word_1_151' title='bbox 823 3765 879 3807; x_wconf 90' lang='lat' dir='ltr'>sue</span> <span class='ocrx_word' id='word_1_152' title='bbox 912 3746 1099 3827; x_wconf 85' lang='lat' dir='ltr'>temporalis</span> <span class='ocrx_word' id='word_1_153' title='bbox 1123 3745 1310 3824; x_wconf 86' lang='lat' dir='ltr'>laborasset,</span> <span class='ocrx_word' id='word_1_154' title='bbox 1335 3759 1411 3807; x_wconf 91' lang='lat' dir='ltr'>tunc</span> 
     </span>
     <span class='ocr_line' id='line_1_30' title="bbox 166 3845 1411 3934; baseline 0.007 -30"><span class='ocrx_word' id='word_1_155' title='bbox 166 3845 222 3926; x_wconf 89' lang='lat' dir='ltr'>ipse</span> <span class='ocrx_word' id='word_1_156' title='bbox 244 3852 348 3912; x_wconf 91' lang='lat' dir='ltr'>omnia</span> <span class='ocrx_word' id='word_1_157' title='bbox 374 3851 459 3912; x_wconf 91' lang='lat' dir='ltr'>bona</span> <span class='ocrx_word' id='word_1_158' title='bbox 484 3871 540 3912; x_wconf 89' lang='lat' dir='ltr'>sua</span> <span class='ocrx_word' id='word_1_159' title='bbox 557 3865 622 3912; x_wconf 93' lang='lat' dir='ltr'>tam</span> <span class='ocrx_word' id='word_1_160' title='bbox 640 3852 772 3914; x_wconf 91' lang='lat' dir='ltr'>mobilia</span> <span class='ocrx_word' id='word_1_161' title='bbox 798 3872 895 3934; x_wconf 90' lang='lat' dir='ltr'>quam</span> <span class='ocrx_word' id='word_1_162' title='bbox 915 3853 1082 3914; x_wconf 91' lang='lat' dir='ltr'>inmobilia</span> <span class='ocrx_word' id='word_1_163' title='bbox 1108 3853 1139 3914; x_wconf 91' lang='lat' dir='ltr'>in</span> <span class='ocrx_word' id='word_1_164' title='bbox 1159 3853 1285 3914; x_wconf 88' lang='lat' dir='ltr'>civitate</span> <span class='ocrx_word' id='word_1_165' title='bbox 1304 3867 1411 3914; x_wconf 88' lang='lat' dir='ltr'>nostra</span> 
     </span>
     <span class='ocr_line' id='line_1_31' title="bbox 164 3955 1412 4040; baseline 0.006 -28"><span class='ocrx_word' id='word_1_166' title='bbox 164 3965 190 4012; x_wconf 89' lang='lat' dir='ltr'>et</span> <span class='ocrx_word' id='word_1_167' title='bbox 211 3955 272 4018; x_wconf 89' lang='lat' dir='ltr'>eius</span> <span class='ocrx_word' id='word_1_168' title='bbox 288 3957 449 4019; x_wconf 89' lang='lat' dir='ltr'>territorio</span> <span class='ocrx_word' id='word_1_169' title='bbox 466 3977 502 4019; x_wconf 93' lang='lat' dir='ltr'>ac</span> <span class='ocrx_word' id='word_1_170' title='bbox 526 3958 606 4019; x_wconf 89' lang='lat' dir='ltr'>alias</span> <span class='ocrx_word' id='word_1_171' title='bbox 623 3959 819 4040; x_wconf 90' lang='lat' dir='ltr'>ubicumque</span> <span class='ocrx_word' id='word_1_172' title='bbox 837 3959 944 4021; x_wconf 90' lang='lat' dir='ltr'>habita</span> <span class='ocrx_word' id='word_1_173' title='bbox 963 3973 993 4020; x_wconf 93' lang='lat' dir='ltr'>et</span> <span class='ocrx_word' id='word_1_174' title='bbox 1010 3959 1181 4020; x_wconf 89' lang='lat' dir='ltr'>existencia</span> <span class='ocrx_word' id='word_1_175' title='bbox 1200 3977 1272 4020; x_wconf 92' lang='lat' dir='ltr'>cum</span> <span class='ocrx_word' id='word_1_176' title='bbox 1290 3959 1412 4020; x_wconf 90' lang='lat' dir='ltr'>cunctis</span> 
     </span>
     <span class='ocr_line' id='line_1_32' title="bbox 164 4064 1411 4148; baseline 0.006 -30"><span class='ocrx_word' id='word_1_177' title='bbox 164 4064 337 4124; x_wconf 88' lang='lat' dir='ltr'>eorumdem</span> <span class='ocrx_word' id='word_1_178' title='bbox 371 4065 532 4125; x_wconf 91' lang='lat' dir='ltr'>bonorum</span> <span class='ocrx_word' id='word_1_179' title='bbox 565 4065 756 4127; x_wconf 90' lang='lat' dir='ltr'>utilitatibus</span> <span class='ocrx_word' id='word_1_180' title='bbox 789 4079 819 4126; x_wconf 91' lang='lat' dir='ltr'>et</span> <span class='ocrx_word' id='word_1_181' title='bbox 858 4065 1062 4148; x_wconf 88' lang='lat' dir='ltr'>pertinenciis</span> <span class='ocrx_word' id='word_1_182' title='bbox 1100 4065 1257 4126; x_wconf 89' lang='lat' dir='ltr'>universis</span> <span class='ocrx_word' id='word_1_183' title='bbox 1288 4069 1411 4145; x_wconf 89' lang='lat' dir='ltr'>prelato</span> 
     </span>
     <span class='ocr_line' id='line_1_33' title="bbox 164 4165 1411 4253; baseline 0.007 -29"><span class='ocrx_word' id='word_1_184' title='bbox 164 4165 288 4232; x_wconf 89' lang='lat' dir='ltr'>Martino</span> <span class='ocrx_word' id='word_1_185' title='bbox 311 4186 475 4253; x_wconf 87' lang='lat' dir='ltr'>tamquam</span> <span class='ocrx_word' id='word_1_186' title='bbox 501 4173 662 4234; x_wconf 89' lang='lat' dir='ltr'>executori</span> <span class='ocrx_word' id='word_1_187' title='bbox 698 4187 728 4234; x_wconf 92' lang='lat' dir='ltr'>et</span> <span class='ocrx_word' id='word_1_188' title='bbox 761 4172 981 4234; x_wconf 88' lang='lat' dir='ltr'>commissario</span> <span class='ocrx_word' id='word_1_189' title='bbox 1007 4172 1145 4234; x_wconf 90' lang='lat' dir='ltr'>vendere</span> <span class='ocrx_word' id='word_1_190' title='bbox 1177 4185 1208 4234; x_wconf 91' lang='lat' dir='ltr'>et</span> <span class='ocrx_word' id='word_1_191' title='bbox 1232 4171 1411 4252; x_wconf 82' lang='lat' dir='ltr'>expendere</span> 
     </span>
     <span class='ocr_line' id='line_1_34' title="bbox 162 4277 1410 4359; baseline 0.005 -27"><span class='ocrx_word' id='word_1_192' title='bbox 162 4290 215 4352; x_wconf 91' lang='lat' dir='ltr'>pro</span> <span class='ocrx_word' id='word_1_193' title='bbox 245 4279 347 4339; x_wconf 88' lang='lat' dir='ltr'>anima</span> <span class='ocrx_word' id='word_1_194' title='bbox 372 4277 516 4340; x_wconf 88' lang='lat' dir='ltr'>eiusdem</span> <span class='ocrx_word' id='word_1_195' title='bbox 548 4277 684 4340; x_wconf 88' lang='lat' dir='ltr'>fideliter</span> <span class='ocrx_word' id='word_1_196' title='bbox 719 4295 749 4340; x_wconf 90' lang='lat' dir='ltr'>et</span> <span class='ocrx_word' id='word_1_197' title='bbox 781 4279 1019 4341; x_wconf 91' lang='lat' dir='ltr'>conscienciose</span> <span class='ocrx_word' id='word_1_198' title='bbox 1051 4278 1239 4359; x_wconf 86' lang='lat' dir='ltr'>legavisset,</span> <span class='ocrx_word' id='word_1_199' title='bbox 1272 4278 1410 4359; x_wconf 91' lang='lat' dir='ltr'>ideoque</span> 
     </span>
     <span class='ocr_line' id='line_1_35' title="bbox 163 4377 1410 4466; baseline 0.007 -30"><span class='ocrx_word' id='word_1_200' title='bbox 163 4377 265 4443; x_wconf 88' lang='lat' dir='ltr'>eadem</span> <span class='ocrx_word' id='word_1_201' title='bbox 308 4386 392 4445; x_wconf 91' lang='lat' dir='ltr'>bona</span> <span class='ocrx_word' id='word_1_202' title='bbox 435 4383 547 4466; x_wconf 86' lang='lat' dir='ltr'>prefati</span> <span class='ocrx_word' id='word_1_203' title='bbox 590 4383 737 4466; x_wconf 81' lang='lat' dir='ltr'>Gregorii</span> <span class='ocrx_word' id='word_1_204' title='bbox 771 4384 904 4466; x_wconf 89' lang='lat' dir='ltr'>jamlato</span> <span class='ocrx_word' id='word_1_205' title='bbox 939 4385 1077 4446; x_wconf 89' lang='lat' dir='ltr'>Martino</span> <span class='ocrx_word' id='word_1_206' title='bbox 1116 4385 1214 4446; x_wconf 89' lang='lat' dir='ltr'>rasori</span> <span class='ocrx_word' id='word_1_207' title='bbox 1246 4397 1410 4465; x_wconf 87' lang='lat' dir='ltr'>tamquam</span> 
     </span>
     <span class='ocr_line' id='line_1_36' title="bbox 164 4490 1410 4572; baseline 0.008 -30"><span class='ocrx_word' id='word_1_208' title='bbox 164 4503 235 4546; x_wconf 87' lang='lat' dir='ltr'>vero</span> <span class='ocrx_word' id='word_1_209' title='bbox 259 4501 289 4550; x_wconf 90' lang='lat' dir='ltr'>et</span> <span class='ocrx_word' id='word_1_210' title='bbox 311 4490 469 4571; x_wconf 84' lang='lat' dir='ltr'>legittimo</span> <span class='ocrx_word' id='word_1_211' title='bbox 502 4492 663 4553; x_wconf 90' lang='lat' dir='ltr'>executori</span> <span class='ocrx_word' id='word_1_212' title='bbox 689 4507 720 4553; x_wconf 90' lang='lat' dir='ltr'>et</span> <span class='ocrx_word' id='word_1_213' title='bbox 751 4491 971 4553; x_wconf 89' lang='lat' dir='ltr'>commissario</span> <span class='ocrx_word' id='word_1_214' title='bbox 1005 4491 1147 4552; x_wconf 90' lang='lat' dir='ltr'>eiusdem</span> <span class='ocrx_word' id='word_1_215' title='bbox 1175 4491 1303 4572; x_wconf 91' lang='lat' dir='ltr'>plenam</span> <span class='ocrx_word' id='word_1_216' title='bbox 1336 4511 1410 4552; x_wconf 91' lang='lat' dir='ltr'>ven-</span> 
     </span>
     <span class='ocr_line' id='line_1_37' title="bbox 165 4589 1410 4680; baseline 0.009 -32"><span class='ocrx_word' id='word_1_217' title='bbox 165 4589 254 4652; x_wconf 89' lang='lat' dir='ltr'>dendi</span> <span class='ocrx_word' id='word_1_218' title='bbox 277 4615 308 4656; x_wconf 92' lang='lat' dir='ltr'>ac</span> <span class='ocrx_word' id='word_1_219' title='bbox 331 4595 416 4676; x_wconf 88' lang='lat' dir='ltr'>juxta</span> <span class='ocrx_word' id='word_1_220' title='bbox 442 4597 702 4660; x_wconf 86' lang='lat' dir='ltr'>commissionem</span> <span class='ocrx_word' id='word_1_221' title='bbox 734 4618 824 4660; x_wconf 88' lang='lat' dir='ltr'>suam</span> <span class='ocrx_word' id='word_1_222' title='bbox 854 4597 1045 4680; x_wconf 89' lang='lat' dir='ltr'>disponendi</span> <span class='ocrx_word' id='word_1_223' title='bbox 1071 4597 1275 4659; x_wconf 89' lang='lat' dir='ltr'>attribuimus</span> <span class='ocrx_word' id='word_1_224' title='bbox 1305 4610 1410 4679; x_wconf 88' lang='lat' dir='ltr'>potes-</span> 
     </span>
     <span class='ocr_line' id='line_1_38' title="bbox 168 4697 496 4780; baseline 0.034 -25"><span class='ocrx_word' id='word_1_225' title='bbox 168 4697 235 4758; x_wconf 89' lang='lat' dir='ltr'>tatis</span> <span class='ocrx_word' id='word_1_226' title='bbox 259 4701 496 4780; x_wconf 85' lang='lat' dir='ltr'>plenitudinem.</span> 
     </span>
    </p>

    <p class='ocr_par' dir='ltr' id='par_1_6' title="bbox 162 4805 1411 5105">
     <span class='ocr_line' id='line_1_39' title="bbox 262 4805 1410 4893; baseline 0.004 -28"><span class='ocrx_word' id='word_1_227' title='bbox 262 4805 331 4870; x_wconf 90' lang='lat' dir='ltr'>ltem</span> <span class='ocrx_word' id='word_1_228' title='bbox 355 4829 435 4871; x_wconf 92' lang='lat' dir='ltr'>uxor</span> <span class='ocrx_word' id='word_1_229' title='bbox 461 4810 613 4892; x_wconf 89' lang='lat' dir='ltr'>Stephani</span> <span class='ocrx_word' id='word_1_230' title='bbox 648 4812 765 4873; x_wconf 86' lang='lat' dir='ltr'>sutoris</span> <span class='ocrx_word' id='word_1_231' title='bbox 801 4810 864 4873; x_wconf 90' lang='lat' dir='ltr'>filia</span> <span class='ocrx_word' id='word_1_232' title='bbox 891 4811 1038 4893; x_wconf 85' lang='lat' dir='ltr'>Dyonisii</span> <span class='ocrx_word' id='word_1_233' title='bbox 1072 4811 1191 4893; x_wconf 84' lang='lat' dir='ltr'>llybar,</span> <span class='ocrx_word' id='word_1_234' title='bbox 1224 4809 1300 4871; x_wconf 86' lang='lat' dir='ltr'>feria</span> <span class='ocrx_word' id='word_1_235' title='bbox 1325 4825 1410 4871; x_wconf 89' lang='lat' dir='ltr'>sexta</span> 
     </span>
     <span class='ocr_line' id='line_1_40' title="bbox 162 4910 1411 4998; baseline 0.006 -31"><span class='ocrx_word' id='word_1_236' title='bbox 162 4910 297 4985; x_wconf 90' lang='lat' dir='ltr'>proxima</span> <span class='ocrx_word' id='word_1_237' title='bbox 319 4927 390 4996; x_wconf 92' lang='lat' dir='ltr'>post</span> <span class='ocrx_word' id='word_1_238' title='bbox 414 4931 559 4977; x_wconf 90' lang='lat' dir='ltr'>octavam</span> <span class='ocrx_word' id='word_1_239' title='bbox 586 4917 681 4978; x_wconf 85' lang='lat' dir='ltr'>Pasce</span> <span class='ocrx_word' id='word_1_240' title='bbox 715 4917 931 4998; x_wconf 83' lang='lat' dir='ltr'>juramentum</span> <span class='ocrx_word' id='word_1_241' title='bbox 957 4931 1022 4978; x_wconf 91' lang='lat' dir='ltr'>met</span> <span class='ocrx_word' id='word_1_242' title='bbox 1048 4919 1141 4977; x_wconf 87' lang='lat' dir='ltr'>tercia</span> <span class='ocrx_word' id='word_1_243' title='bbox 1167 4917 1227 4977; x_wconf 87' lang='lat' dir='ltr'>sibi</span> <span class='ocrx_word' id='word_1_244' title='bbox 1252 4917 1411 4976; x_wconf 87' lang='lat' dir='ltr'>similibus</span> 
     </span>
     <span class='ocr_line' id='line_1_41' title="bbox 162 5013 1409 5105; baseline 0.006 -31"><span class='ocrx_word' id='word_1_245' title='bbox 162 5013 311 5096; x_wconf 88' lang='lat' dir='ltr'>deponere</span> <span class='ocrx_word' id='word_1_246' title='bbox 335 5021 465 5084; x_wconf 91' lang='lat' dir='ltr'>habebit</span> <span class='ocrx_word' id='word_1_247' title='bbox 489 5037 599 5084; x_wconf 88' lang='lat' dir='ltr'>contra</span> <span class='ocrx_word' id='word_1_248' title='bbox 626 5023 744 5085; x_wconf 85' lang='lat' dir='ltr'>Rosam</span> <span class='ocrx_word' id='word_1_249' title='bbox 777 5024 973 5105; x_wconf 89' lang='lat' dir='ltr'>penesticam</span> <span class='ocrx_word' id='word_1_250' title='bbox 999 5023 1030 5084; x_wconf 90' lang='lat' dir='ltr'>in</span> <span class='ocrx_word' id='word_1_251' title='bbox 1063 5043 1112 5101; x_wconf 90' lang='lat' dir='ltr'>e0,</span> <span class='ocrx_word' id='word_1_252' title='bbox 1138 5022 1224 5104; x_wconf 91' lang='lat' dir='ltr'>quod</span> <span class='ocrx_word' id='word_1_253' title='bbox 1252 5023 1319 5103; x_wconf 90' lang='lat' dir='ltr'>ipsa</span> <span class='ocrx_word' id='word_1_254' title='bbox 1343 5041 1409 5083; x_wconf 91' lang='lat' dir='ltr'>non</span> 
     </span>
    </p>
   </div>
   <div class='ocr_carea' id='block_1_5' title="bbox 0 0 1826 5781">
    <p class='ocr_par' dir='ltr' id='par_1_7' title="bbox 0 0 1826 5781">
     <span class='ocr_line' id='line_1_42' title="bbox 0 0 1826 5781; baseline 0 0"><span class='ocrx_word' id='word_1_255' title='bbox 0 0 1826 5781; x_wconf 95' lang='lat' dir='ltr'> </span> 
     </span>
    </p>
   </div>
  </div>
 </body>
</html>
