3738 5786
393 528 434 610 78
764 527 965 602 Anno1454.
989 556 1033 568 -
1057 519 1089 584 8.
1113 521 1283 584 novembris.

393 740 557 801 dominam
584 739 718 800 Elenam
745 756 878 798 uxorem
911 735 1054 818 magistri
1087 733 1212 796 Nicolai
1237 731 1353 794 medici
1386 726 1520 813 predicti
1548 742 1579 792 et
1603 748 1659 811 per

393 847 497 930 ipsum
524 845 694 908 Nicolaum
720 843 912 926 productum
946 862 1010 904 non
1036 840 1095 903 luit
1119 840 1272 902 credibile
1297 858 1355 900 nec
1378 837 1558 920 probabile,
1583 836 1659 918 quia

393 973 458 1015 non
483 950 730 1029 concordarunt,
755 949 829 1012 ideo
851 948 991 1032 predicta
1009 947 1140 1009 domina
1166 947 1266 1008 Elena
1291 946 1398 1006 relicta
1417 942 1566 1026 Gregorii
1584 962 1656 1025 pre·

395 1059 471 1121 dicti
496 1058 595 1120 tercio
617 1077 650 1119 se
675 1056 820 1139 personis
851 1055 910 1117 sibi
943 1054 1104 1116 similibus
1132 1052 1253 1114 civissis
1287 1051 1364 1114 leria
1396 1065 1481 1112 sexta
1514 1049 1659 1132 proxima

393 1178 466 1226 ante
492 1163 609 1226 festum
633 1162 816 1226 Natiuitatis
834 1163 925 1224 beate
951 1161 1051 1222 Marie
1075 1159 1208 1240 virginis
1223 1177 1318 1241 super
1334 1177 1422 1221 aram
1445 1155 1548 1238 jurare
1572 1168 1659 1218 tene-

394 1272 480 1334 bitur
505 1290 600 1354 super
625 1289 674 1348 eo,
699 1283 734 1331 ut
763 1269 829 1350 ipsa
862 1268 1039 1351 predictam
1073 1285 1206 1328 uxorem
1239 1265 1339 1347 ipsius
1361 1264 1503 1346 magistri
1535 1262 1660 1324 Nicolai

395 1377 512 1440 medici
538 1395 602 1437 non
628 1375 841 1456 vituperavit3
865 1374 905 1436 de
938 1393 1003 1456 quo
1036 1371 1157 1454 judicio
1183 1372 1250 1454 ipse
1282 1372 1377 1433 ambe
1401 1383 1505 1454 partes
1528 1389 1561 1431 se
1585 1388 1661 1431 con·

394 1497 498 1545 tentas
522 1481 743 1544 reddiderunt.

503 1588 581 1651 Item
608 1607 735 1650 causam
768 1587 850 1650 inter
878 1585 1043 1648 dominam
1077 1585 1311 1668 Margaretham
1347 1585 1490 1648 relictam
1523 1583 1660 1646 condam

396 1695 508 1758 iacobi
533 1693 649 1776 judicis
672 1709 703 1755 et
727 1694 809 1755 inter
834 1693 1004 1755 Nicolaum
1029 1692 1169 1775 judicem
1199 1692 1326 1754 racione
1351 1691 1565 1774 percussionis
1589 1709 1659 1772 pre-

397 1801 473 1863 dicti
498 1801 633 1884 pastoris
655 1800 755 1884 ipsius
779 1800 911 1862 domine
930 1798 1142 1880 Margaretbe,
1164 1798 1262 1860 modo
1279 1797 1436 1880 premisso
1460 1817 1517 1879 per
1539 1795 1659 1878 juratos

397 1906 614 1990 adjudicatam
639 1919 670 1968 et
701 1926 756 1989 per
788 1906 893 1988 ipsum
918 1905 1090 1968 Nicolaum
1123 1904 1263 1986 judicem
1296 1903 1335 1968 ad
1368 1904 1510 1965 seniores
1539 1903 1662 1985 judices

398 2013 604 2097 appellatam,
627 2013 686 2096 ipsi
705 2013 847 2074 seniores
875 2011 996 2092 judices
1020 2012 1063 2073 sic
1092 2010 1326 2092 adjudicarunt,
1355 2025 1389 2072 ut
1416 2011 1483 2092 ipse
1508 2010 1661 2072 Nicolaus

397 2120 493 2202 judex
517 2121 585 2182 sola
610 2141 666 2182 sua
691 2121 723 2180 in
748 2138 884 2202 persona
909 2119 1021 2180 eadem
1039 2116 1115 2180 seria
1140 2131 1226 2180 sexta
1251 2131 1324 2179 ante
1348 2118 1528 2200 predictum
1546 2115 1660 2180 festum

397 2227 579 2289 Natiuitatis
605 2226 707 2288 Mario
730 2226 833 2308 jurare
856 2225 1019 2288 tenebitur
1042 2243 1137 2307 super
1161 2244 1212 2302 eo,
1236 2238 1270 2286 ut
1294 2224 1361 2306 ipse
1386 2224 1565 2306 predictum
1594 2224 1661 2284 Ma·

396 2333 495 2395 thiam
521 2346 682 2416 pastorem
708 2346 874 2414 tamquam
899 2351 1009 2393 verum
1027 2351 1121 2392 suum
1139 2329 1438 2412 dampnificatorem
1463 2343 1494 2392 et
1518 2330 1661 2412 depasta·

396 2455 499 2502 torem
535 2439 700 2522 percussit,
725 2453 756 2501 et
787 2439 934 2521 deposito
967 2439 1036 2520 ipso
1069 2437 1249 2518 juramento
1282 2437 1366 2498 idem
1392 2437 1544 2499 Nicolaus
1567 2436 1662 2518 judex

398 2565 494 2629 super
518 2545 585 2628 ipsa
611 2546 815 2628 percussione
833 2565 891 2628 pro
916 2544 1146 2627 depascacione
1165 2545 1212 2606 sui
1239 2544 1321 2605 milii
1346 2545 1524 2607 contentari
1550 2544 1662 2620 debet;

398 2653 424 2714 si
450 2665 558 2714 autem
584 2670 648 2713 non
673 2651 824 2734 juraverit
847 2665 924 2713 tunc
944 2650 1030 2732 juxta
1054 2650 1260 2733 privilegium
1286 2650 1317 2711 in
1343 2651 1482 2732 birsagio
1506 2651 1574 2712 erit.

428 2851 524 2927 Faria
552 2863 649 2926 sexta
678 2856 832 2943 proxima
861 2861 938 2943 post
966 2853 1090 2926 festum
1118 2855 1229 2926 sancti
1258 2852 1419 2926 leonardi
1449 2853 1582 2923 abbatis
1611 2859 1644 2922 et

921 2978 1135 3050 contessoris.

910 3125 955 3208 (8.
979 3131 1164 3204 novembris).

506 3271 584 3333 Item
609 3269 794 3332 Anthonius
817 3269 956 3352 arcupar'
974 3270 1066 3332 aliter
1083 3271 1185 3332 Janko
1209 3283 1341 3332 vocatus
1365 3284 1476 3332 contra
1493 3271 1661 3334 dominum

403 3378 573 3439 Nicolaum
584 3376 795 3458 presbiterum
810 3375 986 3459 plebanum
999 3390 1143 3438 nostrum
1157 3376 1262 3459 primo
1272 3378 1459 3440 citatusnon
1474 3378 1662 3460 comparuit.

507 3483 584 3545 ltem
609 3483 685 3564 quia
709 3481 810 3543 Elena
829 3481 945 3544 mulier
969 3482 1079 3544 relicta
1102 3481 1241 3544 condam
1258 3483 1343 3544 Petri
1368 3483 1443 3545 dicti
1469 3483 1663 3567 Sulkowych

401 3591 433 3652 in
458 3603 568 3652 suaet
592 3588 747 3650 Demetrii
772 3587 829 3650 filii
853 3589 902 3650 sui
927 3589 1073 3670 personis
1091 3604 1233 3651 nostram
1260 3590 1393 3651 veniens
1416 3589 1514 3652 hodie
1538 3591 1570 3652 in
1594 3609 1664 3673 pre·

401 3697 553 3774 sensiam,
578 3695 671 3757 nobis
696 3714 734 3756 eo
760 3695 859 3756 modo
876 3693 1055 3776 significare
1080 3696 1213 3775 curavit,
1238 3709 1273 3758 ut
1289 3695 1429 3777 quedam
1453 3696 1544 3758 litera
1568 3694 1664 3779 privi-

402 3801 527 3883 legialis
549 3819 645 3883 super
669 3800 809 3882 quadam
834 3814 917 3862 terra
942 3801 1055 3863 arabili
1074 3801 1174 3883 ipsius
1198 3803 1337 3864 condam
1361 3801 1444 3864 Petri
1470 3801 1665 3885 Sulkowych

400 3907 459 3968 viri
484 3907 583 3989 ipsius
608 3907 708 3969 Elene
733 3907 889 3986 mulieris,
913 3907 946 3968 in
969 3927 1083 3989 campo
1111 3921 1141 3969 et
1163 3909 1325 3972 territorio
1356 3909 1492 3971 civitatis
1523 3909 1663 3991 predicte

402 4015 484 4076 inter
508 4027 622 4076 terram
648 4014 824 4076 liberorum
850 4013 988 4075 condam
1014 4014 1144 4097 Mathye
1176 4015 1216 4076 de
1245 4015 1410 4077 Kralewcz
1434 4016 1474 4077 ab
1498 4015 1664 4078 occidente

401 4133 432 4182 et
456 4121 538 4182 inter
573 4133 688 4182 terram
724 4119 839 4182 Vrsule
871 4120 980 4182 relicte
1016 4121 1153 4184 condam
1186 4120 1315 4182 Thome
1348 4121 1459 4182 Kozalt
1491 4120 1558 4184 filie
1589 4139 1664 4182 vero

403 4226 539 4289 condam
566 4227 676 4287 Jacobi
694 4226 852 4288 Zuholow
877 4226 952 4289 dicti
970 4246 987 4288 a
1004 4227 1243 4308 septemtrione,
1269 4246 1327 4288 nec
1352 4246 1415 4288 non
1442 4227 1524 4288 inter
1548 4227 1664 4290 vallem

404 4345 512 4394 nostre
529 4332 769 4394 communitatis
792 4352 856 4414 que
880 4333 1019 4394 condam
1037 4331 1202 4415 Zekyrych
1227 4333 1353 4412 dicitur,
1379 4353 1442 4414 que
1466 4353 1503 4396 ex
1528 4332 1665 4394 inunda-

403 4439 496 4500 cione
520 4457 604 4520 aque
628 4437 717 4499 fluuii
742 4439 836 4499 Zawa
854 4437 958 4500 vocati
980 4452 1125 4520 tempore
1149 4437 1375 4501 inundacionis
1392 4440 1491 4520 ipsius
1515 4440 1665 4522 repletur,

403 4546 443 4606 ab
467 4545 591 4605 oriente
615 4557 646 4604 et
669 4563 687 4604 a
711 4543 891 4606 meridione
915 4543 1068 4622 habitam,
1085 4545 1142 4606 sita
1168 4559 1199 4606 et
1222 4546 1386 4624 existente,
1403 4565 1462 4628 pro
1478 4559 1568 4629 parte
1584 4547 1666 4608 eius-

403 4649 477 4712 dem
504 4649 586 4711 Petri
613 4649 806 4732 Sulkowych
833 4648 975 4712 conlecta
993 4665 1024 4711 et
1046 4663 1204 4728 emanata,
1225 4651 1394 4714 casualiter
1417 4653 1532 4714 amissa
1558 4666 1589 4714 et
1611 4652 1666 4715 de·

404 4755 525 4838 perdita
551 4755 713 4833 extitisset,
738 4769 850 4839 petens
875 4776 933 4818 nos
966 4757 1074 4818 debita
1098 4777 1171 4818 cum
1204 4757 1360 4820 instancia
1384 4772 1418 4819 ut
1441 4758 1501 4820 sibi
1527 4773 1557 4822 et
1581 4759 1666 4822 dicto

404 4860 552 4923 filiosuo
576 4880 671 4943 super
695 4862 805 4923 eadem
831 4875 912 4923 terra
937 4882 993 4923 sua
1018 4863 1129 4924 arabili
1154 4863 1278 4924 literam
1304 4879 1446 4926 nostram
1469 4883 1587 4927 novam
1605 4866 1666 4947 pri·

405 4967 587 5049 vilegialem
621 4966 733 5030 confici
766 4981 797 5030 et
829 4970 971 5030 emanari
998 4967 1100 5030 facere
1133 4985 1164 5031 et
1196 4971 1332 5032 eandem
1364 4986 1481 5034 terram
1513 4972 1665 5036 arabilem
