3694 5782
422 373 482 459 328
793 379 879 436 Anno
901 374 996 457 1468.
1022 413 1063 422 —
1087 391 1138 454 19.
1154 377 1307 456 januarii.

421 591 530 672 nepoti
557 591 657 673 ipsius
681 613 737 674 per
761 593 865 675 ipsum
897 590 1034 653 condam
1067 591 1237 654 dominum
1263 593 1391 654 Petrum
1423 593 1661 655 archidiaconum

422 698 611 778 legatarum,
637 714 667 758 et
691 719 748 780 per
764 699 868 778 ipsum
887 699 1068 780 Mylyczam
1094 697 1223 760 Thome
1240 701 1352 761 sartori
1369 701 1438 760 viro
1463 700 1594 782 provide
1609 714 1661 758 mr·

424 805 511 866 lieris
535 805 650 866 Vrsula
675 819 797 884 vocate,
821 805 956 866 senioris
972 804 1066 886 jurari
1084 819 1114 866 et
1135 807 1277 867 concivis
1293 806 1403 885 nostri,
1421 807 1513 869 certis
1530 827 1567 868 ex
1582 801 1663 866 caus's

421 911 609 993 propinatis,
634 927 665 975 et
688 913 763 994 quia
789 913 880 973 litere
904 932 999 994 super
1016 913 1178 995 premissis
1199 913 1389 975 molendino
1414 929 1444 976 et
1467 915 1559 976 terris
1580 908 1662 974 arali-

419 1018 503 1079 libus
526 1033 591 1080 tam
616 1019 860 1101 inpignoraticie
897 1039 994 1100 quam
1020 1035 1059 1082 et
1082 1021 1284 1102 perpetuales
1309 1040 1450 1102 quorum
1477 1020 1602 1082 luerunt
1623 1027 1663 1076 art

422 1125 522 1186 eciam
548 1125 573 1186 si
599 1125 671 1207 quis
694 1126 785 1186 heres
802 1126 971 1188 haberetur
1003 1146 1141 1208 quorum
1160 1125 1299 1206 fuerunt,
1316 1127 1404 1207 juxta
1428 1127 1528 1210 ipsam
1553 1127 1663 1188 trinen-

421 1230 615 1313 phorensem
641 1232 932 1314 proclamacionem
958 1233 1089 1314 reperiri
1113 1247 1144 1294 et
1168 1234 1302 1294 inveniri
1328 1234 1517 1316 potuissent.

527 1340 604 1400 ltem
629 1341 704 1421 quia
729 1340 863 1422 provida
887 1341 1003 1401 mulier
1034 1340 1123 1402 lelka
1152 1355 1275 1418 vocata,
1308 1342 1446 1423 primum
1471 1341 1578 1403 relicta
1603 1355 1662 1400 con-

422 1446 495 1506 dam
521 1445 677 1506 Anthonii
707 1445 907 1528 Oprasnycb,
936 1465 1020 1507 nunc
1045 1466 1121 1507 vero
1141 1466 1273 1508 consors
1298 1447 1382 1510 Galli
1408 1449 1536 1526 sutoris,
1554 1447 1583 1509 id
1605 1461 1661 1506 curn

420 1551 591 1614 sufficienti
616 1568 648 1615 et
671 1553 812 1616 evidenti
835 1554 1022 1615 testimonio
1047 1555 1221 1636 proborum
1251 1555 1393 1615 virorum
1418 1555 1596 1616 concivium
1615 1569 1662 1611 no-

422 1673 559 1721 strorum
578 1679 686 1720 coram
711 1660 805 1720 nobis
821 1661 1052 1741 comprobavit,
1077 1675 1111 1722 ut
1139 1660 1216 1721 dum
1233 1659 1375 1742 prelatus
1399 1662 1536 1722 condam
1561 1656 1664 1721 Antho-

422 1765 493 1826 nius
518 1765 707 1848 Optasnych
739 1766 787 1826 vir
819 1765 888 1826 eius
916 1765 948 1826 in
981 1766 1130 1827 extremis
1161 1767 1224 1826 vite
1249 1786 1306 1828 sue
1335 1767 1523 1848 temporalis
1547 1764 1665 1837 vixisset,

420 1872 609 1953 dictumque
632 1891 725 1933 suum
759 1870 884 1933 lecisset
915 1885 1156 1950 testamentum,
1186 1886 1263 1934 tunc
1296 1873 1363 1954 ipse
1387 1873 1553 1934 universas
1570 1889 1614 1932 res
1641 1878 1666 1926 et

422 1979 566 2060 quelibet
591 1981 686 2056 bona,
711 1998 852 2040 necnon
871 1979 1088 2059 possessiones
1112 1993 1144 2040 et
1166 1995 1264 2040 terras
1280 1999 1316 2040 ac
1340 1980 1436 2040 silvas
1452 1999 1525 2040 suas
1550 1981 1573 2038 in
1590 1973 1666 2037 terri-

420 2085 504 2146 torio
529 2085 612 2145 dicte
637 2085 773 2146 civitatis
789 2104 884 2166 super
909 2085 1095 2166 premissam
1113 2100 1297 2147 consortem
1320 2105 1410 2147 suam
1436 2085 1609 2160 dimisisset,
1630 2080 1665 2138 ita

420 2208 540 2270 tamen,
564 2191 652 2272 quod
678 2193 744 2273 ipsa
770 2193 918 2252 universa
942 2192 1049 2253 debita
1075 2212 1131 2253 sua
1156 2193 1280 2254 solvere
1310 2193 1436 2270 debeat,
1461 2208 1492 2253 et
1516 2211 1571 2273 que
1594 2187 1665 2249 ultra

422 2299 528 2360 debita
553 2313 765 2376 remanerent,
791 2299 857 2379 ipsa
882 2298 992 2358 omnia
1008 2318 1104 2379 super
1124 2299 1225 2380 ipsam
1244 2299 1415 2360 dimisisset
1440 2313 1470 2360 et
1494 2297 1665 2378 reliquisset.

527 2405 603 2466 ltem
629 2405 661 2465 in
686 2425 780 2465 causa
806 2405 887 2466 inter
912 2405 1027 2486 Elyam
1049 2403 1190 2466 fusorem
1208 2424 1448 2487 campanarum,
1474 2421 1509 2465 ur
1530 2417 1665 2472 actorem,

421 2525 452 2573 et
477 2511 558 2572 inter
582 2525 763 2571 consortem
791 2509 923 2592 Physter
947 2510 1074 2571 racione
1099 2511 1227 2592 suspicii
1258 2511 1464 2572 comestionis
1489 2525 1517 2571 et
1538 2503 1665 2569 interlec-

421 2617 522 2678 cionis
547 2636 699 2678 aucarum
724 2617 867 2678 eiusdem
892 2617 982 2698 Elye,
1010 2617 1103 2699 jurati
1137 2617 1371 2698 adjudicarunt,
1405 2619 1492 2698 quod
1517 2618 1576 2698 ipsa
1599 2626 1664 2671 con·

421 2743 489 2785 sors
513 2723 655 2784 eiusdem
682 2722 814 2805 Physter
831 2723 996 2784 terciamet
1019 2723 1123 2804 jurare
1147 2724 1309 2784 tenebitur
1325 2722 1404 2784 feria
1427 2738 1513 2784 serta
1536 2716 1664 2803 proxime

420 2843 564 2908 ventura,
589 2831 676 2911 quod
703 2831 770 2911 ipsa
795 2849 859 2891 non
885 2830 985 2911 ipsius
1010 2830 1091 2912 Elye
1115 2828 1231 2891 fusoris
1254 2849 1481 2911 campanarum
1508 2822 1665 2889 interficere

423 2951 453 2998 et
471 2937 698 3018 percomedere
724 2957 788 2998 non
806 2935 898 3013 lecit;
916 2956 974 3018 pro
992 2937 1151 3018 vituperio
1169 2937 1256 3018 quod
1275 2937 1465 3018 vituperavit
1486 2955 1557 2997 eum
1572 2941 1664 2991 coram

422 3043 527 3123 judice
546 3057 576 3104 et
600 3064 673 3104 eum
692 3043 881 3105 mendacem
899 3044 1074 3126 appellavit
1090 3044 1236 3106 convicta
1258 3058 1304 3105 est
1321 3057 1430 3104 contra
1448 3044 1550 3124 ipsum
1568 3037 1665 3116 Elylffl

423 3151 455 3210 in
480 3151 593 3231 viginti
618 3151 734 3232 pensis,
759 3150 982 3212 communitati
1010 3151 1042 3211 in
1068 3149 1211 3232 quinque
1237 3151 1353 3231 pensis.

530 3257 607 3318 ltem
633 3258 663 3317 in
690 3277 783 3318 causa
809 3258 891 3318 inter
916 3256 1047 3340 Physter
1076 3272 1107 3318 et
1130 3259 1249 3318 Lucam
1276 3271 1306 3319 et
1339 3257 1537 3339 Stephanum
1562 3260 1669 3314 sutores

424 3364 552 3425 racione
586 3364 783 3446 recepcionis
814 3364 954 3424 violente
987 3378 1125 3444 quatuor
1157 3367 1277 3425 bovum
1310 3384 1366 3446 per
1397 3362 1555 3424 famulum
1588 3351 1671 3436 ipsll¹⁵

423 3471 567 3552 Physter,
600 3471 692 3552 jurati
725 3471 1001 3550 adjudicaverunt,
1034 3471 1122 3553 quod
1156 3472 1222 3553 ipsc
1242 3473 1360 3539 ,Lucas
1391 3471 1495 3552 jurare
1526 3459 1672 3532 tenebitur

423 3579 577 3640 solusmet
612 3579 643 3638 in
675 3599 728 3639 ara
760 3593 867 3639 sancte
899 3579 1023 3655 Crucis,
1055 3577 1144 3658 quod
1176 3579 1243 3660 ipse
1275 3577 1415 3640 famulus
1438 3579 1506 3638 sine
1531 3576 1673 3638 consensu

422 3686 520 3766 ipsius
545 3687 643 3746 boves
667 3686 808 3766 recipere
841 3683 976 3762 lecisset,
1010 3699 1041 3746 et
1073 3684 1132 3746 hoc
1165 3684 1281 3764 jurabit
1313 3684 1390 3746 seria
1423 3699 1509 3745 sexta
1541 3671 1671 3765 proxime

421 3805 573 3868 ventura;
597 3805 628 3852 et
653 3791 730 3852 dum
754 3791 870 3871 jurabit
893 3805 969 3852 tunc
1003 3792 1070 3872 ipse
1104 3791 1236 3874 Physter
1270 3793 1419 3874 prosequi
1457 3793 1555 3853 debet
1584 3784 1671 3863 iP⁵⁰¹¹¹

421 3895 579 3958 famulum
603 3912 633 3958 et
657 3898 849 3978 potenciam.

530 4005 607 4064 ltem
626 4023 756 4064 consors
774 4003 926 4084 Stephani
945 4003 1092 4085 plathnar
1112 4004 1302 4065 secundario
1326 4005 1420 4064 citata
1438 4017 1548 4064 contra
1568 3999 1672 4060 Lucam

421 4123 562 4170 sutorem
588 4129 652 4170 non
678 4111 858 4190 comparuit
885 4109 916 4170 in
943 4109 1063 4189 judicio
1087 4130 1195 4170 coram
1221 4111 1325 4171 nobis.

494 4328 587 4402 Feria
618 4333 725 4402 tercia
755 4333 910 4420 proxima
948 4343 1025 4402 ante
1062 4333 1185 4402 festum
1213 4317 1386 4402 beatorum
1416 4330 1554 4402 Fabiani
1594 4327 1620 4391 tl

842 4456 1032 4525 sebastiani
1062 4459 1254 4527 martirum.

927 4611 989 4682 (19.
1006 4606 1174 4687 januarii).

528 4743 605 4804 ltem
630 4746 705 4825 quia
729 4746 863 4826 provida
884 4759 914 4807 et
931 4747 1063 4808 honesta
1089 4747 1220 4808 domina
1239 4747 1413 4810 Katherina
1432 4763 1555 4827 vocata,
1574 4729 1674 4839 relicta

422 4849 559 4910 condam
585 4849 762 4912 Clementis
787 4851 942 4914 carnificis
967 4854 1183 4936 Kelemyuecz
1209 4855 1296 4934 dicti,
1330 4831 1469 4917 nostram
1496 4855 1631 4918 veniess⁵
1649 4842 1673 4888 ¹¹¹
