3644 5788
561 599 761 676 Anno1459.
785 631 830 642 -
852 609 900 676 17.
924 601 1050 673 augusti.
1382 619 1438 682 175

172 703 217 710 --
235 703 418 710 ——0—

168 823 400 890 occupatarum
433 829 469 870 ac
501 809 626 870 cuidam
660 809 799 870 Martino
831 808 954 892 Cypser
986 809 1131 873 datarum
1164 825 1194 872 et
1230 811 1435 890 donatarum,

170 915 369 996 tandemque
383 933 439 997 per
453 935 511 976 nos
525 915 616 976 certis
633 915 948 997 racionabilibusque
962 915 1002 978 de
1016 917 1118 978 causis
1135 936 1190 1000 per
1204 913 1362 998 prefatum
1380 916 1433 978 Jo-

171 1020 312 1083 hannem
337 1020 479 1101 judicem
512 1021 626 1083 redimi
651 1023 691 1083 ab
724 1021 839 1084 eodem
872 1023 1012 1084 Martino
1036 1023 1159 1106 Cypser
1191 1023 1437 1084 commissarum

171 1147 206 1188 ac
230 1127 366 1189 demum
392 1127 451 1210 ipsi
476 1126 614 1190 Johanni
639 1147 696 1210 per
720 1148 780 1190 nos
797 1129 1085 1210 inpignoratarum,
1110 1130 1215 1192 taliter
1231 1129 1439 1210 adjudicavit,

172 1234 261 1314 quod
295 1234 372 1315 quia
409 1233 520 1296 eedem
557 1235 775 1316 possessiones
810 1249 841 1296 et
872 1237 1041 1318 porciones
1073 1237 1323 1319 possessionarie
1355 1234 1436 1298 infra

170 1355 300 1423 tempus
323 1341 355 1402 in
374 1340 496 1402 eisdem
520 1341 620 1402 literis
644 1343 760 1403 nostris
782 1342 993 1404 arendatoriis
1013 1341 1230 1425 specificatum
1254 1343 1339 1424 apud
1357 1362 1435 1404 eun·

172 1447 246 1508 dem
272 1447 451 1509 Martinum
484 1446 562 1508 aiias
585 1446 724 1528 judicem
750 1447 928 1526 existentes,
961 1469 978 1510 a
1009 1449 1158 1510 manibus
1182 1449 1325 1511 eiusdem
1352 1449 1435 1510 Mar·

171 1553 229 1614 tini
253 1566 387 1636 propter
412 1553 570 1634 quosdam
594 1573 743 1616 excessus
765 1573 852 1632 suos,
876 1573 958 1636 quos
982 1553 1124 1636 prefatus
1148 1555 1286 1616 condam
1312 1553 1439 1616 Vlricus

170 1678 280 1721 comes
305 1672 415 1721 contra
440 1659 579 1721 eundem
613 1661 825 1742 proponebat,
858 1659 988 1722 fuerunt
1011 1674 1138 1743 recepte
1162 1675 1193 1722 et
1216 1671 1370 1743 occupate
1403 1679 1439 1722 ac

166 1763 294 1850 prefato
320 1765 463 1828 Martino
488 1765 611 1849 Cypser
634 1785 691 1848 per
707 1767 846 1828 eundem
869 1766 941 1828 date
965 1781 996 1830 et
1013 1767 1143 1846 donate,
1166 1767 1366 1848 tandemque
1383 1785 1440 1848 per

166 1892 227 1934 nos
238 1884 371 1954 propter
384 1871 561 1934 notabilem
577 1891 705 1934 causam
719 1872 835 1935 redimi
849 1873 1030 1951 commisse,
1044 1891 1079 1934 ac
1093 1873 1194 1935 eciam
1205 1872 1280 1953 quia
1298 1871 1437 1954 quedam

168 1978 259 2039 litere
286 1977 570 2059 protestacionales
594 1997 652 2060 pro
681 1991 769 2060 parte
803 1979 903 2060 ipsius
927 1979 1056 2040 Martini
1081 1978 1195 2060 judicis
1219 1997 1274 2059 per
1296 1977 1434 2040 eundem

170 2103 234 2144 non
261 2096 438 2165 potuerunt
461 2083 631 2166 approbari
661 2083 771 2166 aliquo
796 2083 937 2146 evidenti
954 2085 1151 2164 testimonie,
1172 2084 1246 2145 ideo
1270 2103 1329 2146 nos
1354 2084 1439 2165 ipsas

171 2191 394 2272 possessiones
417 2203 449 2251 et
479 2189 649 2271 porciones
679 2203 802 2252 nostras
832 2190 1099 2273 possessionarias
1130 2191 1170 2252 ab
1195 2191 1265 2272 ipso
1298 2190 1438 2252 Martino

169 2295 389 2375 dijudicantes
412 2294 537 2378 prefato
569 2295 706 2358 Johanni
730 2296 828 2376 judici
853 2296 1108 2378 adjudicavimus
1132 2316 1234 2378 usque
1251 2309 1377 2377 tempus
1405 2295 1437 2356 in

170 2403 246 2484 ipsis
271 2402 374 2464 literis
398 2402 513 2463 nostris
538 2403 792 2484 inpignoraticiis
814 2401 1044 2485 specificatum,
1066 2402 1321 2484 adjudicavimus
1337 2402 1437 2484 possi-

169 2507 312 2584 dendas3
338 2509 377 2568 de
395 2527 458 2589 qua
477 2507 720 2590 adjudicatione
738 2522 845 2572 nostra
862 2507 1004 2591 prefatus
1021 2509 1177 2570 Martinus
1191 2507 1286 2588 judex
1303 2507 1438 2570 minime

169 2629 342 2676 contentus
367 2615 469 2696 ipsam
500 2633 628 2676 causam
654 2615 686 2676 in
719 2616 918 2698 presenciam
942 2615 1030 2696 regie
1062 2614 1237 2696 Majestatis
1261 2613 1435 2697 appellavit

170 2737 200 2783 et
227 2721 404 2783 transmitti
436 2722 620 2804 postulavit,
649 2741 747 2803 quam
775 2721 881 2784 eidem
913 2721 1064 2783 duximus
1087 2721 1126 2782 ad
1151 2720 1434 2803 quadragesimum

170 2827 255 2888 diem
275 2847 294 2888 a
312 2827 365 2888 die
382 2827 567 2889 huiusmodi
580 2841 688 2890 nostre
701 2826 952 2908 adjudicacionis
977 2827 1127 2889 duximus
1143 2826 1432 2889 transmittendam.

276 2933 356 2994 ltem
381 2934 413 2994 in
438 2933 548 3015 vigilia
565 2934 733 2996 beatorum
758 2933 842 2996 Petri
860 2945 891 2996 et
915 2933 1006 2996 Pauli
1024 2933 1245 3016 apostolorum
1270 2953 1325 3016 per
1342 2953 1432 2995 man·

167 3039 278 3101 datum
305 3039 518 3102 literatorium
543 3039 738 3101 serenissimi
763 3039 918 3123 principis
949 3053 980 3101 et
1004 3039 1141 3118 domini,
1165 3039 1290 3102 domini
1316 3038 1436 3101 Mathie

168 3146 251 3226 regis
284 3144 464 3226 Hungarie,
495 3145 671 3224 Dalmacie,
705 3145 839 3208 Croacie
873 3159 932 3208 etc.
964 3147 1142 3228 prenotati,
1174 3144 1296 3228 prefata
1330 3157 1437 3207 nostra

168 3251 387 3312 communitas
404 3269 533 3312 causam
551 3251 632 3314 inter
651 3251 817 3313 dominam
836 3251 1072 3334 Margaretham
1094 3251 1273 3334 Rybaricza
1291 3264 1435 3314 vocatam

168 3376 204 3416 ac
227 3355 403 3418 Nicolaum
421 3355 619 3418 aurifabrum
637 3357 765 3420 racione
790 3356 1005 3439 quarumdam
1022 3357 1194 3420 domorum
1220 3369 1251 3419 et
1275 3357 1434 3418 curiarum

168 3463 211 3523 sic
235 3475 267 3524 et
292 3464 456 3525 eomodo
481 3462 688 3544 adjudicavit,
712 3464 800 3544 quod
826 3465 902 3545 quia
926 3463 1047 3546 prefate
1072 3464 1189 3525 domus
1214 3477 1244 3526 et
1268 3463 1354 3524 curie
1380 3482 1436 3544 per

169 3567 449 3648 adjudicacionem
474 3569 505 3630 in
538 3569 733 3651 quibusdam
765 3570 865 3632 literis
897 3571 1014 3632 nostris
1046 3569 1288 3650 adjudicatoriis
1312 3567 1435 3651 specifi-

169 3687 272 3736 catam
298 3674 331 3735 in
356 3675 475 3755 quibus
497 3675 620 3737 nullam
644 3676 826 3757 potenciam
844 3674 912 3738 fore
938 3676 1165 3758 comperimus,
1191 3674 1329 3737 Johanni
1354 3675 1435 3755 Rap-

168 3781 240 3842 tiste
263 3799 387 3862 genero
411 3781 511 3864 ipsius
534 3782 660 3844 Nicolai
690 3781 843 3844 aurifabri
877 3796 1008 3866 propter
1032 3782 1195 3864 quandam
1228 3782 1335 3844 datam
1360 3780 1435 3862 juri·

168 3887 240 3949 dice
277 3885 384 3948 forent
418 3887 610 3970 adjudicate,
644 3887 832 3972 prefateque
856 3889 988 3952 domine
1021 3887 1222 3970 Margarethe
1254 3887 1433 3970 Rybaricze

167 3993 252 4055 dicte
277 4014 334 4076 per
358 3994 496 4056 eundem
515 3997 636 4077 absque
653 3996 743 4057 omni
760 3995 1019 4058 contradictione
1043 3995 1175 4078 pacifice
1192 3995 1333 4072 vendite,
1359 3994 1433 4056 ideo

169 4099 299 4162 easdem
325 4100 431 4162 eidem
456 4101 713 4182 adjudicavimus
730 4115 887 4185 perpetuo
903 4101 1132 4184 possidendam
1156 4102 1195 4162 de
1220 4121 1282 4182 qua
1308 4099 1433 4182 adjudi-

169 4207 300 4268 cacione
327 4221 433 4270 nostra
459 4208 600 4290 prefatus
619 4209 772 4271 Nicolaus
789 4207 952 4271 aurifaber
976 4209 1110 4271 minime
1135 4221 1315 4286 contentus,
1333 4208 1434 4290 ipsam

167 4331 297 4374 causam
322 4314 355 4374 in
379 4316 578 4395 presenciam
605 4315 692 4398 regie
718 4315 892 4396 Majestatis
926 4315 1098 4377 transmitti
1124 4315 1309 4396 postulavit,
1334 4331 1431 4394 quarn

168 4419 277 4480 eidem
299 4419 340 4480 ad
364 4420 561 4483 tricesimum
585 4422 763 4484 secundum
796 4423 883 4484 diem
908 4443 925 4484 a
950 4423 1002 4484 die
1026 4421 1210 4483 huiusmodi
1244 4431 1350 4482 nostre
1377 4418 1434 4480 ad-

169 4525 380 4604 judicacionis
404 4527 554 4590 duximus
578 4529 866 4594 transmittendam.

329 4709 426 4785 Faria
455 4724 552 4788 texta
581 4719 735 4808 proxima
764 4725 841 4808 post
868 4718 990 4790 festum
1019 4716 1283 4804 Assumpciouis.

686 4849 750 4932 (17.
774 4851 916 4932 augusti).

282 4970 357 5033 Item
390 4971 571 5054 Stephanus
603 4975 763 5056 fagichicz
801 4974 832 5035 in
865 4973 1029 5056 presencia
1060 4974 1163 5036 tocius
1195 4971 1434 5033 communitatis

173 5078 335 5140 revocavit
358 5078 467 5140 omnia
484 5082 592 5159 verba,
617 5079 847 5143 infamaciones
863 5094 894 5142 et
914 5082 1164 5142 subsanaciones
1180 5079 1309 5140 racione
1334 5077 1428 5138 deflo-
