3738 5786
371 481 413 560 46
733 482 933 560 Ann01452.
959 516 1000 525 —
1023 496 1074 560 24·
1102 482 1272 544 novembris.

372 695 442 776 ipso
468 693 626 756 Michaele
651 713 789 778 precone
821 707 952 778 propter
982 695 1226 758 matrimonium
1258 695 1396 778 separari
1422 693 1637 756 nullomodo

372 800 487 882 potuit,
512 800 552 862 de
570 801 696 862 civitate
715 800 857 883 predicta
882 803 998 864 eteius
1017 801 1180 863 territorio
1198 801 1283 863 exire
1300 815 1330 862 et
1348 801 1380 861 io
1405 799 1536 861 exilium
1554 799 1637 862 mitti

372 906 493 984 debuit,
518 919 554 968 ut
578 906 619 968 de
643 923 749 969 cetero
774 921 806 969 et
829 927 885 989 per
909 907 1048 990 ampIIus
1076 908 1143 990 ipse
1170 907 1306 969 Michael
1332 926 1405 968 cum
1430 906 1514 966 dicta
1539 925 1637 966 uxore

371 1032 427 1074 sua
453 1031 512 1074 nec
536 1013 633 1074 simul
658 1033 716 1074 nec
740 1015 912 1096 separaum
936 1014 977 1074 ad
994 1014 1155 1077 civitatem
1181 1029 1212 1076 et
1236 1015 1304 1076 eIus
1320 1012 1516 1076 territorium
1541 1012 1638 1073 debe·

372 1118 452 1180 bunt
475 1138 578 1201 usque
603 1119 641 1180 ad
660 1133 798 1181 mortem
824 1140 938 1182 eorum
957 1121 1086 1200 intrare,
1111 1121 1166 1202 qui
1184 1121 1209 1182 si
1235 1121 1266 1182 in
1285 1120 1351 1203 ipsa
1371 1119 1497 1181 ciuitate
1522 1117 1639 1180 eteius

322 1205 326 1217 ¹
372 1225 533 1287 territorio
558 1227 697 1308 repperti
723 1239 754 1287 et
778 1227 899 1288 inventi
929 1225 1058 1306 fuerint,
1089 1227 1175 1308 juxta
1200 1246 1312 1289 eorum
1344 1226 1498 1288 demerita
1522 1243 1638 1306 penam

371 1351 470 1414 quam
494 1332 723 1411 demeruerint,
747 1346 995 1414 consequentur.

480 1439 558 1502 Item
583 1439 658 1521 quia
684 1439 783 1502 Lucia
807 1439 935 1519 mulier,
951 1438 1017 1502 filia
1042 1439 1183 1501 condam
1197 1439 1281 1502 Petri
1299 1438 1375 1501 dicti
1399 1439 1542 1522 Byskup,
1558 1457 1639 1500 uxor

373 1545 494 1608 Vrbani
519 1545 709 1628 Petrenych,
741 1546 773 1606 in
807 1545 979 1608 manifesto
1007 1543 1093 1608 furtu
1124 1565 1277 1608 aucarum
1302 1559 1333 1607 et
1364 1545 1499 1608 aliarum
1531 1563 1638 1608 rerum

372 1664 520 1734 repperta
543 1664 574 1714 et
598 1651 728 1714 inventa
752 1665 799 1714 est
817 1651 996 1732 manifeste,
1013 1672 1076 1734 que
1094 1652 1169 1714 licet
1192 1672 1250 1735 pro
1274 1652 1345 1736 ipso
1367 1672 1425 1715 suo
1451 1651 1638 1714 huiusmodi

372 1757 458 1820 furtu
482 1758 635 1840 suspendi
653 1758 826 1838 debuisset,
843 1771 950 1820 tamen
977 1759 1052 1840 quia
1071 1779 1129 1840 pro
1146 1759 1260 1820 eadem
1278 1759 1414 1821 muliere
1431 1759 1463 1820 in
1489 1778 1528 1820 eo
1546 1757 1639 1820 nobis

370 1865 586 1947 supplicatum
605 1877 653 1926 est
675 1865 855 1948 perplures
879 1867 998 1948 probos
1028 1879 1059 1928 et
1078 1865 1230 1927 honestos
1254 1866 1340 1927 viros
1363 1880 1398 1928 ut
1421 1866 1480 1927 sibi
1497 1865 1638 1947 graciam

371 1984 402 2033 et
426 1971 679 2034 misericordIam
704 1969 807 2033 Iacere
840 1972 1041 2051 deberemus,
1075 1971 1215 2053 ideoque
1249 1992 1308 2034 nos
1339 1972 1572 2050 commisimus,
1604 1983 1639 2030 ut

371 2077 439 2159 ipsa
465 2077 563 2140 Lucia
588 2078 705 2140 mulier
735 2078 774 2140 de
806 2091 912 2140 cetero
944 2091 975 2140 et
998 2098 1055 2160 per
1088 2079 1227 2160 amplius
1250 2079 1290 2140 ad
1322 2079 1483 2140 civitatem
1509 2091 1540 2140 et
1571 2077 1639 2138 eius

371 2183 567 2246 territorium
591 2184 709 2245 intrare
733 2203 798 2246 non
823 2185 948 2263 debeat,
973 2204 1036 2266 que
1061 2183 1086 2245 si
1113 2185 1145 2245 iu
1178 2185 1306 2246 civitate
1331 2199 1361 2246 et
1386 2185 1454 2246 eius
1478 2183 1638 2246 territorio

372 2290 512 2372 ampIIus
536 2303 682 2373 repperta
707 2289 813 2370 fuerit,
830 2289 915 2372 juxta
940 2311 996 2352 sua
1021 2291 1174 2353 demerita
1194 2311 1310 2373 penam
1330 2311 1427 2373 quam
1445 2289 1640 2352 demeruerit

370 2411 595 2478 consequetur.

425 2597 521 2670 Feria
549 2607 649 2670 sexta
677 2603 832 2689 proxima
860 2607 938 2670 ante
970 2599 1093 2671 festum
1132 2601 1228 2671 beate
1261 2599 1446 2690 Elyzabeth
1473 2601 1584 2672 vidue.

863 2731 926 2812 (17.
951 2733 1139 2805 novembris).

477 2854 554 2916 Item
579 2855 726 2937 Mathyas
750 2855 890 2917 carnifex
915 2869 1024 2918 contra
1051 2857 1231 2919 Iohannem
1256 2855 1439 2920 carnIficem
1464 2856 1569 2938 primo
1594 2854 1638 2916 ci-

370 2975 454 3023 tatus
479 2980 543 3023 non
569 2963 759 3044 comparuit.

476 3068 553 3130 Item
578 3069 754 3151 Dyonisius
778 3070 954 3155 Wodopya
985 3085 1094 3133 contra
1127 3072 1298 3135 Nicolaum
1330 3085 1473 3134 sutorem
1497 3070 1637 3152 juratum

371 3175 403 3236 in
435 3175 541 3257 primo
576 3173 697 3255 judicio
729 3177 874 3258 proxime
905 3178 1085 3240 occurrenti
1119 3179 1160 3239 ad
1192 3179 1340 3240 acciones
1372 3198 1444 3240 suas
1476 3176 1639 3239 tenebitur

369 3280 574 3363 respondere.

476 3385 554 3448 Item
579 3387 710 3448 Rawsar
726 3387 821 3469 judex
846 3403 955 3451 contra
974 3389 1139 3452 Thomam
1162 3389 1302 3472 juratum
1321 3391 1515 3452 modernum
1532 3390 1639 3472 prImo

370 3493 483 3554 citatus
508 3512 572 3554 non
597 3493 788 3576 comparuit.

477 3598 554 3660 Item
580 3599 733 3661 Nicolaus
758 3615 789 3662 et
812 3601 996 3663 Anthonius
1019 3617 1143 3666 sutores
1160 3619 1270 3666 contra
1294 3604 1487 3687 Dyonisium
1512 3603 1638 3667 Wodo-

372 3705 424 3787 pia
448 3705 488 3766 ad
520 3705 667 3768 acciones
700 3720 731 3767 et
761 3708 1003 3790 propositiones
1027 3729 1100 3770 suas
1133 3711 1164 3771 in
1202 3711 1307 3792 primo
1339 3710 1461 3792 judicio
1493 3710 1639 3793 proxime

373 3811 552 3873 occurrenti
575 3813 770 3874 tenebuntur
794 3813 999 3896 respondere.

371 4008 469 4083 Feria
497 4019 594 4083 sexta
623 4014 777 4123 proxima
805 4023 883 4084 ante
920 4015 1042 4086 festum
1080 4017 1177 4087 beate
1217 4017 1401 4090 Kothcrine
1431 4023 1575 4109 virginis
1603 4031 1638 4092 et

848 4141 1003 4209 martiris
1031 4137 1167 4210 Christi.

864 4287 930 4368 (24.
955 4291 1142 4373 novembris).

480 4409 557 4471 Item
583 4410 729 4493 Mathyas
754 4411 892 4473 carnifex
925 4427 1035 4476 contra
1067 4415 1248 4479 Iohannem
1280 4420 1463 4484 carnificem
1495 4426 1639 4487 secundo

372 4514 486 4576 citatus
511 4535 576 4577 non
601 4517 790 4598 comparuit.

479 4619 557 4683 Item
581 4622 712 4682 Rawsar
730 4621 900 4685 Conradus
916 4624 1011 4706 judex
1029 4643 1139 4690 eontra
1157 4628 1319 4693 Thomam
1337 4632 1478 4714 juratum
1495 4637 1640 4700 secundo

372 4725 485 4786 citatus
509 4745 574 4787 non
603 4729 791 4808 comparuit.

479 4829 555 4892 Item
583 4831 676 4910 jurati
708 4833 972 4914 adjudicaverunt
996 4857 1124 4899 causam
1155 4841 1237 4902 inter
1270 4844 1448 4926 Symonem
1473 4865 1639 4930 carpenta·

375 4933 457 4996 rium
483 4949 514 4996 et
539 4936 711 4998 Martinum
736 4937 874 5018 judicem
900 4942 1034 5004 infacto
1058 4961 1202 5025 segetum
1229 4949 1260 5010 in
1287 4950 1367 5014 facIe
1391 4966 1475 5017 terre
1500 4959 1638 5020 condam
