3694 5782
820 485 905 542 Anno
929 481 1019 562 1467.
1045 519 1086 527 -
1109 481 1161 544 28.
1186 483 1356 546 novembris.

456 711 486 760 et
511 697 697 759 commitere
723 696 877 778 permisit,
902 716 958 776 per
975 696 1094 777 juratos
1111 697 1194 758 dicte
1223 697 1358 758 civitatis
1375 699 1590 780 adjudicatam
1616 713 1648 760 et
1664 719 1700 781 pet

456 805 596 865 eundem
621 803 809 864 Thomaslto
842 803 980 884 juratum
1006 803 1046 864 ad
1078 823 1137 864 nos
1160 804 1303 864 seniores
1336 805 1418 866 dicte
1443 805 1579 866 civitatis
1610 806 1699 887 appel·

457 912 554 972 latam
579 909 710 990 judices,
736 929 793 968 nos
826 909 969 969 seniores
999 907 1121 990 judices
1153 909 1256 970 taliter
1287 911 1468 971 invenimus
1499 925 1530 971 et
1553 910 1699 990 adjudica·

454 1018 570 1096 vimus,
593 1015 681 1097 quod
706 1017 773 1097 ipse
799 1015 937 1076 Michael
961 1015 1083 1096 juratus
1100 1016 1276 1077 modernus
1299 1031 1464 1098 tamquam
1482 1016 1604 1078 habens
1628 1031 1698 1098 pote·

454 1139 567 1185 statem
600 1121 821 1184 malefactores
855 1122 1014 1204 captivare
1046 1123 1079 1182 in
1111 1123 1194 1184 dicta
1227 1123 1354 1184 civitate
1391 1137 1421 1184 et
1453 1144 1508 1184 eos
1540 1124 1698 1185 carceribus

455 1230 648 1312 mancipare,
672 1230 781 1310 sicque
807 1229 950 1308 eosdem,
977 1229 1142 1291 Grandam
1170 1229 1246 1310 quia
1279 1230 1390 1290 eadem
1417 1229 1547 1291 Grande
1571 1251 1629 1312 pro
1652 1230 1698 1290 suis

456 1337 620 1399 demeritis
644 1351 690 1398 est
712 1336 823 1418 punita
849 1349 879 1398 et
903 1349 989 1398 extra
1007 1336 1168 1398 civitatem
1194 1336 1350 1417 delegata,
1376 1337 1443 1418 ipse
1461 1357 1537 1398 vero
1562 1339 1697 1398 Martinus

455 1444 609 1526 presbiter
631 1457 762 1525 propter
785 1463 842 1504 sua
866 1442 1021 1503 demerita
1054 1440 1115 1504 fuit
1141 1443 1234 1504 datus
1265 1443 1305 1504 ad
1337 1463 1451 1504 manus
1475 1444 1584 1505 vicarii
1609 1457 1639 1506 et
1658 1463 1697 1526 per

455 1551 593 1612 eundem
619 1551 773 1612 vicarium
797 1550 940 1631 punitus,
966 1550 1024 1630 ipsi
1050 1563 1157 1611 autem
1177 1549 1366 1611 Thomasko
1391 1552 1504 1612 sartori
1522 1552 1622 1634 ipsam
1642 1570 1696 1612 con·

455 1671 574 1718 sortem
599 1675 689 1716 suam
707 1669 837 1737 propter
860 1675 935 1716 suos
952 1675 1107 1733 excessus,
1132 1656 1221 1737 quod
1246 1657 1332 1738 ipsos
1349 1658 1550 1718 conservavit
1567 1658 1599 1718 in
1617 1657 1695 1718 domo

457 1784 525 1839 sua,
549 1763 730 1843 corrigendi
755 1782 792 1822 ex
817 1781 855 1822 co
880 1761 968 1842 quod
989 1761 1055 1843 ipse
1081 1776 1198 1822 eotuuc
1228 1782 1293 1823 non
1318 1760 1377 1824 fuit
1401 1763 1489 1824 domi
1515 1764 1695 1824 attribuimus

457 1869 622 1952 potestatis
639 1867 834 1944 facultatem,
859 1868 1026 1950 ipsamque
1044 1887 1175 1928 uxorem
1198 1869 1296 1951 ipsius
1321 1869 1509 1930 Thomaslto
1535 1870 1633 1930 libere
1647 1888 1694 1929 ma·

455 1975 553 2037 nendi
578 1976 610 2035 in
636 1974 735 2036 domo
759 1994 814 2034 sua
839 1974 871 2034 in
897 1973 979 2034 dicta
1005 1973 1133 2034 civitate
1159 1988 1188 2035 et
1212 1973 1388 2036 honorifice
1414 1995 1611 2057 permanere.
1637 1975 1693 2036 ltem

455 2083 671 2164 juramentum
696 2080 783 2162 quod
809 2079 869 2141 fuit
900 2079 1118 2162 adjudicatum
1151 2080 1211 2162 ipsi
1236 2080 1385 2142 Michaeli
1419 2097 1449 2142 et
1473 2082 1543 2142 aliis
1567 2081 1694 2164 predictis

456 2208 515 2270 pro
549 2188 736 2269 recepcione
768 2185 996 2268 peccuniarum
1030 2201 1060 2248 et
1092 2187 1227 2247 aliarum
1259 2206 1366 2248 rerum
1391 2187 1423 2248 in
1449 2187 1548 2248 domo
1573 2187 1692 2249 eiusdem

457 2295 665 2372 Thomaslto,
696 2293 952 2372 adjudicavimus
984 2293 1089 2354 eidem
1122 2293 1214 2354 uxori
1246 2293 1345 2374 ipsius
1380 2293 1569 2355 Thomaslto
1602 2293 1692 2368 taliter,

456 2401 544 2484 quod
570 2401 636 2482 ipsa
658 2400 753 2460 debet
769 2400 872 2481 jurare
891 2397 969 2460 feria
986 2399 1082 2461 tercia
1100 2399 1245 2481 proxima
1262 2413 1334 2481 post
1353 2398 1469 2462 festum
1487 2402 1571 2462 beati
1588 2401 1692 2461 Andree

456 2507 593 2590 apostoli
618 2507 763 2588 proxime
797 2519 969 2567 venturum
994 2505 1158 2567 terciamet
1190 2525 1263 2566 cum
1292 2507 1437 2587 personis
1467 2507 1528 2568 sibi
1560 2506 1692 2568 similibus

457 2614 578 2676 civissis
603 2613 634 2674 in
660 2633 713 2674 ara
738 2627 844 2674 sancte
869 2612 982 2674 Crucis
1001 2612 1033 2673 in
1058 2613 1190 2674 ccclesia
1209 2613 1308 2673 sancti
1333 2613 1432 2674 Marci
1457 2614 1651 2694 ewangeliste
1670 2611 1693 2670 in

457 2722 540 2782 dicta
565 2720 691 2781 civitate
709 2733 899 2798 constructa,
924 2733 954 2780 et
978 2739 1073 2801 super
1098 2739 1164 2800 quo
1182 2719 1248 2801 ipsa
1265 2719 1392 2800 jurabit,
1417 2719 1478 2781 hoc
1496 2721 1562 2802 ipse
1577 2721 1606 2782 M
1614 2716 1694 2780 ichael

459 2826 590 2909 pellifex
615 2846 687 2888 cum
712 2825 776 2887 suis
799 2825 957 2887 consociis
990 2825 1095 2886 eidem
1121 2825 1308 2887 Thomaslto
1330 2839 1361 2888 et
1394 2828 1484 2888 uxori
1509 2847 1564 2889 sue
1591 2827 1696 2888 solvere

456 2934 672 3008 tenebuntur;
698 2933 737 2992 de
762 2951 827 3014 quo
848 2932 968 3014 judicio
992 2947 1102 2993 nostro
1125 2932 1275 2995 videlicet
1291 2933 1453 2995 seniorum
1478 2933 1618 3014 judicum
1644 2933 1696 3013 ipse

459 3039 648 3101 Thomasko
673 3059 738 3099 non
764 3051 942 3116 contentus,
967 3037 1102 3099 eandem
1121 3058 1249 3100 causam
1274 3059 1347 3100 cum
1370 3040 1461 3101 totali
1486 3061 1543 3102 suo
1565 3055 1692 3122 processu

460 3147 491 3207 in
517 3146 715 3227 presenciam
741 3144 883 3225 magistri
914 3144 1184 3206 thawarnicorum
1216 3146 1301 3226 regie
1333 3146 1508 3208 Maiestatis
1535 3143 1692 3228 appellavit,

459 3251 577 3332 quibus
601 3251 743 3332 partibus
760 3251 916 3311 ambabus
936 3270 1044 3311 coram
1068 3251 1183 3312 eodem
1202 3252 1353 3332 magistro
1370 3252 1629 3314 thasvarnicorum
1643 3264 1690 3310 ter-

458 3357 582 3418 minum
600 3356 785 3438 prehximus
802 3371 950 3419 octavum
969 3357 1055 3418 diem
1072 3356 1142 3418 festi
1161 3357 1413 3439 Epiphaniarum
1433 3359 1555 3421 domini
1571 3355 1691 3440 proxime

457 3475 638 3524 venturum.

563 3569 641 3630 Item
666 3588 724 3629 nos
748 3569 890 3630 seniores
913 3568 1034 3650 judices
1059 3570 1141 3630 dicte
1174 3570 1309 3631 civitatis
1333 3591 1462 3632 causam
1488 3573 1566 3634 inter
1588 3569 1689 3632 Antho-

458 3676 547 3736 nium
574 3674 786 3757 Thermsych,
803 3675 996 3736 modernum
1014 3675 1163 3756 juratum,
1181 3691 1212 3736 et
1229 3677 1310 3736 inter
1328 3677 1490 3738 Thomam
1508 3694 1634 3741 sutorem
1648 3693 1690 3756 ge·

458 3801 571 3843 nerum
588 3781 767 3842 Clementis
783 3778 952 3862 freniparis
965 3782 1093 3842 racione
1110 3783 1342 3864 vituperiorum
1356 3803 1412 3865 per
1433 3785 1538 3866 ipsum
1554 3785 1690 3846 Thomam

457 3907 552 3969 super
577 3887 681 3968 ipsum
699 3887 900 3948 Anthonium
921 3887 1123 3970 Thermsych
1142 3887 1298 3950 factorum
1324 3903 1355 3951 et
1378 3909 1434 3972 per
1451 3891 1567 3970 juratos
1586 3885 1691 3964 adjudi-

459 4007 572 4070 catam,
597 4006 628 4053 et
652 3993 691 4053 ab
716 3993 792 4074 ipsis
820 3992 930 4074 juratis
960 3995 1001 4054 ad
1034 4007 1174 4055 nostram
1206 3995 1357 4057 videlicet
1389 3997 1550 4059 seniorum
1571 3995 1690 4078 judicum

457 4101 652 4182 appellatam
679 4101 709 4160 in
728 4101 938 4182 presenciam,
961 4101 1067 4162 taliter
1084 4102 1266 4162 invenimus
1293 4115 1324 4163 et
1340 4103 1596 4184 adjudicavimus,
1618 4096 1690 4180 quod

457 4207 531 4286 quia
558 4207 624 4288 ipse
649 4206 795 4268 Thomas
819 4207 1011 4288 vituperavit
1036 4209 1175 4269 eundem
1194 4208 1395 4271 Anthonium
1421 4207 1690 4293 Thermsychtam-

457 4332 554 4393 quam
579 4311 717 4392 juratum
743 4327 774 4374 et
798 4333 987 4376 assessorem
1006 4315 1153 4376 moderni
1178 4315 1292 4398 judicis
1320 4317 1431 4396 nostri,
1449 4319 1536 4399 quod
1559 4317 1617 4397 ipse
1638 4316 1691 4372 An-

457 4417 586 4478 thonius
611 4420 833 4499 comprobavit
855 4439 912 4501 per
935 4433 1041 4498 testes,
1073 4421 1147 4483 ideo
1176 4442 1235 4483 nos
1265 4422 1408 4484 seniores
1432 4423 1551 4504 judices
1571 4417 1689 4480 eundem

457 4525 619 4585 Thomam
645 4539 755 4586 contra
780 4526 919 4588 eundem
944 4527 1147 4589 Anthonium
1179 4529 1212 4589 in
1238 4529 1376 4610 birsagio
1402 4530 1514 4593 decem
1536 4539 1690 4592 marcarum

456 4631 694 4708 commisimus3
720 4633 776 4693 ubi
801 4648 908 4694 autem
934 4634 1000 4716 ipse
1022 4635 1167 4696 Thomas
1192 4635 1328 4716 dicebat,
1353 4637 1442 4718 quod
1459 4637 1518 4720 ipsi
1541 4631 1623 4718 jurati
1644 4646 1691 4689 no·

455 4736 584 4797 luerunt
608 4737 667 4797 sibi
692 4738 832 4819 recipere
851 4738 953 4800 facere
979 4741 1102 4822 palium
1123 4761 1216 4802 suum
1244 4741 1318 4802 ideo
1343 4744 1431 4824 quod
1449 4745 1515 4826 ipse
1539 4758 1597 4804 non
1619 4733 1693 4795 dedit

456 4842 501 4902 eis
526 4843 665 4924 recipere
699 4844 802 4924 ipsum
837 4846 957 4927 palium
984 4861 1014 4907 et
1044 4844 1103 4908 fuit
1128 4847 1317 4909 inobediens
1349 4849 1425 4930 ipsis
1456 4850 1570 4931 juratis,
1594 4843 1622 4902 in
1644 4840 1693 4900 h⁰t

456 4947 522 5029 ipse
548 4947 694 5010 Thomas
718 4951 805 5012 solus
830 4951 962 5029 sibimet
984 4951 1044 5015 fuit
1068 4967 1098 5014 et
1123 4968 1168 5016 est
1185 4955 1365 5038 culpabilis,
1392 4958 1467 5040 quia
1490 4959 1514 5019 si
1539 4951 1593 5039 ipsi
1616 4943 1694 5030 jufflll
