3818 5786
788 511 876 569 Anno
897 523 988 588 1451.
1014 545 1054 554 -
1078 507 1131 570 26.
1154 511 1322 570 novembres.

524 722 602 784 Item
627 722 722 804 jurati
746 721 971 802 adjudicarunt
995 741 1124 784 causam
1145 723 1227 784 inter
1251 723 1430 784 Barnabam
1454 722 1558 786 filium
1584 721 1684 784 Blasii

420 828 460 890 de
486 829 593 892 Mlaka
616 848 771 912 generum
797 828 927 912 Mathye
960 828 1111 908 mendicI,
1136 841 1170 892 ut
1200 842 1353 909 actorem,
1377 841 1408 892 et
1437 829 1520 890 inter
1544 829 1683 891 eundem

418 935 583 1018 Mathyam
609 935 794 998 mendicum
827 937 859 998 in
892 933 976 1000 facto
1008 935 1246 999 vulneracionis
1277 955 1391 998 manus
1414 935 1514 1018 ipsius
1538 935 1684 998 Barnabe

420 1043 536 1104 actoris
553 1057 674 1105 motam
698 1063 737 1105 eo
753 1043 864 1122 modo,
888 1056 922 1104 ut
938 1043 1014 1125 quia
1038 1043 1106 1126 ipse
1130 1042 1277 1126 Mathyas
1292 1041 1381 1104 solus
1397 1037 1576 1104 nominauit
1593 1040 1682 1123 quod

420 1146 524 1230 ipsum
549 1148 729 1210 Barnabsm
755 1149 945 1228 vulneravit,
974 1148 1048 1211 ideo
1073 1149 1141 1232 ipse
1173 1143 1320 1232 Mathyas
1351 1148 1448 1210 debet
1472 1167 1569 1229 quam
1594 1147 1683 1230 prius

419 1254 547 1316 medico
569 1255 627 1318 lesi
652 1253 834 1318 satisfacere
860 1269 890 1318 et
922 1253 982 1338 ipsi
1006 1255 1152 1318 Barnabe
1184 1255 1252 1317 Ieso
1284 1254 1381 1317 debet
1404 1253 1461 1316 XII
1486 1268 1517 1315 et
1541 1251 1682 1315 mediam

417 1379 532 1442 pensas
556 1362 763 1425 denariorum
787 1363 970 1445 persolvere
994 1375 1025 1424 et
1043 1362 1150 1444 'judici
1174 1382 1211 1424 ac
1234 1361 1327 1442 jurati
1353 1361 1391 1424 C.
1416 1361 1575 1424 denarios.

527 1469 603 1531 Item
640 1468 733 1550 jurati
775 1468 1000 1553 adjudicarunt
1037 1488 1166 1531 causam
1206 1469 1288 1531 inter
1319 1467 1524 1530 Franciscum
1564 1465 1684 1528 dictum

418 1577 569 1657 Fernecz‚
596 1589 631 1638 ut
654 1590 807 1655 actorem,
835 1589 867 1638 et
896 1576 979 1638 Inter
1003 1574 1182 1658 Georgium
1199 1573 1405 1657 Banlrowych
1428 1585 1464 1636 ut
1487 1573 1520 1634 in
1551 1589 1679 1634 causam

416 1697 596 1762 attractum,
621 1697 656 1744 ut
679 1683 747 1766 ipse
772 1682 960 1745 Franciscus
980 1703 1078 1766 penes
1094 1682 1215 1744 vibices
1237 1701 1294 1744 seu
1318 1679 1480 1744 cicatrices
1496 1679 1680 1742 terciusmet

416 1789 511 1852 debet
536 1789 638 1870 jurare
662 1809 758 1872 super
782 1809 832 1869 e0,
857 1803 891 1851 ut
922 1789 989 1872 ipse
1016 1789 1067 1870 G.‚
1095 1809 1176 1852 uxor
1199 1807 1255 1850 seu
1287 1789 1386 1850 homo
1410 1790 1486 1849 'suus
1518 1785 1676 1868 predictas

416 1896 577 1957 cicatrices
601 1915 656 1958 seu
681 1896 802 1958 vibices
826 1895 901 1958 lecit
924 1916 1019 1979 super
1043 1896 1148 1979 ipsum
1173 1895 1397 1971 Franciscum3
1426 1907 1457 1956 et
1480 1892 1558 1955 dum
1582 1909 1677 1974 super

418 2021 505 2063 arum
530 2000 692 2081 juraverit,
716 2015 792 2064 tunc
809 2003 869 2084 ipsi
887 2003 955 2064 leso
976 2003 1072 2065 debet
1087 2002 1234 2065 similiter
1257 2001 1314 2063 XII
1332 2015 1363 2063 et
1387 1999 1528 2063 mediam
1545 2016 1678 2081 pensam

417 2108 623 2169 denariorum
648 2109 830 2190 persolvere
854 2123 885 2171 st
909 2109 1007 2192 judici
1031 2129 1067 2172 ac
1091 2108 1201 2192 juratis
1226 2107 1264 2170 C.
1289 2107 1449 2170 denarios.

520 2213 596 2276 Item
629 2214 722 2294 jurati
755 2215 979 2297 adjudicarunt
1010 2235 1137 2278 causam
1162 2215 1244 2278 inter
1269 2213 1402 2277 Gallum
1426 2209 1617 2294 Fermelych
1650 2224 1682 2272 et

416 2321 498 2382 inter
528 2320 721 2403 Gregorium
754 2321 856 2385 filium
891 2321 1024 2404 Georgii
1056 2321 1274 2406 Banlrowych‚
1306 2335 1341 2383 ut
1372 2321 1440 2403 ipse
1467 2318 1582 2381 Gallus
1606 2317 1681 2379 Fer·

304 2491 306 2495 ,
416 2426 543 2510 melych
568 2441 682 2489 octavo
707 2429 759 2489 die
783 2449 879 2511 super
903 2449 990 2490 aram
1020 2429 1116 2491 debet
1139 2428 1242 2510 jurare
1275 2427 1460 2490 terciusmet
1483 2444 1581 2508 penes
1602 2423 1680 2485 eilu-

415 2533 540 2594 sionem
564 2534 729 2615 sanguinis
752 2533 809 2596 filii
833 2535 893 2614 sui,
911 2549 945 2596 ut
968 2535 1036 2617 ipse
1053 2533 1230 2617 Gregorius
1254 2534 1435 2618 predictum
1459 2531 1562 2594 filium
1579 2531 1679 2613 ipsius

417 2639 607 2722 Fermelych
631 2642 787 2723 percussit
818 2661 919 2724 usque
951 2642 991 2704 ad
1015 2642 1180 2724 sanguinis
1205 2641 1415 2719 effusionem3
1439 2654 1471 2703 et
1494 2641 1572 2702 dum
1596 2639 1680 2720 jura·

414 2746 505 2824 verit,
537 2759 614 2808 tunc
646 2749 714 2830 ipse
747 2747 924 2829 Gregorius
955 2749 1014 2832 ipsi
1048 2748 1237 2832 Fermelych
1278 2749 1374 2811 debet
1404 2747 1528 2810 solvere
1560 2745 1618 2806 IIII
1650 2758 1681 2808 et

413 2851 553 2913 mediam
577 2873 709 2936 pensam
734 2854 940 2917 denariorum
965 2869 995 2918 et
1018 2854 1116 2938 judici
1141 2875 1177 2918 ac
1200 2855 1310 2937 juratis
1334 2853 1372 2918 C.
1394 2852 1554 2916 denarios.

416 3067 513 3142 leria
541 3081 639 3144 sexta
668 3076 824 3164 proxima
852 3083 928 3164 post
956 3074 1079 3146 festum
1117 3081 1234 3146 sancte
1263 3074 1446 3146 llatherine
1476 3074 1617 3162 virginis
1646 3077 1681 3143 et

889 3200 1045 3270 martiris
1074 3195 1210 3270 Christi.

915 3351 980 3430 (26.
1003 3353 1191 3430 novembris).

523 3492 601 3554 Item
619 3491 809 3555 Valentinus
826 3492 915 3556 faber
938 3506 1049 3556 contra
1066 3493 1245 3575 Georgium
1262 3493 1555 3556 molendinatorem
1572 3493 1678 3576 primo

416 3597 529 3659 citatus
553 3617 618 3660 non
643 3599 833 3681 comparuit.

522 3705 599 3766 Item
633 3705 725 3788 jurati
756 3707 980 3788 adjudicarunt
1011 3725 1139 3768 causam
1172 3705 1246 3769 furti
1281 3705 1495 3788 quarumdam
1520 3705 1575 3767 VII
1600 3725 1678 3788 pen·

414 3831 520 3873 sarum
546 3811 752 3874 denariorum
784 3827 814 3875 et
846 3813 984 3875 duorum
1015 3814 1187 3876 anulorum
1221 3813 1303 3876 inter
1325 3811 1485 3894 Agatham
1519 3813 1675 3874 nutricem

414 3917 555 4000 Philippi
572 3916 677 3999 jurati,
702 3918 865 3999 aurifabri,
882 3933 912 3980 et
936 3920 1018 3982 inter
1043 3919 1250 3982 Scolasticam
1267 3938 1399 3981 uxorem
1417 3918 1577 3980 Francisci
1595 3918 1677 3999 agri·

414 4023 484 4085 cole
499 4037 529 4084 er
553 4024 635 4084 inter
652 4024 816 4087 dominam
836 4025 1034 4088 Dorotheam
1055 4045 1188 4088 uxorem
1206 4026 1335 4088 MartIni
1352 4025 1477 4108 judicis,
1494 4025 1548 4087 tali
1567 4025 1677 4104 modo,

414 4142 449 4190 ut
473 4129 540 4211 ipsa
565 4133 667 4212 Agara
692 4129 809 4212 jurabit
831 4145 946 4194 octavo
971 4132 1022 4193 die
1043 4151 1138 4214 super
1155 4151 1204 4210 e0‚
1230 4145 1265 4194 ut
1288 4133 1355 4215 ipsa
1380 4132 1482 4215 ipsam
1506 4133 1677 4215 pecuniam

414 4255 504 4298 suam
530 4237 614 4318 ipsas
638 4237 693 4298 VII
718 4257 831 4319 pensas
849 4237 1053 4300 denariorum
1072 4253 1103 4301 et
1119 4239 1205 4320 ipsos
1226 4237 1308 4300 duos
1331 4239 1446 4302 anulos
1464 4239 1495 4300 in
1521 4237 1677 4321 predanio

415 4342 501 4404 etin
526 4345 617 4405 stuba
649 4343 826 4405 liberorum
859 4343 997 4406 condam
1022 4344 1170 4427 Gregorii
1202 4344 1241 4406 de
1273 4344 1431 4407 Vruowcz
1461 4345 1493 4406 in
1517 4345 1595 4406 cista
1619 4365 1677 4407 sua

413 4450 473 4510 sub
498 4449 643 4512 clausura
667 4463 698 4512 et
721 4469 787 4512 sera
814 4471 870 4512 sua
892 4451 1035 4533 reposuit
1059 4465 1089 4512 et
1112 4451 1171 4534 ipsi
1197 4451 1369 4514 Scolastice
1393 4471 1430 4514 ac
1454 4451 1586 4514 domine
1611 4452 1677 4514 Do-

413 4556 523 4619 rothee
556 4556 717 4620 custodire
748 4559 955 4636 recommisit,
997 4578 1033 4620 ac
1063 4561 1123 4620 sub
1155 4557 1268 4620 eadem
1301 4559 1447 4621 clausura
1477 4571 1507 4620 et
1531 4559 1677 4622 custodia

412 4676 486 4725 sunt
510 4665 686 4740 subtracte;
712 4663 778 4746 ipsa
804 4677 911 4725 autem
933 4664 1106 4726 Scolastica
1131 4677 1162 4726 et
1186 4664 1317 4726 domina
1335 4663 1499 4726 Dorothea
1524 4663 1677 4746 jurabunt

413 4785 526 4833 octavo
551 4771 603 4832 die
627 4789 722 4852 super
747 4790 797 4850 eo,
821 4783 856 4831 ut
880 4771 946 4852 lpse
971 4771 1088 4832 dictam
1112 4771 1280 4853 pecuniam
1306 4785 1337 4833 et
1360 4771 1448 4853 ipsos
1471 4771 1586 4832 anulos
1610 4791 1676 4833 non

413 4881 636 4940 subtraxerunt
660 4897 717 4938 nec
741 4889 815 4939 sunt
839 4877 965 4939 conscie
991 4878 1022 4939 ln
1048 4879 1116 4960 ipso
1142 4876 1248 4954 furtu;
1273 4891 1305 4939 et
1328 4877 1475 4960 deposito
1500 4876 1569 4959 ipso
1594 4878 1676 4956 jura·

413 5000 522 5046 mento
544 4985 611 5068 ipse
638 4983 810 5046 Scolastica
828 4997 859 5045 et
882 4983 1013 5046 domina
1039 4984 1201 5047 Dorothea
1225 4985 1360 5048 solvent.
