3644 5788
551 559 752 640 Anno1462.
778 595 819 606 —
842 575 893 641 14.
917 562 1000 624 maii.
1348 583 1408 645 223

253 774 333 836 Item
358 793 486 836 causam
512 775 594 836 inter
619 777 739 838 Lucam
768 789 923 838 sartorem
951 789 981 838 et
1014 776 1137 836 Jursam
1163 775 1410 838 inhabitatorem

158 882 230 942 dicte
255 883 395 944 civitatis
419 883 547 944 racione
573 883 769 964 recepcionis
794 883 868 963 equi
903 883 1002 965 ipsius
1028 883 1111 944 Luce
1138 883 1169 942 in
1195 883 1337 964 dampno
1361 903 1410 944 re·

157 1002 284 1069 pertum,
309 988 404 1068 jurati
436 989 712 1070 adjudicaverunt,
744 989 832 1071 quod
866 990 932 1070 ipse
957 989 1047 1050 Jursa
1080 988 1184 1068 jurare
1209 988 1346 1052 debebat
1378 991 1410 1050 in

156 1115 201 1156 ara
224 1109 332 1157 sancte
359 1095 471 1158 Crucis
495 1097 659 1174 solusmet,
684 1097 772 1177 quod
802 1095 868 1178 ipse
893 1096 1014 1157 dictum
1049 1115 1168 1176 equum
1195 1097 1225 1156 in
1250 1095 1411 1176 segetibus

155 1202 212 1262 suis
242 1203 425 1284 recepisset,
450 1218 481 1265 et
512 1204 537 1264 si
569 1203 698 1283 jurabit,
732 1217 846 1263 extunc
871 1202 939 1284 ipse
972 1202 1074 1262 Lucas
1099 1203 1129 1262 in
1155 1200 1238 1263 lacto
1263 1203 1410 1284 potencie

155 1327 243 1390 quam
267 1323 379 1370 contra
404 1310 508 1391 ipsum
534 1310 659 1371 Jursam
690 1309 815 1370 dicebat
837 1308 1032 1384 remanebit;
1058 1307 1096 1368 de
1122 1327 1187 1389 quo
1204 1307 1325 1390 judicio
1344 1327 1408 1370 non

155 1431 317 1478 contentus
341 1415 481 1498 prelatus
507 1417 609 1478 Lucas
633 1415 672 1477 ad
698 1416 840 1478 seniores
868 1415 989 1496 judices
1013 1415 1198 1497 appellavit.

251 1523 329 1585 ltem
355 1524 447 1585 datus
472 1538 519 1586 est
542 1525 698 1585 terminus
719 1523 895 1586 Benedicto
912 1521 1074 1584 aurifabro
1099 1537 1129 1583 et
1148 1523 1286 1584 Martino
1310 1523 1408 1604 judici

153 1629 262 1690 seniori
287 1629 418 1692 racione
435 1629 649 1712 quarumdam
668 1644 835 1708 metarum,
857 1629 1007 1690 videlicet
1031 1627 1108 1690 feria
1127 1641 1239 1710 quarta
1264 1629 1409 1710 proxime

153 1749 290 1816 ventura,
315 1737 410 1798 etad
435 1735 496 1798 hoc
521 1737 586 1799 dati
611 1751 685 1798 aunt
709 1736 785 1798 certi
803 1736 895 1816 jurati
922 1749 953 1798 et
973 1735 1066 1817 probi
1092 1735 1240 1797 homines
1264 1735 1304 1796 ad
1329 1735 1409 1796 revi-

153 1841 289 1904 dendum
316 1842 439 1905 eadem.

498 2007 594 2083 Faria
624 2021 750 2101 quarta
779 2021 855 2100 post
882 2009 1053 2082 Stanislai.

686 2168 747 2238 (12.
772 2167 866 2241 maai).

250 2303 401 2365 Seniores
417 2302 538 2384 judices
555 2301 820 2382 adjudicaverunt
836 2323 966 2366 causam
988 2305 1070 2366 inter
1096 2303 1305 2366 Benedictutn
1323 2303 1406 2364 auri·

152 2407 270 2469 fabrum
298 2425 328 2471 et
353 2410 535 2471 Emericum
562 2409 787 2492 Sydowchych
812 2411 944 2488 dictum,
973 2411 1088 2488 taliter,
1113 2410 1188 2492 quia
1214 2411 1280 2491 ipse
1306 2409 1406 2470 Bene·

150 2513 247 2576 dictus
272 2515 420 2576 submisit
442 2536 475 2577 se
506 2515 708 2577 ordinacioni
743 2519 918 2598 proborum
947 2517 1101 2594 virorum,
1134 2517 1221 2596 quod
1248 2515 1406 2596 quidquid

150 2619 204 2700 ipsi
227 2622 320 2702 probi
346 2621 404 2682 viri
430 2622 641 2701 ordinassent,
674 2637 829 2704 quantum
864 2623 930 2704 ipsa
956 2623 1048 2684 vinea
1073 2623 1113 2682 ad
1144 2641 1274 2704 presens
1306 2621 1407 2682 valuit

150 2739 177 2786 et
199 2726 283 2787 valet
306 2727 388 2788 ultra
414 2727 488 2788 illos
511 2744 650 2810 quatuor
675 2727 744 2790 flor.
769 2743 892 2790 tanturn
926 2728 1030 2789 eidem
1056 2728 1181 2789 solvere
1206 2727 1348 2804 deberet,
1374 2741 1406 2787 ct

149 2833 217 2912 quia
242 2834 302 2915 ipsi
336 2833 428 2915 probi
454 2835 512 2894 viri
546 2835 744 2908 invenerant,
776 2836 864 2916 quod
898 2835 964 2915 ipsa
998 2834 1090 2895 vinea
1117 2835 1198 2894 ultra
1232 2833 1305 2894 illos
1330 2853 1406 2914 qua-

150 2953 216 3000 tuor
239 2939 321 3016 flor,
354 2960 408 3000 sex
444 2938 513 3001 flor.
546 2941 656 3018 valuit,
689 2960 771 3021 quos
803 2941 869 3023 ipse
896 2941 1089 3002 Benedictus
1121 2940 1224 3000 eidem
1259 2939 1407 3000 Emerico

150 3047 268 3109 solvere
293 3047 415 3125 debuit,
440 3067 538 3128 quam
563 3047 768 3109 concordiam
795 3048 860 3129 ipse
879 3047 1073 3109 Benedictus
1099 3045 1199 3108 lassus
1224 3044 1283 3106 luit
1300 3064 1406 3107 coram

149 3151 249 3231 judice
276 3167 306 3214 et
330 3167 500 3215 contentus
525 3152 601 3228 fuit;
623 3153 710 3235 quod
729 3154 882 3234 iudicium
910 3173 968 3214 nos
992 3155 1136 3214 seniores
1154 3151 1275 3232 judices
1292 3170 1407 3234 appro-

151 3259 292 3320 bavimus
315 3259 432 3337 taliter,
450 3261 537 3340 quod
555 3257 695 3341 prelatus
712 3259 904 3322 Benedictus
922 3279 1022 3340 usque
1040 3259 1172 3320 tercium
1198 3258 1283 3318 diem
1302 3257 1406 3318 eidem

150 3364 292 3427 Emerico
315 3366 442 3428 solvere
466 3367 637 3444 tenebitur,
662 3367 740 3428 etsi
766 3367 890 3448 aliquid
915 3385 1009 3448 agere
1035 3365 1129 3426 habet
1153 3377 1263 3426 contra
1289 3363 1405 3424 Valen-

150 3471 245 3533 tinum
271 3471 440 3555 Marysych
467 3472 547 3534 illud
572 3473 705 3554 juridice
740 3486 961 3555 prosequatur,
987 3472 1037 3533 cui
1069 3470 1193 3552 justicia
1218 3489 1283 3531 non
1309 3470 1406 3530 dene·

149 3577 269 3656 gabitur
292 3578 425 3642 evidens
449 3593 480 3640 et
504 3579 675 3660 condigna.

248 3685 325 3746 Item
350 3686 495 3746 seniores
519 3684 639 3761 judices
660 3684 890 3748 confirmarunt
913 3704 1040 3746 causam
1058 3705 1113 3766 per
1137 3683 1256 3764 juratos
1281 3681 1404 3761 adjudi-

150 3801 245 3849 catam
272 3791 353 3852 inter
379 3791 497 3852 Lucam
523 3804 679 3854 sartorem
704 3805 735 3854 et
760 3792 884 3852 Jursam
910 3791 1095 3872 agricolam.

152 3985 241 4061 laria
269 4003 367 4064 sexta
396 3997 550 4082 proxima
585 4003 661 4083 post
688 3993 810 4066 testum
852 3991 1085 4082 hpparicionis
1115 3991 1202 4064 beati
1234 3990 1404 4063 Michaelis

670 4115 871 4206 archangeli.

682 4271 744 4348 (14.
769 4273 863 4346 matt').

249 4391 323 4453 ltem
341 4391 490 4454 terciario
514 4407 561 4455 est
577 4393 810 4474 proclamatum
831 4413 927 4476 super
943 4393 1042 4454 domo
1066 4412 1122 4453 seu
1146 4391 1247 4452 lundo
1265 4391 1405 4452 condam

149 4495 297 4578 Stephani
324 4499 473 4578 Kondelc,
497 4515 531 4561 ut
555 4500 581 4560 si
610 4500 682 4581 quis
715 4500 916 4582 propinquus
948 4499 1090 4560 eiusdem
1118 4499 1247 4560 haberet
1271 4497 1406 4558 meliora

147 4601 210 4684 jura
234 4624 326 4686 supet
351 4607 478 4684 eodem,
504 4607 616 4668 eadem
642 4607 843 4687 produceret,
868 4621 898 4668 et
923 4605 1031 4667 nullus
1049 4605 1136 4666 venit
1161 4625 1217 4666 nec
1244 4604 1404 4685 produxit,

149 4708 217 4770 ideo
249 4710 410 4774 dabuntur
442 4712 532 4774 litere
566 4711 724 4793 Gregorio
756 4727 786 4773 et
818 4713 910 4774 alteri
935 4711 1094 4792 Gregorio
1127 4710 1201 4772 filiis
1225 4711 1339 4772 Briccii
1365 4711 1405 4770 de

149 4814 248 4878 Obres
271 4833 300 4879 et
323 4819 443 4880 Mathie
470 4819 658 4902 Spylwsych
684 4819 889 4880 inhabitatori
919 4819 1063 4880 suburbii
1091 4817 1227 4879 civitatis
1252 4817 1403 4899 predicte.

251 4923 325 4986 Item
351 4925 446 4986 tercia
472 4925 541 4986 vice
559 4925 791 5007 proclamatum
811 4940 863 4988 est
887 4945 982 5007 super
999 4925 1085 4986 civili
1110 4925 1248 4986 condam
1275 4925 1403 4986 Thome

150 5028 255 5111 llosyn
278 5033 365 5110 dicti,
390 5046 423 5093 ut
447 5033 471 5092 si
491 5031 563 5113 quis
585 5032 715 5093 haberet
733 5032 801 5113 jura
825 5053 921 5113 super
946 5033 1059 5094 eodem
1079 5033 1110 5094 in
1130 5033 1200 5092 vico
1226 5051 1282 5092 seu
1301 5031 1403 5112 platea
