3644 5788
538 525 623 582 Anno
646 521 737 601 1463.
763 557 803 566 —-
828 537 875 584 21.
893 523 1042 599 januarii.
1357 539 1373 580 a
1380 541 1395 601 3
1402 541 1417 602 3

167 759 216 821 pro
238 739 356 800 debitis
381 739 532 816 exsolvet,
558 751 629 819 post
661 751 796 798 mortem
822 757 910 797 suam
947 736 1254 817 quomodocumque
1281 735 1419 796 voluerit

167 865 328 926 exponere,
364 845 581 906 residuitatenx
607 864 683 904 vero
717 845 944 924 peccuniarum
978 864 1036 925 pro
1061 862 1123 924 qua
1157 842 1236 902 ultra
1263 841 1329 926 ipsa
1354 862 1419 902 me-

167 953 257 1014 dietas
280 953 398 1014 domus
431 952 525 1012 vendi
550 951 677 1032 poterit,
709 970 806 1031 quam
841 952 907 1033 ipsa
941 951 1049 1011 relicta
1081 969 1145 1010 non
1171 949 1322 1026 exsolvet,
1349 963 1420 1030 post

167 1073 291 1119 mortem
317 1059 417 1139 ipsius
442 1058 550 1118 relicte
576 1057 642 1138 ipse
667 1057 820 1120 Clemens
853 1055 940 1118 laber
968 1057 1049 1116 liber
1082 1056 1141 1117 erit
1166 1075 1223 1138 pro
1248 1056 1418 1117 animabus

167 1165 298 1246 ipsorum
324 1184 495 1246 exponere.

263 1271 340 1332 Item
374 1291 501 1332 causam
527 1271 608 1332 inter
641 1269 797 1332 famulum
832 1271 921 1330 Pauli
957 1271 1054 1332 ltalici
1088 1285 1118 1332 et
1143 1271 1223 1331 inter
1249 1270 1419 1350 Pangracz,

167 1397 255 1458 quam
289 1378 356 1459 ipse
389 1376 528 1438 famulus
552 1377 651 1459 ipsius
684 1377 773 1438 Pauli
807 1397 862 1460 per
897 1377 1016 1458 juratos
1047 1377 1262 1456 adjudicatam
1295 1376 1334 1436 ad
1360 1396 1419 1436 nos

167 1484 276 1545 scilicet
300 1485 443 1545 seniores
466 1483 587 1562 judices
618 1484 801 1566 appellavit,
835 1504 893 1545 nos
916 1483 1057 1544 seniores
1081 1483 1203 1564 judices
1226 1483 1329 1544 taliter
1362 1483 1418 1543 ad·

167 1589 381 1668 judicavimus,
396 1590 483 1671 quod
498 1591 563 1671 ipse
582 1592 741 1672 Pangracz
759 1591 889 1672 quando
907 1605 1068 1672 receperat
1086 1592 1183 1652 boves
1208 1591 1306 1671 ipsius
1324 1591 1414 1652 Pauli

169 1695 269 1776 ltalici,
293 1713 455 1778 receperat
486 1699 518 1758 io
550 1713 631 1759 terra
656 1718 724 1776 sua,
756 1711 786 1758 et
815 1697 962 1758 homines
987 1711 1017 1759 et
1049 1697 1249 1758 estimatores
1281 1712 1416 1778 utreque

168 1816 263 1883 partes
286 1803 325 1864 ad
351 1805 528 1885 dampnum
561 1802 678 1865 factum
711 1803 919 1882 adduxerant,
952 1817 983 1866 et
1007 1803 1050 1864 ibi
1084 1803 1209 1864 nullum
1242 1803 1418 1885 dampnum

169 1909 229 1990 ipse
254 1907 391 1970 famulus
414 1910 473 1992 ipsi
500 1911 660 1991 Pangracz
684 1930 741 1992 per
774 1911 872 1972 boves
897 1901 996 1992 ipsius
1022 1909 1112 1971 Pauli
1146 1909 1337 1970 invenerunt
1361 1929 1419 1970 nec

168 2015 295 2076 inveniri
329 2029 520 2097 potuerunt;
553 2017 640 2078 illam
674 2017 874 2098 potenciam,
908 2036 1005 2098 quarn
1035 2017 1102 2098 ipse
1134 2017 1293 2096 Pangracz
1325 2035 1419 2098 super

168 2121 264 2202 ipsum
288 2121 444 2183 famulum
470 2123 569 2204 ipsius
594 2123 685 2184 Pauli
710 2123 846 2200 dicebat,
872 2137 918 2184 est
942 2123 974 2183 in
999 2123 1112 2183 eadem
1138 2123 1314 2200 convictus,
1340 2123 1418 2183 etsi

168 2228 281 2309 aliquid
306 2229 437 2290 alterius
461 2230 601 2292 accionis
626 2230 721 2292 habet
749 2245 860 2291 contra
893 2231 997 2312 ipsum
1021 2227 1180 2292 famulum
1206 2229 1303 2311 ipsius
1328 2230 1419 2291 Pauli

168 2333 228 2416 ipse
246 2335 404 2416 Pangracz
429 2357 522 2418 agere
540 2338 621 2399 ultra
639 2339 804 2419 premissa,
822 2337 901 2398 illud
927 2351 1138 2419 prosequatur
1159 2336 1227 2416 jure
1245 2337 1418 2416 mediante,

168 2441 215 2500 coi
237 2441 356 2521 justicia
383 2461 447 2503 non
473 2443 683 2524 denegabitur
707 2445 838 2505 evidens
863 2458 894 2506 et
918 2445 1088 2525 condigna.

266 2547 340 2610 Item
373 2570 501 2611 causam
534 2551 615 2612 inter
647 2552 820 2613 Martinum
854 2551 992 2631 judicem
1025 2566 1056 2613 et
1089 2551 1298 2627 Benedictum
1331 2551 1414 2612 auri·

167 2651 283 2716 fabrum
306 2657 434 2718 racione
459 2655 607 2718 fossionis
624 2658 789 2719 cuiusdam
807 2671 888 2720 terre
906 2677 1004 2739 penes
1020 2657 1147 2718 vineam
1169 2657 1268 2740 ipsius
1286 2657 1415 2718 Martini

167 2760 272 2840 judicis
295 2783 350 2845 per
375 2764 482 2846 ipsum
510 2764 720 2826 Benedictum
753 2763 950 2826 aurifabrum
974 2761 1102 2842 factam,
1134 2777 1165 2826 et
1188 2763 1287 2826 modo
1319 2764 1418 2826 simili

168 2869 286 2930 racione
310 2871 497 2932 succisionis
514 2871 680 2932 cuiusdam
697 2871 819 2933 arboris
841 2872 992 2952 quercine
1017 2891 1114 2953 penes
1138 2871 1274 2932 eandem
1291 2870 1419 2932 vineam

169 2974 259 3056 ipsius
282 2977 410 3038 Martini
436 2976 550 3057 judicis
575 2997 631 3060 per
655 2979 759 3060 ipsum
782 2979 957 3040 Martinum
982 2977 1121 3058 judicem
1146 2978 1300 3039 succisam
1325 2977 1418 3040 etad

168 3093 274 3143 terram
298 3083 397 3165 ipsius
422 3083 587 3146 Benedicti
613 3084 683 3146 cadi
708 3084 834 3164 factam,
859 3105 915 3166 per
939 3083 1059 3166 juratos
1083 3083 1299 3166 adjudicatam
1324 3097 1355 3146 et
1378 3084 1418 3146 ad

170 3207 222 3247 nos
243 3190 381 3250 seniores
405 3189 527 3270 judices
550 3191 756 3273 appellatam,
781 3211 839 3253 nos
862 3191 1005 3254 seniores
1022 3191 1144 3271 judices
1164 3191 1270 3253 taliter
1294 3191 1418 3274 adjudi-

170 3295 309 3374 cavimus,
334 3296 422 3377 quod
447 3297 507 3378 ipsi
541 3317 624 3358 unus
655 3298 735 3359 alter
763 3299 794 3359 in
828 3296 911 3359 facto
933 3298 1080 3380 potencie
1114 3298 1262 3360 inventus
1287 3311 1317 3359 et
1343 3317 1417 3358 con-

170 3401 259 3462 victus
283 3415 345 3480 est;
370 3403 409 3464 de
435 3423 500 3485 quo
524 3403 645 3485 judicio
670 3405 737 3487 ipse
762 3405 954 3466 Benedictus
980 3405 1121 3487 ipsorum
1145 3403 1323 3486 juratorum
1349 3423 1414 3464 non

173 3523 328 3570 contentus
351 3509 393 3570 ad
416 3510 558 3572 seniores
582 3511 756 3594 appellavit
780 3511 912 3592 judices.

197 3723 283 3798 Feria
312 3737 409 3801 sexta
436 3729 587 3820 proxima
616 3739 691 3821 post
719 3732 840 3804 festum
870 3735 1043 3804 beatorum
1073 3729 1207 3802 Fabiani
1235 3739 1268 3802 et
1295 3731 1392 3802 Seba-

620 3860 724 3928 stiaoi
753 3861 944 3928 martirum.

663 4013 723 4086 (21.
740 4011 907 4091 jutruarr'r).

268 4151 344 4213 ltem
370 4154 473 4214 Lucas
496 4168 585 4214 sutor
610 4153 736 4214 ltalicus
768 4153 958 4214 secundario
983 4154 1097 4215 citatus
1122 4167 1231 4214 contra
1256 4151 1417 4212 Andream

174 4269 312 4339 sutorem,
337 4260 487 4340 iuratum,
512 4262 543 4322 in
568 4261 689 4342 judicio
715 4281 822 4322 coram
848 4261 941 4321 nobis
965 4281 1029 4322 non
1055 4261 1244 4342 comparuit.

267 4367 342 4429 ltem
369 4389 495 4429 causam
521 4369 602 4429 inter
627 4368 830 4429 Clementem
852 4367 1083 4450 Fudrycheych
1108 4382 1138 4430 et
1163 4369 1244 4428 inter
1261 4367 1419 4429 famulum

174 4467 337 4536 Clementis
361 4474 442 4536 fabri
475 4477 603 4537 racione
634 4475 765 4537 lesionis
799 4476 873 4556 equi
905 4476 1004 4556 ipsius
1036 4475 1223 4554 Clementis,
1256 4475 1344 4556 quod
1374 4473 1418 4535 la·

174 4577 268 4640 mulus
291 4582 434 4642 eiusdem
460 4581 639 4644 Clementis
664 4581 744 4642 labri
762 4582 864 4662 jurare
885 4583 1045 4643 tenebitur
1069 4578 1146 4643 feria
1163 4596 1248 4644 sexta
1274 4582 1418 4664 proxime

174 4697 293 4747 ventura
317 4687 349 4747 in
366 4707 418 4748 ara
444 4701 549 4750 sancte
571 4688 695 4766 Crucis,
720 4689 807 4770 quod
833 4689 898 4770 ipse
917 4708 1018 4768 equus
1042 4709 1106 4748 non
1131 4703 1177 4750 est
1202 4703 1346 4750 mortuus
1363 4709 1419 4770 per

174 4791 320 4852 maliciam
344 4813 400 4853 seu
425 4793 579 4854 lesionem
606 4795 714 4876 ipsius,
740 4795 832 4874 jurati
857 4794 1131 4870 adjudicaverunt.

268 4897 342 4960 ltem
368 4918 495 4960 causam
520 4901 601 4962 inter
627 4900 778 4962 Mathiam
797 4921 982 4983 arcuparem
1008 4915 1037 4962 et
1062 4903 1144 4962 inter
1161 4902 1274 4984 Elyam
1292 4921 1418 4983 campa·

176 5019 275 5065 narum
292 5003 431 5067 lusorem
448 5007 575 5068 racione
599 5007 699 5069 debiti
718 5008 813 5070 unius
830 5007 897 5070 flor.
922 5009 1015 5090 jurati
1034 5009 1307 5090 adjudicaverunt,
1327 5009 1416 5090 quod
