3694 5782
386 575 449 636 254
800 554 1003 634 Ann01464.
1029 591 1070 600 -
1094 552 1127 618 8.
1144 558 1238 632 J'unii.

492 771 568 832 ltem
595 770 778 832 Demetrius
795 791 882 831 tasor
907 789 1087 852 pannorum
1111 769 1142 830 in
1168 769 1309 851 quodam
1327 766 1411 831 facto
1435 770 1649 851 quarumdam

385 879 614 960 peccuniarum
639 898 655 939 a
675 876 816 959 quodam
840 878 1004 939 Demetrio
1022 876 1193 958 jobagione
1211 893 1384 958 receperat,
1403 897 1484 958 quos
1502 878 1653 939 dominus

385 986 442 1046 lan
469 987 570 1046 banus
595 984 737 1066 recipere
761 983 975 1062 commiserat,
997 997 1231 1044 sacramentum
1249 997 1389 1065 prestare
1414 984 1564 1062 debebat,
1583 1005 1651 1066 pre·

383 1091 463 1153 stitit
488 1105 519 1152 et
543 1111 575 1152 se
601 1090 789 1172 expurgavit
813 1103 847 1151 ut
871 1089 993 1151 debuit.

489 1199 567 1260 ltem
593 1217 721 1259 causam
748 1198 829 1258 inter
853 1197 990 1259 condant
1016 1195 1197 1258 ,iohannem
1222 1195 1383 1258 Werchek
1409 1211 1440 1257 et
1466 1197 1651 1258 Emericum

383 1317 523 1366 sutorem
549 1303 651 1366 lilium
687 1304 816 1366 Thome
849 1303 1050 1386 perjuratus
1081 1301 1296 1382 adjudicatam
1331 1304 1459 1365 racione
1484 1304 1652 1366 cuiusdam

384 1411 460 1489 vini,
485 1411 575 1492 quod
601 1412 667 1492 ipse
686 1411 852 1472 Emericus
877 1411 908 1472 in
927 1411 1079 1471 omnibus
1104 1429 1159 1490 per
1177 1411 1281 1492 ipsum
1307 1410 1443 1471 condam
1470 1411 1652 1472 lohannem

384 1517 543 1578 Werchek
562 1517 734 1599 propositis
752 1517 907 1578 innocens
924 1531 1067 1598 repertus
1085 1530 1132 1578 est
1149 1530 1179 1578 et
1194 1517 1346 1594 inmunis,
1361 1531 1392 1578 et
1404 1537 1436 1577 se
1451 1518 1654 1600 expurgavit.

490 1623 566 1688 ltem
593 1623 669 1704 quia
695 1622 876 1704 Stephanus
908 1620 1061 1700 carnifex,
1087 1623 1196 1704 Zayko
1231 1623 1345 1700 dictus,
1370 1636 1479 1684 contra
1507 1624 1653 1684 Marcum

384 1729 564 1792 carnificem
592 1729 817 1812 Gureltowych
851 1730 979 1812 publice
1012 1729 1177 1790 citacionis
1202 1727 1306 1791 forma
1340 1731 1520 1808 observata,
1545 1730 1652 1793 eidem

384 1838 493 1899 Marco
518 1857 728 1920 responsurus
753 1851 783 1899 et
807 1856 863 1918 per
881 1855 1037 1919 precones
1054 1849 1181 1898 nostros
1206 1837 1335 1918 publice
1352 1815 1494 1914 vocatus,
1521 1857 1579 1898 nec
1598 1857 1655 1918 per

383 1965 416 2005 se
441 1945 496 2007 sed
522 1965 580 2006 nec
605 1963 661 2026 per
696 1959 935 2026 procuratorem
954 1963 1047 2004 suum
1065 1943 1104 2004 ad
1130 1943 1285 2026 judicium
1311 1963 1376 2005 non
1394 1944 1481 2005 venit
1506 1963 1565 2005 nec
1582 1945 1655 2005 mit·

384 2065 449 2112 tere
475 2051 606 2114 curavit.

490 2157 566 2218 ltem
593 2176 720 2218 causam
747 2155 829 2218 inter
858 2155 1022 2218 Thomam
1056 2154 1248 2238 lreniparem
1274 2169 1306 2217 et
1331 2156 1543 2218 Benedictum
1569 2157 1655 2218 auri·

383 2262 522 2341 fabrum,
547 2263 739 2324 modernum
773 2261 923 2341 juratum,
957 2263 1087 2324 racione
1111 2263 1276 2324 cuiusdam
1310 2276 1391 2324 terre
1416 2263 1575 2324 conducte
1600 2283 1657 2344 per

383 2370 520 2430 condam
548 2369 729 2431 Emericum
757 2367 929 2446 Croacum,
954 2389 1016 2450 que
1042 2389 1098 2451 per
1116 2369 1290 2450 grandines
1314 2385 1361 2430 est
1385 2369 1557 2446 destructa,
1582 2384 1615 2430 et
1631 2371 1655 2430 si

383 2476 450 2556 ipse
475 2475 621 2537 Thomas
645 2495 709 2536 non
736 2475 825 2536 dabit
850 2474 954 2536 eidem
980 2473 1096 2536 falcate
1118 2475 1254 2536 eandem
1279 2491 1396 2538 terram
1422 2489 1453 2538 et
1477 2495 1579 2552 arare,
1602 2495 1655 2537 ex-

383 2595 458 2642 tunc
483 2582 550 2664 ipse
569 2581 762 2644 Benedictus
779 2582 900 2643 remisit
918 2581 976 2662 ipsi
996 2581 1125 2644 Thome
1143 2581 1279 2644 eandem
1296 2596 1413 2644 terram
1439 2603 1512 2644 cum
1532 2583 1656 2644 cunctis

383 2689 448 2750 suis
472 2689 683 2765 utilitatibus,
715 2688 845 2770 dequo
877 2687 998 2768 judicio
1028 2689 1171 2770 ipsorum
1200 2688 1379 2770 juratorum
1405 2689 1472 2770 ipse
1505 2688 1654 2750 Thomas

384 2814 448 2856 non
474 2809 644 2856 contentus
667 2795 707 2856 ad
732 2795 874 2856 seniores
898 2794 1074 2876 appellavit
1097 2794 1230 2876 judices.

490 2899 567 2961 ltem
602 2921 731 2962 causam
766 2901 847 2962 inter
880 2900 1059 2962 Johannem
1093 2901 1210 2962 Bolsak
1236 2914 1266 2962 et
1299 2901 1380 2962 inter
1413 2899 1542 2963 fratrem
1568 2901 1653 2962 Mar-

382 3008 486 3070 tinum
511 3008 676 3069 custodem
702 3007 800 3068 sancti
828 3006 987 3068 Francisci
1011 3007 1041 3067 in
1060 3007 1215 3088 Zagrabia
1240 3008 1368 3068 racione
1387 3006 1561 3067 domorum
1580 3027 1653 3068 mu-

385 3129 523 3176 ratarum
550 3128 581 3176 et
604 3115 783 3176 stacionum
810 3129 839 3174 et
864 3114 1002 3174 aliorum
1028 3113 1058 3174 in
1084 3113 1167 3174 dicta
1202 3114 1329 3175 civitate
1355 3113 1550 3190 habitorum,
1575 3115 1653 3194 quia

384 3221 536 3282 dominus
571 3233 678 3281 noster
711 3219 847 3282 Mathias
880 3240 932 3280 rex
965 3219 1166 3281 confirmavit
1197 3220 1304 3281 literas
1327 3220 1409 3282 dicte
1435 3219 1572 3282 civitatis
1596 3241 1654 3303 per

385 3326 606 3408 gwardianum
634 3325 740 3404 lassas,
764 3327 807 3386 sic
833 3343 863 3387 et
881 3326 994 3387 eodem
1021 3327 1120 3386 modo
1144 3326 1237 3406 jurati
1262 3323 1461 3388 affirmarunt
1485 3327 1589 3388 dictas
1617 3329 1654 3388 li·

383 3447 466 3496 teras
491 3435 577 3494 bono
602 3433 701 3494 modo
726 3447 757 3493 et
781 3433 890 3494 debito
915 3431 1014 3494 modo
1040 3431 1242 3494 confirmatas
1266 3446 1297 3494 et
1321 3435 1498 3496 roboratas.

490 3539 567 3600 ltem
600 3559 728 3600 causam
754 3540 835 3600 inter
868 3540 1028 3601 Marinum
1062 3540 1140 3600 alias
1172 3539 1311 3622 judicem
1338 3555 1369 3601 et
1400 3541 1568 3602 concivem
1596 3561 1654 3602 no·

382 3659 493 3724 strum,
518 3645 619 3707 filium
644 3645 767 3724 Klario,
792 3646 831 3707 de
857 3647 986 3725 Segnia,
1021 3646 1149 3707 racione
1182 3647 1396 3728 quarumdam
1422 3647 1597 3709 domorum
1624 3661 1656 3710 et

382 3754 560 3814 stacionum
586 3753 618 3813 in
651 3753 735 3814 dicta
760 3753 887 3815 civitate
921 3753 1112 3832 habitatum,
1145 3767 1175 3814 et
1206 3754 1282 3835 quia
1311 3755 1424 3815 eadem
1450 3773 1545 3815 causa
1581 3775 1655 3816 sen-

384 3859 606 3920 tencionaliter
632 3858 691 3920 luit
715 3858 896 3938 adjudicata
924 3879 982 3942 pro
1007 3873 1095 3942 parte
1128 3860 1266 3922 condam
1292 3861 1389 3921 Blasii
1416 3861 1572 3922 institoris
1598 3881 1656 3943 per

384 3966 571 4045 magistrum
596 3966 842 4026 tawarnicorum
878 3967 1034 4048 regalium
1068 3968 1134 4049 ipse
1160 3967 1276 4028 domus
1308 3981 1338 4030 et
1362 3969 1520 4029 staciones
1545 3969 1654 4030 eidem

384 4071 520 4132 condam
554 4072 661 4132 Blasio
695 4073 843 4151 institori,
868 4087 899 4134 et
930 4074 1005 4154 quia
1039 4075 1140 4136 eciam
1172 4074 1393 4135 serenissimus
1421 4075 1570 4157 princeps
1596 4076 1656 4137 do·

384 4180 490 4239 minus
516 4179 651 4240 Mathias
676 4200 729 4240 rex
755 4181 883 4242 easdem
908 4181 1015 4243 literas
1047 4182 1303 4244 sentencionales
1335 4183 1479 4243 eiusdem
1507 4184 1656 4264 magistri

383 4284 628 4346 tawarnicorum
661 4286 818 4366 regalium
850 4287 1052 4349 confirmavit
1084 4303 1115 4350 et
1147 4289 1330 4367 roboravit,
1363 4308 1439 4370 ergo
1470 4304 1502 4350 et
1534 4292 1654 4352 eodem

385 4391 482 4450 niodo
508 4390 600 4470 jurati
626 4391 709 4454 lacto
736 4393 767 4453 in
786 4394 940 4474 premisso
964 4395 1072 4456 taliter
1090 4396 1293 4474 invenerunt,
1318 4396 1405 4476 quod
1425 4395 1493 4478 ipsa
1518 4395 1656 4458 domina

384 4496 492 4556 relicta
517 4496 615 4577 ipsius
640 4499 776 4558 condam
804 4500 899 4560 Blasii
937 4500 1090 4560 institoris
1114 4502 1254 4562 obtinuit
1286 4521 1413 4562 causam
1439 4521 1529 4563 suam
1556 4523 1657 4585 super

384 4601 534 4662 domibus
558 4603 730 4683 premissis,
763 4605 895 4686 ipseque
929 4607 1072 4667 Marinus
1105 4627 1201 4689 super
1225 4607 1317 4670 illurn
1350 4608 1501 4690 prosequi
1535 4609 1655 4671 debeat

385 4708 554 4787 peccunias
578 4729 650 4769 suas
674 4711 722 4770 cui
749 4711 822 4772 date
848 4726 938 4788 sunt;
971 4713 1010 4774 de
1043 4734 1109 4794 quo
1135 4714 1255 4793 judicio
1288 4715 1463 4795 juratorum
1490 4714 1559 4795 ipse
1585 4716 1655 4777 Ma·

384 4813 472 4872 rinus
497 4833 560 4873 non
587 4829 756 4877 contentus
780 4818 819 4877 ad
844 4819 986 4879 seniores
1010 4819 1093 4881 dicte
1112 4821 1248 4882 civitatis
1272 4821 1446 4903 appellavit
1471 4821 1609 4900 judices.

491 4919 566 4980 ltcm
592 4942 719 4982 causam
755 4924 835 4984 inter
869 4925 1077 4987 Benedictum
1107 4939 1248 4989 sutorem
1282 4927 1391 5009 Rosyn
1417 4941 1448 4988 et
1474 4928 1654 4989 Martinum

385 5022 522 5104 judicem
561 5028 689 5088 racione
733 5031 948 5109 quorumdam
984 5035 1148 5112 roborum,
1180 5033 1273 5114 jurati
1307 5034 1411 5095 taliter
1445 5034 1654 5114 invenerunt,
