3852 5814
412 620 414 623 ¹
666 559 752 614 Anno
775 567 863 632 1477.
889 591 930 599 —
947 573 979 632 5.
1004 557 1165 619 decembris.
1480 559 1542 639 465

282 787 389 828 coram
424 767 543 827 eisdem
578 766 824 846 protestavimus
856 787 914 828 nos
945 787 1074 829 omnem
1108 769 1330 832 obedienciam
1363 770 1544 832 exhibuisse

282 873 442 934 mandatis
467 872 552 953 regie
578 873 762 951 Maiestatis,
787 893 897 934 verurn
923 875 1010 936 enim
1034 895 1127 956 supra
1150 889 1260 938 notato
1286 877 1457 938 Dominico
1481 878 1544 938 sol·

282 980 367 1042 licite
392 981 603 1042 obbedienter
635 994 666 1042 et
697 993 879 1042 constanter
910 994 1116 1063 comparente
1148 1002 1256 1044 eoram
1285 985 1379 1046 nobis
1404 984 1436 1044 in
1468 983 1543 1045 sede

283 1101 389 1148 nostra
414 1087 592 1168 judiciaria.

308 1324 403 1398 Feria
434 1335 532 1399 sexta
562 1329 716 1415 proxima
746 1335 825 1399 ante
852 1328 975 1398 lestnm
1013 1327 1100 1399 beati
1130 1327 1265 1400 llartini
1295 1331 1441 1419 episcopi
1470 1340 1503 1400 et

808 1450 1020 1522 contessoris.

779 1602 823 1682 (7.
847 1604 1031 1686 novembris).

388 1744 463 1805 ltem
491 1745 573 1806 inter
597 1745 739 1806 Blasium
758 1744 954 1828 lutifigulum
979 1760 1009 1806 et
1026 1745 1205 1808 Johannem
1223 1747 1395 1826 agricolam
1414 1747 1541 1809 racione

280 1850 447 1912 cuiusdam
473 1851 556 1912 nosti
566 1846 613 1932 (i),
638 1865 673 1912 ut
695 1851 762 1934 ipse
787 1851 912 1913 Blasius
936 1851 1113 1933 lutifigulus
1145 1853 1253 1914 comiti
1280 1854 1394 1914 debeat
1417 1852 1541 1915 solvere

280 1977 379 2018 unum
405 1955 475 2018 flor.
501 1976 572 2018 curn
598 1976 664 2038 quo
689 1958 756 2039 ipse
780 1957 943 2020 lohannes
967 1958 1180 2039 obligabatur.

385 2081 462 2142 ltem
487 2082 569 2144 inter
586 2081 775 2143 Michaelem
794 2081 895 2144 filiurn
914 2083 1054 2164 laga'ticz
1071 2095 1102 2144 et
1119 2084 1266 2144 abbatem
1291 2083 1418 2145 racione
1435 2083 1540 2145 cuius-

278 2189 352 2250 dam
377 2184 516 2270 sillie(?),
548 2203 582 2250 ut
606 2189 673 2270 ipse
692 2189 828 2250 Michael
846 2188 941 2250 habet
969 2203 999 2251 et
1022 2202 1168 2251 teneatur
1184 2209 1243 2272 pro
1259 2189 1368 2272 precio
1393 2203 1427 2252 ut
1451 2204 1541 2273 pater

278 2314 371 2356 suum
399 2295 529 2356 habebit
552 2315 611 2377 pro
636 2295 748 2356 cadem
772 2295 852 2358 silla.

385 2400 463 2462 ltem
497 2402 579 2462 inter
611 2399 743 2463 Gallum
776 2401 933 2464 Gudelicz
966 2415 996 2463 et
1028 2402 1110 2462 inter
1141 2401 1288 2463 Vrsulam
1314 2401 1354 2464 de
1379 2403 1541 2464 Zamobor

278 2525 420 2568 sororem
448 2507 679 2568 Surmanovicz
697 2508 825 2569 racione
849 2507 1015 2568 cuiusdam
1034 2507 1222 2568 lintiaminis
1239 2527 1294 2590 per
1312 2507 1412 2590 ipsam
1431 2509 1540 2588 ablati,

279 2628 313 2674 ut
339 2614 404 2688 ipse
423 2611 537 2674 Gallus
561 2613 676 2675 debeat
700 2612 803 2694 iurare
827 2614 1021 2691 terciusmet,
1042 2626 1156 2674 extunc
1181 2613 1248 2693 ipsa
1272 2613 1312 2674 de
1336 2613 1462 2675 civitate
1487 2613 1537 2675 vel

278 2719 347 2781 eius
380 2719 540 2780 territorio
580 2719 675 2780 debet
707 2721 899 2803 compellere
932 2722 1052 2801 absque
1085 2720 1311 2781 vulneracione
1342 2721 1393 2781 vel
1425 2739 1536 2802 ampu-

277 2827 413 2888 taelone.

384 2932 462 2993 ltem
500 2932 581 2993 inter
614 2931 750 2992 Paulum
781 2929 989 2995 fistulatorem
1032 2947 1062 2994 et
1094 2933 1256 2994 Andream
1295 2933 1379 2994 tular
1410 2933 1538 2995 racione

277 3039 443 3100 cuiusdam
471 3038 544 3100 furti
563 3039 601 3099 de
620 3039 718 3100 domo
743 3039 842 3120 ipsius
860 3040 949 3101 Pauli
969 3040 1077 3118 ablati,
1096 3041 1162 3122 ipse
1187 3039 1331 3101 Andreas
1349 3040 1431 3101 tular
1444 3039 1539 3101 debet

276 3144 381 3225 jurare
405 3145 493 3206 solus
518 3145 549 3205 in
575 3165 628 3205 ara
652 3159 758 3206 sancte
783 3144 897 3207 Crucis
921 3146 998 3207 feria
1027 3160 1113 3207 sexta
1138 3145 1281 3227 proxime
1306 3159 1449 3207 ventura.

383 3268 460 3329 ltem
487 3270 568 3330 inter
601 3267 792 3330 Michaelem
824 3268 926 3330 filiurn
958 3269 1097 3350 lagaticz
1128 3281 1159 3330 et
1191 3267 1368 3348 Georgium
1394 3269 1536 3330 Zalaricz

276 3375 404 3436 racione
428 3387 502 3436 octo
519 3373 597 3452 flor„
623 3375 740 3456 quibus
757 3375 823 3456 ipse
849 3374 1008 3456 Georgius
1037 3375 1250 3456 obligabatur,
1271 3373 1537 3456 adjudicaverunt

277 3495 311 3542 ut
336 3500 400 3541 non
425 3480 529 3542 solvat
553 3500 657 3562 neque
682 3481 852 3562 obligatur.

382 3607 460 3669 ltem
492 3627 586 3668 causa
618 3607 699 3669 inter
731 3606 924 3688 Gregorium
954 3621 1094 3670 sutorem
1127 3621 1158 3668 et
1182 3607 1352 3668 Nicolaum
1387 3605 1537 3668 Sustiricz

277 3715 404 3776 racione
437 3713 603 3775 cuiusdam
635 3727 716 3775 terre
741 3713 834 3794 jurati
866 3713 1064 3776 admiserunt
1096 3714 1135 3774 ad
1167 3714 1344 3775 secundum
1369 3712 1536 3792 Judicium.

381 3839 458 3900 Item
484 3858 611 3900 causam
637 3839 718 3899 inter
743 3836 922 3920 Georgium
944 3838 1086 3900 Zalaricz
1112 3853 1142 3899 et
1167 3838 1310 3900 Marcum
1336 3836 1535 3899 Guracovicz

275 3945 404 4006 racione
428 3943 627 4008 fideiussoria
651 3959 782 4026 propter
807 3943 964 4008 famulum
992 3965 1086 4006 suum
1111 3945 1238 4006 racione
1263 3944 1430 4006 cuiusdam
1456 3944 1536 4004 vitu-

275 4052 354 4133 perii
381 4051 564 4134 peripsum
590 4049 748 4112 famulum
773 4050 878 4113 eidem
905 4050 1047 4134 Georgio
1073 4051 1163 4128 illati,
1187 4052 1226 4112 ad
1251 4052 1429 4112 secundum
1454 4049 1535 4129 judi-

275 4157 360 4219 cium
385 4157 593 4220 admiserunt.

330 4393 424 4467 leria
452 4405 549 4467 sexta
576 4399 729 4484 proxima
758 4395 790 4466 in
824 4396 971 4484 profesto
1000 4395 1090 4466 beati
1121 4393 1244 4467 Nicolai
1274 4394 1419 4483 episcopi
1449 4404 1482 4464 et

798 4519 1010 4593 confessoris.

788 4685 830 4749 (5.
854 4673 1027 4734 decembres).

383 4813 460 4874 ltem
480 4812 593 4875 Gallus
610 4812 767 4874 Gudelicz
785 4814 863 4874 alias
879 4813 1000 4892 juratus
1016 4812 1231 4892 juramentum
1249 4813 1336 4894 quod
1354 4812 1538 4874 terciusmet

276 4936 413 5002 prestare
449 4919 611 4981 debuisset
636 4918 713 4980 feria
745 4933 831 4980 sexta
863 4920 1008 5001 proxima
1041 4934 1111 5001 post
1142 4916 1258 4980 festum
1292 4919 1375 4980 beati
1408 4917 1537 4979 Martini

275 5027 416 5108 episcopi
442 5040 472 5088 et
496 5021 690 5087 confessoris
722 5039 833 5087 contra
856 5025 1005 5086 Vrsulam
1038 5026 1077 5086 de
1103 5025 1264 5086 Zamobor
1288 5044 1431 5085 sororem
1457 5043 1536 5104 quo·

1431 5133 1471 5194 3⁰
