3644 5788
565 516 650 572 Anno
666 511 758 592 1462.
783 548 824 556 -
849 511 898 576 16.
915 513 1069 590 januarii.
1389 531 1449 594 215

189 727 298 789 decem
317 729 443 806 marcis,
460 742 490 790 et
507 728 637 808 quando
662 727 798 788 lacobus
815 725 931 806 jurabit
955 741 1030 788 tunc
1048 728 1206 788 tenebitur
1224 727 1291 808 ipse
1308 726 1452 788 Andreas

191 835 313 896 solvere
338 855 467 914 grossos
490 833 660 916 predictos.

293 941 371 1002 ltem
398 960 525 1002 causam
551 940 632 1001 inter
664 941 854 1022 Dyonisium
884 954 915 1001 et
939 939 1128 1001 Thomaslro
1163 955 1316 1002 sartorem
1341 957 1451 1021 proro-

189 1062 344 1128 gaverunt
367 1066 469 1129 usque
493 1047 633 1129 primurn
659 1047 825 1128 judicium.

254 1285 351 1360 Feria
382 1295 479 1359 sexta
505 1295 582 1359 ante
610 1287 731 1360 lestum
761 1292 934 1360 beatorum
964 1285 1098 1358 Fabiani
1127 1297 1158 1358 et
1190 1289 1380 1359 sebastiani

725 1414 915 1483 martirum.

582 1563 647 1642 (15.
663 1567 815 1642 januarii,
837 1583 907 1626 ann.
933 1559 1045 1643 1462).

299 1705 375 1767 Item
402 1707 507 1786 primo
531 1706 649 1766 Paulus
673 1704 866 1788 lagychych,
895 1703 1040 1766 Thomas
1062 1705 1258 1788 Strozkoych
1283 1721 1314 1767 et
1339 1707 1450 1768 Domi-

193 1814 283 1874 nicus
305 1811 445 1874 carnifex
471 1813 598 1874 racione
622 1813 812 1894 suspicionis
841 1811 1037 1893 receptionis
1061 1813 1225 1874 cuiusdam
1252 1814 1327 1894 palii
1355 1815 1448 1876 Eme-

191 1919 246 1980 rici
272 1919 422 2001 Kaczyan
447 1917 582 1979 valentis
607 1918 687 1980 duos
711 1917 792 1996 flor„
825 1917 963 1999 quilibet
986 1937 1097 1980 eorum
1123 1917 1237 1999 juravit
1268 1921 1451 1982 terciusmet

190 2039 219 2085 et
244 2045 276 2086 se
301 2039 566 2106 expurgaverunt.

296 2131 374 2193 ltem
400 2132 473 2192 bina
491 2132 559 2192 vice
577 2131 810 2214 proclamatum
835 2143 881 2192 est
905 2150 1001 2212 super
1019 2131 1135 2192 domos
1154 2131 1318 2194 Benedicti
1337 2133 1450 2194 Hwala

192 2239 287 2319 patris
311 2238 466 2300 lohannis
482 2237 648 2315 carnificis,
673 2251 707 2299 ut
723 2238 747 2299 si
766 2237 838 2320 quis
860 2237 990 2299 haberet
1007 2237 1115 2299 literas
1130 2253 1161 2300 et
1178 2239 1306 2301 easdem
1331 2239 1449 2322 produ-

191 2359 273 2406 ceret
299 2346 330 2405 in
348 2344 480 2422 judici0‚
504 2345 583 2406 alias
606 2345 631 2405 si
650 2363 713 2406 non
732 2345 898 2426 producet,
916 2358 1030 2405 extunc
1047 2345 1209 2408 dabuntur
1226 2346 1316 2407 litere
1334 2349 1449 2428 (deest).

294 2449 373 2512 ltem
398 2451 493 2512 tercia
518 2452 586 2512 vice
612 2451 844 2532 proclamatum
876 2465 922 2510 est
944 2469 1038 2531 super
1069 2465 1167 2511 terras
1200 2453 1328 2513 Andree
1353 2451 1449 2514 freni-

193 2559 284 2638 paris,
309 2572 344 2618 ut
367 2557 392 2617 si
417 2557 533 2637 aliquis
558 2557 687 2618 haberet
712 2557 818 2617 literas
850 2575 945 2637 super
969 2556 1101 2628 eisdem,
1126 2571 1156 2618 et
1187 2558 1211 2618 si
1238 2577 1302 2620 non
1328 2559 1445 2640 produ·

191 2679 309 2741 centur,
344 2677 458 2725 extunc
494 2663 654 2724 dabuntur
688 2663 778 2724 litere
819 2662 991 2723 colendino
1026 2659 1260 2743 freniparorum
1296 2665 1445 2727 videlicet

190 2772 287 2833 sancti
313 2771 440 2852 Tobye.

293 2877 371 2938 ltem
398 2877 629 2958 proclamatum
664 2891 708 2936 est
740 2875 835 2937 tercia
869 2875 936 2934 vice
961 2895 1055 2956 super
1088 2877 1214 2939 vineam
1242 2877 1381 2940 Ladislai
1408 2879 1448 2942 de

192 2983 326 3060 Babcha,
352 2997 386 3044 ut
409 2983 434 3042 si
469 2983 585 3064 aliquis
618 2981 749 3043 haberet
780 2983 859 3062 jura,
892 2979 1057 3062 producat,
1090 2997 1120 3044 et
1151 2983 1176 3044 si
1203 3003 1267 3045 non
1293 2985 1449 3066 producet

192 3105 302 3152 extunc
327 3090 488 3151 dabuntur
513 3091 602 3150 litere
628 3075 787 3150 Ztanlconi
814 3089 908 3150 ribar.

292 3197 369 3258 ltem
395 3197 487 3276 jurati
513 3195 778 3276 adjudicaverunt
806 3195 881 3256 dare
906 3194 1012 3256 literas
1044 3196 1182 3256 consorti
1210 3197 1294 3258 Luce
1318 3199 1446 3276 sutoris,
1530 3255 1533 3262 r

191 3303 262 3384 quia
279 3304 390 3366 Petrus
403 3317 434 3365 et
447 3303 515 3363 eius
539 3321 670 3364 consors
687 3301 812 3362 nullum
826 3301 874 3382 jus
891 3315 921 3362 et
936 3301 1157 3362 testimonium
1175 3305 1309 3384 probare
1331 3305 1447 3384 potuit,

193 3409 246 3490 ipsi
272 3423 462 3492 perpetuum
488 3409 654 3470 silencium
682 3410 881 3490 inponentes.

293 3517 369 3577 ltem
395 3515 488 3594 jurati
514 3515 779 3595 adjudicaverunt
807 3535 936 3576 causam
970 3516 1051 3576 inter
1077 3515 1268 3596 Dyonisium
1294 3529 1446 3578 sartorem

191 3640 221 3684 et
245 3622 432 3684 Thomaslro
457 3635 621 3700 sartorem,
647 3636 677 3683 et
695 3622 771 3704 quia
789 3620 929 3707 prelatus
953 3621 1129 3703 Dyonisius
1145 3633 1245 3682 sartor
1262 3637 1448 3704 procurator

191 3729 312 3790 illarum
338 3727 519 3810 puellarum
545 3749 609 3790 non
642 3731 791 3810 probaret
815 3743 923 3790 contra
950 3728 1052 3807 ipsum
1079 3726 1253 3804 Thomam,
1279 3728 1352 3790 ideo
1378 3729 1444 3810 ipse

192 3836 294 3916 puelle
318 3850 349 3897 et
375 3836 442 3916 ipse
467 3835 498 3895 in
524 3853 658 3916 persona
676 3833 862 3896 earumdem
881 3835 1045 3895 convictus
1062 3848 1108 3893 est
1133 3835 1164 3894 in
1190 3835 1263 3895 vivo
1281 3833 1442 3914 homagio.

291 3941 369 4002 ltem
395 3939 536 4023 prefatus
562 3941 735 4023 Dyonisius
760 3955 860 4002 sartor
894 3939 1031 4002 eandem
1056 3959 1184 4000 causam
1209 3939 1383 4022 appellavit
1407 3942 1445 4002 ad

191 4047 328 4108 senIores
352 4047 484 4128 judices.

191 4266 331 4338 sabbato
361 4265 511 4355 proximo
550 4275 627 4336 ante
656 4267 778 4337 festum
815 4267 990 4338 beatorum
1020 4265 1155 4338 Fabiani
1195 4277 1227 4339 et
1256 4269 1446 4338 Sebastiam

719 4389 909 4461 martirum.

695 4541 757 4618 (16.
774 4543 943 4621 januaria).

292 4683 369 4744 ltem
394 4683 433 4745 ad
458 4685 651 4767 peticionem
671 4685 894 4765 religiosorum
920 4685 1062 4745 virorum
1081 4683 1212 4746 fratrum
1229 4685 1329 4746 sancti
1349 4684 1445 4744 Fran-

189 4788 272 4867 cisci‚
294 4791 393 4852 sancti
418 4791 544 4852 Nicolai
570 4803 601 4852 et
619 4791 856 4851 Heremitarum
882 4803 913 4852 et
938 4791 1075 4852 aliorum
1105 4793 1279 4872 proborum
1304 4789 1445 4851 virorum

191 4893 267 4957 lacta
294 4911 340 4958 est
364 4897 582 4958 misericordia
609 4896 768 4977 Gregorio
787 4897 934 4977 Burdych
961 4899 1020 4958 civi
1047 4899 1130 4960 dicte
1156 4897 1292 4959 civitatis
1316 4911 1446 4979 propter

190 5001 470 5066 blasfemacionem
496 5019 526 5066 et
558 5005 715 5086 vituperia
748 5003 799 5063 dei
829 5017 858 5064 et
892 5005 983 5064 beate
1016 5005 1113 5064 Maris
1139 5005 1271 5084 virginis
1296 5017 1326 5064 et
1357 5022 1444 5064 sanc·
