3644 5788
378 752 546 814 supereo,
571 734 657 813 quod
692 733 841 814 quitquid
874 733 936 794 due
967 753 1042 814 apes
1073 734 1252 812 valuerunt,
1284 735 1432 816 deposito
1466 736 1536 817 ipso
1561 734 1645 818 jura-

379 853 489 901 mento
515 841 600 901 idem
626 840 827 922 Margaretha
852 841 967 902 debeat
990 841 1051 902 sibi
1076 842 1268 923 persolvere.

486 947 563 1008 Item
590 967 645 1028 per
669 947 943 1028 composicionem
971 948 1204 1008 nonnullorum
1236 949 1414 1029 proborum
1439 963 1471 1010 et
1496 949 1646 1012 honesto-

381 1073 452 1114 rum
477 1053 617 1114 virorum
645 1053 789 1114 Marinus
816 1052 911 1134 judex
946 1053 1101 1114 Jacobum
1126 1052 1229 1114 filium
1255 1055 1339 1115 Petri
1373 1055 1491 1117 literati
1516 1056 1645 1116 racione

381 1158 596 1239 quorumdam
622 1157 819 1220 florenorum
844 1159 929 1219 misit
954 1159 1138 1240 expeditum
1162 1160 1203 1220 ita
1229 1160 1390 1238 videlicet,
1416 1161 1504 1242 quod
1529 1161 1554 1221 si
1581 1161 1648 1242 ipse

382 1266 519 1326 lacobus
544 1265 649 1326 eidem
676 1266 801 1326 Marino
827 1263 924 1346 judici
942 1285 1044 1346 usque
1069 1265 1107 1326 ad
1134 1265 1375 1346 quindecimam
1394 1267 1481 1328 diem
1505 1267 1646 1328 sedecim

381 1372 450 1434 flor.
476 1391 541 1433 non
573 1372 773 1454 persolverit,
806 1385 921 1433 extunc
954 1372 1069 1453 clapsis
1102 1371 1177 1454 ipsis
1210 1372 1396 1453 quindecim
1422 1373 1536 1435 diebus
1561 1373 1646 1433 idem

382 1480 521 1540 lacobus
552 1478 675 1561 prefato
709 1480 834 1540 Marino
859 1479 956 1560 judici
991 1479 1050 1540 XX
1083 1479 1153 1541 flor.
1178 1494 1208 1541 et
1240 1480 1473 1562 quinquaginta
1499 1481 1648 1542 denarios

381 1586 449 1648 sine
475 1587 564 1647 omni
589 1585 771 1667 juramento
796 1587 959 1668 deponere
984 1586 1115 1648 debebit
1139 1600 1170 1648 et
1194 1587 1366 1648 tenebitur.

409 1823 505 1897 Feria
535 1833 632 1896 sexta
662 1828 815 1914 proxima
852 1833 930 1914 post
957 1825 1079 1897 festum
1110 1826 1320 1898 lurencionis
1349 1834 1465 1898 sancte
1494 1825 1621 1898 Crucis.

937 1985 979 2053 (5.
1003 1980 1097 2054 mair).

486 2118 564 2181 ltem
591 2119 713 2201 Symon
741 2117 868 2180 Italicus
892 2119 1021 2180 racione
1054 2118 1221 2180 cuiusdam
1247 2121 1322 2201 equi
1357 2121 1494 2182 barbare
1521 2121 1646 2182 mulieri

381 2245 512 2286 omnem
537 2223 791 2286 satisfaccionem
818 2225 986 2306 impendit.

488 2331 566 2394 ltem
592 2331 750 2393 Martinus
774 2344 884 2392 contra
918 2330 1072 2393 Mathiam
1105 2330 1208 2393 filium
1233 2331 1364 2394 Andree
1396 2333 1501 2416 primo
1535 2333 1647 2394 citatus

381 2459 446 2500 non
471 2439 660 2520 comparuit.

487 2545 565 2608 Item
598 2545 789 2606 Valentinus
822 2543 911 2606 faber
943 2559 1053 2605 contra
1087 2544 1309 2606 Sthankonem
1341 2543 1489 2606 similiter
1521 2543 1647 2606 fabrum

381 2651 522 2713 secundo
548 2651 661 2712 citatus
684 2670 751 2712 non
776 2651 966 2731 comparuit.

487 2758 566 2820 Item
590 2758 782 2819 Valentinus
807 2755 895 2818 faber
920 2770 1029 2818 contra
1055 2756 1210 2818 Mathiam
1235 2775 1451 2818 successorem
1477 2756 1647 2840 loffanych

382 2865 486 2946 primo
510 2865 624 2926 citatus
648 2883 713 2925 non
740 2863 928 2945 comparuit.

488 2969 566 3032 ltem
592 2969 745 3032 Clemens
777 2967 866 3032 faber
899 2982 1008 3032 contra
1042 2969 1220 3052 Symonem
1252 2987 1366 3030 cocum
1400 2969 1506 3051 primo
1539 2971 1650 3032 citatus

382 3097 447 3139 non
472 3078 662 3160 comparuit.

469 3183 565 3245 ltem
592 3183 735 3244 Marinus
758 3182 854 3265 judex
879 3182 910 3242 id
936 3201 1008 3242 curn
1033 3181 1169 3244 Nicolao
1193 3181 1357 3244 aurifabro
1381 3184 1460 3246 alias
1484 3183 1594 3264 judice
1618 3198 1650 3246 et

382 3291 514 3352 concive
538 3304 649 3351 nostro
674 3309 780 3351 coram
806 3289 899 3350 nobis
932 3290 963 3349 in
989 3288 1111 3369 judicio
1143 3291 1379 3370 comprobavit,
1404 3291 1493 3372 quod
1519 3311 1649 3353 causam

384 3397 466 3458 inter
498 3398 603 3478 ipsum
635 3410 666 3458 et
697 3395 839 3457 Blasium
876 3395 1013 3475 juratum
1048 3395 1176 3456 racione
1209 3397 1424 3476 quarumdam
1457 3398 1652 3476 stacionum,

383 3503 521 3563 condam
545 3502 672 3563 Vlricus
696 3521 805 3563 comes
829 3501 913 3562 Cilie
938 3514 996 3562 etc.
1015 3502 1103 3583 prius
1128 3501 1167 3563 de
1190 3501 1312 3582 judicio
1337 3516 1447 3564 nostro
1472 3503 1504 3563 in
1522 3523 1651 3585 presen-

382 3610 464 3670 ciam
489 3609 588 3691 ipsius
620 3609 825 3691 appellatam,
857 3609 941 3668 idem
969 3627 1041 3669 cum
1077 3608 1167 3669 totali
1194 3627 1344 3690 processu
1375 3627 1435 3668 suo
1460 3628 1563 3690 usque
1595 3609 1651 3670 ad-

383 3730 515 3778 ventum
539 3735 631 3776 suum
658 3715 697 3776 ad
723 3713 877 3796 prefatam
904 3714 1063 3774 civitatem
1090 3715 1275 3795 prorogavit
1300 3713 1517 3790 judicandam.

488 3820 564 3882 Item
591 3821 699 3881 relicta
723 3819 859 3882 condam
885 3819 1041 3880 Anthonii
1074 3818 1153 3881 fabri
1180 3833 1290 3881 contra
1317 3820 1480 3881 Marinum
1508 3819 1653 3900 judicem

383 3927 487 4008 ptimo
512 3927 605 3988 citata
632 3947 696 3988 non
722 3927 912 4006 comparuit.

489 4032 565 4094 ltem
592 4034 701 4095 relicta
726 4033 864 4094 condam
884 4033 1043 4094 Leonardi
1069 4033 1186 4094 sutoris
1202 4052 1288 4094 nunc
1313 4052 1389 4094 vero
1407 4051 1539 4094 consors
1557 4033 1654 4114 legit·

382 4141 460 4202 tima
493 4141 632 4223 Philippi
665 4141 781 4202 sutoris
817 4153 926 4201 contra
960 4139 1121 4200 Marinum
1152 4138 1291 4219 judicem
1325 4141 1430 4221 primo
1455 4139 1550 4200 citata
1585 4159 1654 4202 noo

384 4247 573 4328 comparuit.

490 4353 575 4423 ltem.
592 4353 693 4414 Elena
718 4354 828 4414 relicta
860 4353 948 4414 Pauli
974 4351 1167 4434 Kerpanych
1199 4365 1230 4413 et
1255 4351 1340 4413 Dora
1366 4349 1431 4412 filia
1459 4371 1515 4412 sua
1540 4366 1655 4416 contra

385 4459 527 4519 relictam
554 4458 732 4520 Clementis
758 4457 923 4520 Bwhweth
939 4458 1156 4540 juramentum
1182 4459 1400 4539 deposuerunt
1427 4457 1459 4518 in
1486 4477 1536 4536 eo,
1561 4460 1654 4540 quod

385 4567 452 4647 ipse
477 4583 541 4626 non
567 4579 641 4625 sunt
664 4565 723 4626 sibi
750 4565 928 4646 culpabiles
953 4566 984 4625 in
1015 4564 1078 4625 illis
1102 4583 1166 4645 que
1191 4564 1258 4646 ipsa
1289 4578 1398 4626 contra
1423 4563 1553 4625 easdem
1578 4585 1654 4647 pro·

385 4671 501 4752 posuit.

490 4777 568 4838 ltem
593 4775 687 4856 jurati
713 4777 978 4856 adjudicaverunt
1003 4795 1131 4837 causam
1156 4776 1238 4838 inter
1262 4776 1392 4838 Petrum
1416 4775 1557 4856 juratum
1581 4797 1654 4839 mo-

386 4883 522 4943 dernum
547 4898 579 4944 et
603 4883 807 4944 Lodouicum
826 4883 991 4944 concivem
1009 4896 1154 4944 nostrum
1173 4883 1301 4943 racione
1318 4883 1484 4944 cuiusdam
1502 4885 1654 4964 pecunie,

385 5008 481 5071 quam
507 4987 592 5052 idem
617 4989 729 5052 Petrus
754 4987 876 5070 prefato
896 4989 1071 5051 Lodowico
1096 5008 1168 5051 cum
1194 4990 1335 5071 quadam
1361 4990 1438 5052 cista
1462 4989 1598 5052 dederat
1624 5005 1654 5055 et
