3852 5814
673 483 872 564 Ann01476.
898 521 938 530 —-
964 482 1012 546 16.
1044 487 1214 548 novembris.
1514 505 1577 568 455

313 699 596 781 supranominatus
633 699 823 760 Dominicus
858 719 923 760 non
955 712 1124 760 contentus
1155 699 1329 781 appellavit
1361 699 1401 760 ad
1435 700 1578 762 seniores

314 805 446 886 judices.
488 851 490 854 -

420 912 497 975 Item
523 931 651 974 causam
685 913 767 974 inter
798 912 978 974 Fabianum
1003 912 1178 974 Veuericza
1210 923 1241 972 et
1273 911 1377 971 Eliam
1407 930 1576 994 campana-

314 1033 428 1099 torem,
453 1020 484 1082 iu
510 1039 576 1101 quo
599 1019 762 1081 Fabianus
778 1019 939 1080 asserebat
963 1018 1051 1100 quod
1077 1019 1164 1080 Elias
1189 1030 1396 1099 campanetor
1420 1018 1578 1099 quosdam

312 1141 434 1208 septem
459 1125 529 1188 flor.
555 1125 614 1208 ipsi
641 1125 785 1186 Fabiano
810 1125 934 1187 solvere
959 1137 1129 1202 teneretur,
1158 1145 1220 1205 que
1245 1123 1381 1206 pecunia
1406 1136 1577 1186 testamen-

312 1233 384 1294 talis
408 1246 500 1312 esset,
524 1251 620 1314 super
644 1251 709 1312 quo
727 1230 993 1314 adjudicaverunt
1016 1230 1121 1312 jurati,
1146 1230 1233 1312 quod
1259 1231 1325 1312 ipse
1351 1229 1513 1292 Fabianus
1537 1230 1576 1290 ad

311 1338 504 1401 hodiernum
531 1338 617 1400 diem
642 1337 740 1419 judici
765 1338 985 1399 testimonium
1010 1357 1106 1420 super
1133 1356 1172 1398 eo
1197 1336 1377 1398 conducere
1403 1335 1576 1414 debuisset,

312 1445 400 1527 quod
424 1445 492 1526 ipse
517 1444 680 1506 Fabianus
704 1445 837 1506 minime
863 1443 1026 1506 conduxit,

416 1666 563 1738 Sabbato
592 1663 743 1754 proximo
773 1673 852 1736 ante
889 1666 1012 1736 festum
1041 1665 1136 1736 beate
1164 1663 1334 1738 Elisabeth
1361 1665 1468 1738 vidue.

809 1797 873 1877 (16.
897 1801 1078 1877 novembris).

417 1961 494 2023 Item
520 1980 648 2022 causam
674 1961 755 2022 inter
781 1959 971 2022 Michaelem
1001 1973 1142 2022 sutorem
1167 1979 1321 2041 generum
1349 1961 1434 2022 Luce
1459 1961 1575 2022 sutoris

309 2081 340 2130 et
375 2069 458 2130 inter
494 2066 670 2148 Georgium
706 2068 831 2128 Zalarin
865 2068 992 2128 racione
1025 2067 1191 2128 cuiusdam
1227 2067 1464 2128 vulneracionis
1497 2069 1572 2148 equi

309 2176 410 2258 ipsius
435 2175 601 2236 Michaelis
625 2175 741 2236 sutoris
759 2189 789 2235 et
811 2195 867 2256 per
885 2174 988 2256 ipsum
1008 2174 1198 2236 Michaelem
1216 2189 1357 2236 sutorem
1376 2175 1415 2236 ad
1433 2175 1575 2237 seniores

309 2281 432 2362 judices
456 2281 662 2364 appellatam,
687 2281 830 2342 seniores
854 2280 975 2360 judices
1003 2281 1109 2342 taliter
1132 2279 1367 2361 adjudicarunt,
1393 2282 1480 2362 quod
1507 2282 1574 2363 ipse

310 2387 470 2469 Georgius
494 2387 621 2448 Zalarin
647 2387 743 2450 debet
767 2387 870 2468 jurare
900 2387 1084 2449 terciusmet
1109 2387 1139 2446 in
1172 2406 1224 2447 ara
1252 2400 1358 2448 sancte
1384 2387 1497 2449 Crucis
1522 2407 1573 2449 oc·

308 2507 383 2556 tavo
408 2493 459 2555 die
485 2506 556 2576 post
580 2493 753 2554 adventum
780 2493 879 2575 ipsius
904 2513 960 2574 pro
982 2513 1014 2554 se
1039 2493 1109 2553 solo
1134 2493 1271 2554 sednon
1297 2513 1354 2575 pro
1379 2493 1460 2572 aliis,
1485 2495 1573 2575 quod

309 2601 376 2682 ipse
401 2601 492 2662 illum
518 2619 637 2682 equum
665 2600 831 2662 Michaelis
854 2600 972 2661 sutoris
996 2620 1060 2660 non
1086 2599 1266 2661 vulneravit
1290 2621 1349 2660 nec
1373 2600 1453 2663 dixit
1476 2601 1572 2664 alicui

309 2707 488 2771 vulnerare.

415 2812 492 2874 ltem
519 2811 596 2873 feria
620 2813 717 2874 tercia
742 2812 887 2894 proxima
912 2825 983 2894 post
1008 2811 1123 2874 festum
1150 2813 1301 2896 Symonis
1325 2827 1356 2875 et
1381 2814 1473 2893 lude,
1497 2835 1572 2876 cau·

308 2939 375 2980 sam
401 2938 498 3000 quam
524 2921 675 2980 movebat
692 2920 791 2980 Elena
810 2939 940 2980 consors
957 2919 1093 2980 condam
1113 2919 1245 3001 Georgii
1264 2919 1377 2981 Rihtar
1401 2921 1571 2984 commissa

308 3025 445 3088 civitatis
469 3025 753 3106 Montisgrecensis
769 3026 808 3086 de
835 3026 1011 3088 literatorio
1029 3027 1182 3088 mandato
1205 3027 1400 3089 serenissimi
1418 3028 1571 3109 principis

308 3132 428 3195 Mathie
453 3132 503 3194 dei
528 3133 634 3214 gracia
652 3133 735 3214 regis
760 3133 925 3214 Hungarie
947 3146 1056 3194 contra
1081 3146 1111 3195 et
1128 3132 1279 3195 adversus
1303 3135 1568 3215 circumspectum

309 3239 451 3300 Blasium
484 3239 623 3319 judicem
657 3239 731 3300 anni
764 3240 926 3320 preteriti,
959 3239 1158 3322 Stephanum
1191 3239 1339 3322 plathnar
1372 3253 1402 3303 et
1434 3239 1569 3301 alterum

308 3345 508 3428 Stephanum
532 3346 727 3427 selliparem,
753 3346 952 3407 Demetrium
981 3360 1146 3424 sartorem,
1172 3346 1258 3407 Dora
1284 3346 1473 3408 Marisiczna
1497 3366 1569 3407 cum

306 3473 427 3531 sorore,
452 3454 582 3515 Petrum
607 3453 749 3534 Draghin
775 3453 940 3516 accionem
964 3474 1054 3515 suam
1069 3455 1236 3535 proposuit
1261 3473 1299 3514 eo
1324 3455 1434 3532 modo,
1459 3467 1493 3515 ut
1510 3455 1570 3536 ipsi

306 3561 471 3624 universas
495 3581 544 3622 res
568 3576 599 3623 et
623 3563 707 3623 bona
733 3561 877 3622 eiusdem
904 3562 1003 3623 Elene
1026 3562 1228 3643 recepissent,
1253 3561 1308 3642 qui
1334 3561 1457 3622 Blasius
1474 3561 1569 3642 judex

307 3680 338 3728 et
362 3667 416 3728 alii
441 3668 601 3749 prenotati
626 3668 792 3729 accionem
818 3668 917 3749 ipsius
949 3669 1050 3730 Elene
1075 3667 1264 3748 simpliciter
1289 3681 1497 3747 negaverunt,
1522 3667 1568 3746 ju-

306 3774 364 3836 rati
397 3773 663 3856 adjudicaverunt
696 3794 734 3835 eo
767 3775 877 3853 modo,
910 3789 944 3835 ut
980 3775 1038 3856 ipsi
1072 3775 1103 3834 in
1128 3793 1181 3835 ara
1214 3787 1321 3834 sancte
1347 3772 1460 3834 Crucis
1491 3769 1569 3835 feria

305 3881 401 3944 tercia
436 3882 581 3964 proxima
616 3895 688 3962 post
724 3879 839 3941 festum
878 3880 1034 3942 Omnium
1068 3893 1250 3941 sanctorum
1284 3878 1422 3960 quilibet
1456 3898 1567 3939 eorum

305 3987 488 4049 terciusmet
511 3987 588 4069 ipsis
614 3985 773 4047 similibus
803 4006 959 4068 supereo
984 3986 1086 4067 jurare
1112 3985 1269 4062 debeant,
1302 3985 1390 4066 quod
1425 3985 1484 4066 ipsi
1510 4005 1568 4046 nec

305 4094 444 4156 multum
468 4113 527 4155 nec
558 4113 693 4176 parvum
727 4108 915 4174 receperunt
947 4113 996 4154 res
1028 4107 1058 4154 et
1083 4095 1166 4154 bona
1198 4090 1342 4152 eiusdem
1369 4091 1487 4167 Elene3
1512 4092 1567 4172 qui

304 4199 426 4262 scilicet
450 4199 575 4261 Blasius
599 4199 695 4281 juder
720 4199 828 4261 etalii
854 4199 1012 4281 prenotati
1042 4199 1254 4280 prescriptum
1279 4197 1494 4278 juramentum
1521 4199 1568 4279 ip-

304 4326 412 4370 sorum
438 4306 491 4368 die
516 4319 546 4368 et
578 4307 651 4368 loco
684 4307 715 4367 in
747 4307 928 4388 prescriptis
960 4306 1018 4367 rite
1047 4320 1077 4366 et
1109 4305 1264 4384 legittime
1290 4304 1509 4385 deposuerunt
1535 4317 1568 4364 ut

305 4413 497 4476 debuerunt.

413 4520 490 4580 ltem
516 4539 643 4580 causam
677 4518 798 4601 (quam)
831 4521 982 4581 movebat
1006 4518 1090 4578 idem
1124 4517 1224 4578 Elena
1249 4515 1432 4578 Rihtaricza
1457 4529 1567 4577 contra

304 4627 483 4688 iohannem
517 4628 676 4689 literatum
712 4626 929 4688 Kelemichicz
954 4625 1086 4703 dictum,
1113 4639 1147 4685 ut
1178 4625 1244 4705 ipse
1278 4623 1413 4684 eandem
1445 4623 1567 4684 direct

304 4734 416 4795 acriter
434 4735 640 4812 verberasset,
666 4735 721 4814 qui
739 4734 859 4794 scilicet
884 4732 1018 4793 eandem
1038 4732 1299 4792 verhcracionem
1321 4750 1384 4790 non
1412 4745 1566 4810 negasset,

304 4839 358 4900 sed
385 4841 465 4900 dixit
489 4839 574 4901 idem
594 4839 755 4900 lohannes
776 4859 847 4899 cum
867 4839 978 4899 eadem
996 4839 1206 4899 concordasse
1224 4857 1330 4898 coram
1355 4837 1464 4917 probis
1481 4836 1565 4912 viris,

304 4961 334 5007 et
359 4945 444 5008 idem
470 4945 633 5008 lohannes
656 4946 877 5007 testimonium
896 4945 1082 5006 huiusmodi
1101 4945 1272 5006 concordie
1298 4943 1505 5008 submisisset.
1532 4957 1566 5002 ut
