3852 5814
679 537 882 618 Ann01480.
912 573 951 582 -
977 536 1026 600 16.
1043 541 1136 614 junii.

275 754 379 816 dictus
405 753 519 814 Gallus
543 771 608 812 non
634 765 803 811 contentus
823 770 949 812 causam
972 751 1072 831 ipsam
1091 750 1264 832 appellavit
1288 750 1326 810 ad
1353 751 1537 830 magistrum

276 859 545 921 thawernicorum
570 858 738 938 regalium.

381 965 457 1026 Item
484 984 611 1026 causam
637 964 719 1024 inter
744 963 913 1024 Nicolaum
934 963 1089 1024 Horwath
1114 979 1144 1025 et
1169 962 1358 1024 Michaelem
1384 983 1538 1043 generum

275 1073 352 1133 olim
380 1072 466 1132 Luce
490 1071 607 1132 sutoris
632 1071 760 1130 racione
778 1069 944 1130 cuiusdam
970 1070 1079 1150 equini
1098 1069 1195 1151 precii
1221 1069 1370 1129 etunius
1395 1068 1462 1130 flor.
1481 1088 1539 1149 pro

274 1177 414 1259 quodam
441 1178 526 1254 olea,
558 1177 700 1238 seniores
731 1175 852 1256 judices
885 1176 1159 1255 adjudicaverunt,
1192 1174 1280 1255 quod
1313 1175 1379 1255 ipsa
1404 1175 1535 1235 domina

275 1285 357 1344 Nesa
384 1303 514 1345 consors
538 1283 664 1344 Nicolai
690 1282 846 1343 Horwath
872 1283 966 1342 debet
989 1281 1091 1363 jurare
1118 1281 1149 1343 in
1166 1301 1218 1342 ara
1244 1294 1351 1341 sancte
1376 1281 1488 1342 Crucis
1507 1281 1537 1340 in

276 1390 409 1452 ecclesia
435 1389 534 1451 sancti
560 1389 657 1450 Marci
691 1389 896 1470 ewangeliste
928 1386 1071 1465 lundata,
1104 1388 1135 1448 in
1169 1407 1219 1466 eu,
1244 1387 1332 1468 quod
1358 1387 1424 1469 ipsa
1458 1387 1537 1447 illud

276 1497 419 1578 precium
445 1497 519 1577 equi
545 1511 576 1556 et
600 1496 708 1556 oleum
734 1515 791 1577 pro
825 1515 889 1556 uno
915 1496 983 1557 flor.
1013 1495 1132 1576 recepit
1164 1495 1195 1554 in
1220 1509 1338 1554 sortem
1363 1494 1539 1554 solutionis

274 1602 441 1663 cuiusdam
466 1601 602 1684 pecunie
635 1621 691 1682 per
724 1601 824 1682 ipsam
859 1601 1066 1662 accomodate
1099 1600 1236 1661 condam
1271 1600 1355 1660 Luce
1384 1600 1483 1660 sutori
1509 1613 1539 1660 et

274 1708 382 1769 Blasio
414 1706 611 1790 Zthenychlti
648 1708 766 1769 seniori
802 1708 921 1790 judici,
955 1708 1049 1768 debet
1085 1721 1191 1768 autem
1228 1705 1331 1786 jurare
1367 1706 1538 1788 prescripta

273 1811 351 1876 feria
376 1829 473 1876 sexta.

382 1921 460 1982 ltem
494 1921 637 1982 seniores
669 1920 790 2001 judices
823 1939 949 1981 causam
983 1921 1065 1982 inter
1097 1919 1288 2003 Dyonisium
1321 1931 1475 1979 sartorem
1509 1932 1540 1978 et

276 2026 430 2088 Mathiam
456 2027 572 2088 Perecz
597 2027 726 2088 racione
751 2027 917 2088 cuiusdam
948 2027 1012 2087 vini
1038 2047 1093 2108 per
1125 2026 1245 2106 juratos
1269 2025 1483 2104 adjudicatam
1510 2039 1540 2085 et

275 2133 315 2194 ad
339 2133 481 2194 seniores
505 2133 627 2214 judices
651 2133 846 2216 appellatam
873 2133 969 2194 iidem
996 2133 1117 2213 judices
1141 2131 1421 2207 confirmaverunt,
1446 2131 1540 2191 debet

274 2254 381 2300 autem
416 2239 590 2322 Dyonisius
622 2239 837 2320 juramentum
870 2240 1033 2321 deponere
1068 2239 1155 2300 solus
1187 2237 1307 2319 prelata
1335 2237 1410 2298 feria
1435 2250 1539 2312 sexta;

275 2347 314 2407 de
339 2366 404 2427 quo
429 2346 550 2426 judicio
576 2366 639 2408 non
666 2361 835 2408 contentus
860 2347 963 2408 dictus
982 2345 1117 2407 Mathias
1142 2347 1258 2406 Perecz
1276 2345 1449 2426 appellavit
1466 2363 1540 2404 cau·

277 2473 345 2514 sam
371 2452 411 2514 ad
435 2453 622 2534 magistrum
648 2453 917 2514 thawernicorum
952 2453 1117 2534 regalium.

316 2667 411 2741 Faria
440 2681 536 2742 sexta
566 2670 719 2760 proxima
749 2679 824 2758 post
853 2672 973 2741 lestum
1003 2673 1178 2742 beatorum
1213 2671 1280 2742 Viti
1311 2679 1344 2740 et
1374 2671 1512 2740 llodcsti

820 2799 1010 2865 martirum.

816 2945 877 3018 (ιό.
894 2949 1000 3023 junia,

384 3089 489 3150 Causa
524 3088 605 3148 inter
637 3107 769 3149 uxorem
802 3088 1036 3169 campanatoris
1070 3103 1099 3148 et
1132 3088 1285 3148 lacobum
1321 3086 1542 3169 Jattchewych,

277 3211 382 3278 partes
407 3196 526 3256 debent
550 3214 735 3276 comparere
763 3195 792 3255 in
819 3195 923 3276 primo
948 3195 1068 3274 judicio
1094 3194 1316 3254 consistoriali.

383 3302 488 3363 Causa
507 3301 588 3362 inter
606 3302 747 3362 relictam
767 3301 904 3362 condam
919 3301 1042 3361 Nicolai
1063 3299 1297 3380 campanatoris
1314 3313 1343 3360 ct
1361 3297 1539 3358 lohannem

277 3408 498 3491 Soldynarych
524 3409 651 3468 racione
677 3409 833 3468 mercedis
855 3407 1001 3467 laborum
1027 3407 1101 3466 dicti
1120 3406 1355 3486 campanatoris
1380 3423 1435 3484 per
1459 3423 1536 3464 eun·

279 3514 352 3574 dem
371 3513 549 3574 lohannem
576 3514 714 3590 detente‚
739 3513 830 3592 jurati
857 3513 1131 3592 adiudicavcrunt,
1149 3511 1237 3592 quod
1263 3524 1431 3592 postquam
1451 3528 1538 3568 com-

279 3621 417 3680 munitas
443 3620 547 3700 ipsum
573 3618 752 3680 lohannem
778 3620 817 3679 de
842 3619 958 3679 debitis
983 3639 1043 3698 quc
1062 3631 1186 3679 tenetur
1210 3617 1270 3677 sibi
1296 3615 1537 3690 commoverit,

278 3739 354 3787 tunc
383 3726 468 3786 idem
495 3725 657 3786 lohannes
682 3726 842 3786 debitores
874 3725 1113 3786 communitatis
1146 3723 1200 3803 qui
1234 3722 1362 3783 fuerunt
1393 3737 1538 3801 tempore

277 3831 436 3910 judicatus
461 3831 559 3912 ipsius
583 3831 678 3892 habet
702 3845 887 3892 contentare
913 3846 942 3890 et
967 3831 1126 3890 exolvere.

384 3937 488 3999 Causa
515 3939 596 3999 inter
614 3937 811 4019 Stephanum
831 3952 972 3999 sutorem
998 3957 1028 3997 ct
1045 3935 1218 4017 quamdam
1245 3935 1412 3995 mulierem
1439 3933 1541 3993 Katha

280 4058 422 4104 vocatam
448 4045 721 4124 consanguineam
748 4043 982 4126 Berczltowych
1017 4043 1143 4104 racione
1177 4040 1390 4122 quorumdam
1417 4054 1538 4100 trecen-

278 4164 383 4210 torum
410 4151 587 4211 solidorum
614 4170 669 4232 per
695 4151 798 4231 ipsum
834 4150 1034 4230 Stephanum
1066 4163 1207 4209 sutorem
1242 4146 1325 4206 dicte
1350 4145 1477 4206 mulieri
1502 4145 1541 4205 ad

278 4257 533 4317 conservandum
559 4257 719 4335 datorum,
745 4256 836 4330 jurati
872 4255 1147 4334 adjudicaverunt,
1180 4253 1267 4334 quod
1294 4273 1330 4313 ex
1356 4272 1421 4332 quo
1446 4253 1542 4312 ambo

281 4363 421 4443 ipsorum
449 4377 656 4444 portaverunt
681 4377 711 4422 et
740 4362 920 4423 habuerunt
952 4363 1057 4422 claves
1082 4361 1180 4441 ipsius
1212 4360 1288 4419 ciste
1315 4359 1344 4418 iu
1371 4378 1433 4438 qua
1459 4359 1541 4418 dicta

280 4469 414 4550 pecunia
440 4471 697 4546 conservabatur,
724 4467 842 4550 prefata
871 4469 987 4529 mulier
1011 4469 1105 4529 habet
1138 4467 1353 4545 juramentum
1379 4465 1541 4546 deponere

280 4576 346 4635 sola
371 4595 466 4656 super
490 4595 575 4635 aram
603 4577 632 4634 in
660 4595 709 4652 ea,
734 4576 821 4655 quod
848 4576 913 4656 ipsa
940 4595 1004 4635 non
1034 4573 1152 4654 recepit
1177 4575 1216 4633 de
1242 4585 1379 4652 pretacta
1405 4573 1541 4651 pecunia

281 4702 339 4743 nec
362 4683 420 4743 scit
438 4683 510 4763 quis
527 4682 656 4763 reccpit,
674 4695 704 4741 ct
730 4681 911 4762 Stephanus
928 4681 959 4741 in
978 4681 1119 4762 dampno
1138 4679 1299 4755 manebit;
1324 4680 1419 4738 debet
1436 4693 1542 4738 autem

280 4789 384 4866 jurare
410 4787 485 4849 feria
511 4803 595 4850 scxta
622 4788 767 4870 proxime
792 4801 934 4849 ventura.

386 4894 490 4956 Causa
517 4895 598 4955 inter
629 4893 807 4954 lohannem
844 4894 1004 4976 Soldynar
1038 4908 1068 4953 et
1099 4893 1233 4954 Paulum
1267 4891 1461 4952 aurifabrum
1488 4910 1542 4952 seu

280 5015 379 5062 totam
407 5001 671 5062 communitatem
698 5001 825 5062 racione
844 5000 1058 5079 quorumdam
1085 4999 1196 5078 viginti
1215 5017 1268 5057 sex
1287 5013 1316 5058 et
1342 4998 1448 5058 medio
1475 4996 1542 5057 llor.
