3694 5782
764 648 767 654 ,
805 583 1005 666 Anno1464.
1032 619 1071 630 -
1094 597 1127 661 9.
1151 585 1321 646 novembris.

539 798 617 860 ltem
642 817 770 860 causam
794 799 876 860 inter
908 796 1094 880 Philippum
1128 811 1269 860 sutorem
1294 809 1325 859 et
1357 796 1520 859 Andream
1551 797 1703 859 similiter

436 917 578 966 sutorem
603 924 819 968 successorem
843 875 1000 966 Anlhonii
1033 903 1196 982 institoris,
1224 902 1317 984 jurati
1348 901 1389 965 ad
1413 903 1608 986 peticionem
1632 922 1700 966 cer·

367 1064 372 1076 .
436 1023 543 1072 torum
568 1012 744 1093 proborum
769 1011 911 1073 virorum
933 1025 1146 1093 prorogarunt
1169 1009 1209 1072 ad
1227 1009 1368 1094 primum
1391 1009 1558 1092 judicium,
1581 1010 1608 1072 si
1625 1029 1700 1092 pos·

436 1129 510 1179 sunt
534 1117 741 1198 concordare,
765 1119 847 1180 bene
872 1117 1016 1199 quidem,
1040 1118 1163 1200 aliquin
1196 1117 1263 1200 ipsa
1287 1136 1381 1179 causa
1404 1117 1500 1179 stabit
1522 1118 1556 1179 in
1580 1118 1698 1180 eodem

438 1223 547 1286 udicio
572 1223 658 1286 etin
684 1223 800 1287 eodem
825 1237 918 1286 statu.

535 1329 612 1391 ltem
645 1348 774 1392 causam
807 1329 889 1392 inter
921 1330 1111 1413 Myrkonem
1136 1342 1167 1392 et
1199 1329 1328 1412 Mycula
1363 1329 1528 1413 lagodych
1563 1329 1698 1408 dianam,

432 1437 580 1500 concives
604 1449 740 1516 nostros,
765 1436 859 1518 jurati
891 1451 1105 1520 prorogarunt
1136 1435 1175 1498 ad
1207 1436 1403 1519 peticionem
1427 1450 1589 1499 certorum
1619 1457 1696 1520 pro·

431 1545 545 1606 borum
563 1543 706 1606 virorum
731 1562 833 1625 usque
850 1544 991 1626 primum
1016 1542 1171 1624 judicium
1188 1543 1214 1604 ai
1231 1557 1365 1626 possunt
1388 1543 1595 1624 concordare,
1613 1544 1695 1606 elio·

430 1652 507 1734 quin
532 1672 626 1714 causa
651 1653 719 1735 ipsa
742 1652 838 1714 stabit
861 1652 943 1713 inter
967 1650 1098 1712 eoadem
1122 1651 1156 1712 in
1180 1649 1296 1714 eodem
1320 1664 1413 1714 statu.

536 1759 613 1820 ltem
628 1758 782 1820 discretus
798 1759 846 1820 vir
859 1757 1016 1820 Martinus
1032 1757 1187 1840 presbiter
1200 1758 1297 1820 citare
1313 1756 1388 1820 lecit
1403 1757 1550 1820 terciario
1567 1757 1697 1842 Dyoni·

429 1865 512 1926 sium
529 1866 727 1947 scriptorem,
738 1865 794 1947 qui
812 1863 1185 1946 Dyoaiaiuacomparuit,
1201 1864 1355 1946 ipsevero
1369 1863 1520 1926 dominus
1534 1864 1693 1926 Martinus

433 1991 499 2034 non
520 1973 700 2056 comparuit
716 1992 820 2054 neque
836 1972 954 2054 aliquis
978 1991 1036 2054 pro
1053 1971 1168 2034 eodem
1193 1971 1329 2033 domino
1342 1971 1481 2033 Martino
1498 1971 1690 2052 comparuit.

535 2079 613 2141 ltem
638 2099 766 2142 causam
792 2079 873 2141 inter
897 2077 1092 2160 Gregorium
1124 2076 1318 2160 freniparem
1342 2090 1474 2161 propter
1496 2076 1692 2139 violenciam

430 2204 528 2267 quam
560 2185 673 2247 Petrus
704 2199 793 2249 sutor
816 2183 892 2247 lecit
922 2185 1004 2246 inter
1035 2185 1126 2263 vites,
1158 2197 1189 2247 et
1212 2184 1307 2268 jurati
1340 2183 1401 2246 hoc
1425 2182 1498 2246 lassi
1529 2197 1614 2262 suut,
1646 2203 1694 2245 re·

431 2291 549 2354 mansit
572 2291 677 2354 eidem
696 2292 782 2354 idem
800 2291 911 2354 Petrus
935 2291 968 2354 in
985 2291 1156 2371 violencia,
1180 2303 1212 2353 et
1228 2289 1318 2374 quod
1342 2290 1537 2374 vituperavit
1552 2289 1695 2352 eundem

431 2397 631 2460 nominando
656 2417 729 2460 eum
764 2397 931 2461 diabolum
965 2411 995 2460 et
1025 2396 1207 2460 testificavit
1230 2411 1341 2461 contra
1374 2396 1558 2460 cumidem
1582 2397 1698 2459 Petrus

429 2505 582 2566 remansit
604 2505 664 2566 sibi
683 2503 842 2586 Gregorio
867 2505 899 2566 in
915 2504 954 2567 X.
980 2505 1087 2587 pensis
1104 2517 1136 2568 et
1151 2504 1376 2567 communitati
1394 2517 1524 2566 centum
1541 2503 1698 2567 denariis.

537 2611 615 2674 ltem
633 2629 762 2673 causam
779 2611 861 2674 inter
879 2609 1033 2673 Mathiam
1058 2629 1245 2694 arcuparem
1262 2623 1294 2672 et
1310 2610 1513 2672 Anthonium
1538 2608 1700 2692 Chaylryn

430 2719 559 2780 racione
583 2716 753 2780 lraccionia
778 2715 902 2779 lrouclae
927 2730 959 2780 et
982 2717 1160 2780 oblacionis
1185 2730 1217 2780 et
1241 2716 1466 2779 ducillacionis
1490 2735 1573 2798 aque
1589 2729 1701 2779 torcu-

430 2825 504 2902 late,
529 2837 560 2888 et
583 2825 659 2907 qula
694 2825 761 2908 ipse
786 2824 924 2886 Mathias
955 2843 1088 2907 arcupar
1111 2844 1207 2907 super
1240 2824 1345 2907 ipsum
1370 2822 1572 2885 Anthonium
1596 2823 1702 2906 auspi-

431 2931 558 2993 cionem
591 2930 728 3010 dicebat,
760 2929 835 2992 ideo
867 2930 973 2993 eidem
1007 2929 1174 2992 Anthonio
1207 2929 1301 3013 jurati
1333 2927 1583 3013 (adjudicarunt)
1614 2928 1703 3011 jura·

430 3049 577 3100 mentum
599 3037 768 3099 terciomet
799 3051 939 3120 prestare
964 3034 1043 3098 leria
1074 3037 1172 3099 tercia
1196 3036 1343 3120 proxima
1375 3049 1449 3119 post
1472 3034 1590 3098 festum
1613 3035 1702 3098 beati

431 3143 572 3223 Martini,
597 3142 630 3204 in
654 3162 703 3223 eo,
728 3143 817 3226 quod
840 3143 908 3226 ipae
932 3163 993 3205 nec
1015 3141 1115 3206 nichil
1142 3143 1195 3205 vel
1219 3141 1387 3205 modicum
1411 3140 1518 3204 eidem
1542 3141 1703 3204 subtraxit

431 3250 463 3311 in
488 3249 601 3311 eadem
625 3249 751 3312 lroucha
775 3269 841 3312 aua.

537 3353 615 3418 ltem
640 3374 768 3417 causam
792 3355 874 3417 inter
905 3354 1072 3418 dominam
1105 3353 1249 3416 relictam
1283 3353 1404 3416 Mathei
1441 3367 1472 3416 et
1498 3352 1702 3436 Stephanum

432 3461 577 3544 Decaryn
610 3461 742 3540 dictum,
775 3459 967 3523 familiarem
999 3459 1144 3523 eiusdem
1176 3473 1208 3522 et
1239 3459 1487 3539 mercenarium,
1520 3459 1596 3541 quia
1631 3459 1702 3542 ipse

433 3567 614 3650 Stephanus
637 3581 738 3630 certas
762 3587 810 3630 rea
834 3583 864 3629 et
895 3581 1037 3630 mustum
1068 3587 1105 3630 ac
1127 3585 1256 3629 secures
1287 3567 1487 3629 subtraxerat
1511 3565 1617 3628 eidem
1640 3566 1702 3628 do-

432 3673 519 3735 mine
543 3675 683 3736 consorti
707 3694 764 3736 seu
787 3675 896 3737 relicte
925 3675 1025 3758 ipsius
1057 3673 1190 3753 Mathei,
1223 3672 1318 3755 jurati
1341 3673 1448 3736 taliter
1471 3672 1702 3756 adjudicarunt

432 3779 464 3840 in
489 3799 539 3859 eo,
564 3780 638 3861 quia
663 3781 730 3864 ipse
753 3782 842 3842 solus
859 3781 1041 3864 Stephanus
1065 3779 1166 3842 lassus
1183 3793 1240 3858 est,
1266 3779 1363 3842 debet
1385 3779 1446 3842 sibi
1471 3779 1541 3862 ipsa
1564 3777 1700 3842 domina

432 3882 536 3947 lacere
561 3905 658 3947 unam
691 3887 869 3948 auriculam
902 3885 1090 3966 cidilacere,
1123 3899 1154 3948 et
1184 3885 1320 3969 turpiter
1344 3885 1383 3947 de
1415 3886 1485 3968 ipsa
1509 3885 1636 3950 civitate
1669 3899 1704 3949 st

433 3991 502 4052 eius
525 3992 685 4054 territorio
710 3993 838 4076 expelli.

537 4097 614 4159 ltem
639 4117 767 4160 causam
799 4100 962 4162 Valentini
997 4100 1159 4180 Pangracz
1190 4101 1280 4180 dicti,
1311 4099 1406 4183 jurati
1439 4101 1600 4179 moderni,
1623 4101 1705 4184 quia

433 4201 537 4284 ipsum
562 4201 680 4265 lurtum
707 4203 767 4267 luit
791 4207 822 4268 in
848 4207 947 4296 domo
980 4207 1126 4270 eiusdem
1150 4207 1183 4269 in
1208 4206 1354 4290 quodam
1386 4208 1514 4270 scrineo
1538 4221 1705 4290 repertum

433 4306 550 4369 lactum
575 4329 632 4390 per
656 4310 760 4392 ipsum
786 4311 997 4394 Stephanum,
1022 4326 1053 4376 et
1077 4314 1153 4395 quia
1172 4314 1239 4396 ipse
1265 4313 1448 4396 Stephanus
1472 4315 1613 4378 eundem
1639 4315 1705 4378 Va-

433 4414 591 4477 lentinum
615 4419 812 4500 expurgavit,
837 4419 925 4501 quod
951 4420 1018 4502 ipse
1050 4419 1119 4481 aine
1143 4420 1226 4482 scitu
1257 4439 1317 4482 auo
1341 4421 1497 4503 premissa
1521 4420 1649 4485 lecisset
1673 4437 1707 4485 et

433 4520 473 4581 ad
505 4520 638 4583 domum
662 4543 753 4585 suam
784 4538 992 4607 apportasset,
1024 4525 1080 4587 sed
1112 4539 1220 4589 tamen
1253 4526 1322 4610 ipse
1353 4527 1547 4590 Valentinus
1570 4543 1706 4612 propter

434 4629 701 4709 expurgacionem
725 4651 815 4693 suam
840 4632 1025 4694 terciusmet
1048 4632 1181 4694 debebit
1204 4632 1310 4714 jurare
1334 4632 1413 4696 feria
1442 4648 1531 4698 sexta
1555 4635 1707 4718 proxima

433 4744 507 4812 post
530 4730 645 4795 festum
671 4736 754 4797 beati
781 4737 911 4799 Martini
935 4737 1077 4821 episcopi
1103 4751 1135 4801 et
1163 4737 1370 4820 confessoris,
1395 4741 1486 4823 quod
1510 4741 1580 4824 ipse
1603 4741 1707 4805 nichil

435 4837 528 4898 sciret
551 4839 583 4899 in
608 4841 751 4922 predicto
776 4841 872 4906 lurtu.

541 4943 617 5006 ltem
641 4946 831 5009 Valentinus
856 4948 895 5011 de
919 4951 1086 5013 Wrboucz
1110 4948 1170 5014 fuit
1186 4953 1293 5035 primo
1317 4953 1433 5017 citatus
1449 4967 1561 5017 contra
1580 4955 1707 5040 Dyoni·

438 5047 520 5109 sium
544 5050 709 5135 Wodopia
733 5053 773 5116 ad
797 5056 937 5137 primum
970 5057 1138 5139 judicium,
1171 5059 1225 5141 qui
1252 5059 1445 5124 Valentinus
1468 5061 1508 5124 de
1533 5063 1708 5126 Wrboucz
