3838 5786
667 480 754 537 Anno
776 489 864 556 1475.
892 513 931 522 —
949 494 983 554 3.
1008 480 1179 541 novembris.
1492 502 1557 566 447

397 691 474 752 ltem
501 711 629 752 causam
655 711 716 773 que
741 704 807 752 erat
829 691 910 752 inter
935 693 1125 755 Michaelem
1144 707 1284 754 sutorem
1308 713 1463 774 generum
1482 714 1556 756 con·

292 798 365 858 dam
393 799 489 877 Luce,
515 798 546 858 in
572 818 634 879 qua
660 818 752 859 causa
779 811 845 860 etat
870 800 1038 861 consocius
1064 800 1187 861 Blasius
1212 800 1390 876 Ztenichlri,
1414 801 1555 862 seniores

292 903 414 984 judices
438 904 713 985 adjudicaverunt,
739 905 827 986 quod
853 904 1014 986 Georgius
1034 907 1213 968 Hochewar
1230 906 1343 967 reddat
1367 920 1397 967 et
1414 907 1558 968 restituat

292 1011 352 1092 ipsi
379 1012 484 1072 Blasio
509 1011 675 1072 Ztenichlri
702 1025 731 1072 et
757 1011 906 1073 Michaeli
931 1013 1040 1093 generi
1061 1014 1196 1074 condam
1225 1013 1309 1074 Luce
1335 1013 1476 1093 quodam
1503 1035 1555 1074 va-

291 1117 380 1178 dium
406 1117 555 1179 videlicet
579 1118 752 1199 quemdam
772 1119 926 1196 balteum,
948 1121 1067 1180 sivero
1087 1119 1171 1180 idem
1191 1118 1350 1199 Georgius
1376 1119 1556 1181 Hochewar

290 1224 368 1305 quid
393 1225 533 1286 accionis
565 1237 595 1285 et
627 1225 805 1305 questionis
837 1224 984 1286 habuerit
1015 1241 1125 1288 contra
1157 1225 1287 1287 eosdem
1314 1225 1455 1286 blasium
1482 1227 1552 1287 Zte-

291 1330 397 1392 nichki
423 1345 453 1392 et
479 1331 668 1391 Michaelem
694 1345 835 1392 sutorem
868 1351 1022 1412 generum
1055 1331 1192 1392 condam
1227 1332 1313 1392 Luce
1338 1331 1423 1392 idem
1448 1351 1554 1414 prose·

289 1449 405 1520 quatur
430 1455 502 1497 cum
529 1437 649 1499 eisdem
675 1435 867 1518 judicialiter
899 1457 1006 1499 coram
1032 1437 1148 1519 judice,
1181 1437 1289 1519 juratis
1322 1451 1353 1500 et
1376 1451 1442 1499 tota
1468 1459 1555 1500 com-

290 1544 457 1622 munitate,
483 1543 557 1624 quia
584 1543 669 1604 idem
697 1542 857 1624 Georgius
883 1543 1064 1604 Hochewar
1085 1545 1274 1625 promiserat
1299 1544 1403 1625 ipsum
1422 1545 1552 1605 vadium

289 1668 395 1710 coram
424 1648 595 1730 fidedignis
619 1650 764 1730 personis
788 1661 875 1712 extra
899 1649 1021 1712 restitui
1048 1665 1079 1712 et
1096 1650 1197 1730 reddi,
1223 1649 1310 1731 quod
1336 1669 1401 1711 non
1426 1648 1554 1729 lecerat,

289 1776 321 1817 se
346 1755 377 1817 in
404 1755 525 1837 judicio
550 1756 696 1817 convinci
722 1757 754 1817 in
780 1755 840 1817 hoc
865 1757 1020 1838 permisit.

395 1863 472 1923 Item
499 1861 660 1943 Georgius
684 1863 884 1924 Hocchervar
908 1864 977 1945 ipso
995 1862 1115 1944 judicio
1139 1864 1303 1924 seniorum
1328 1863 1470 1944 judicum
1488 1883 1553 1925 non

289 1983 469 2044 contentus,
495 1969 596 2051 ipsam
616 1988 742 2030 causam
768 1969 944 2051 appellavit
968 1969 999 2030 in
1018 1970 1217 2052 presenciam
1242 1970 1467 2050 magistrorum
1485 1969 1554 2031 tha·

289 2077 503 2137 warnicorunt
529 2075 616 2137 curie
645 2075 810 2156 regalium.

394 2181 471 2242 ltem
507 2183 651 2244 seniores
686 2181 807 2262 judices
844 2181 1067 2260 adjudicarunt
1101 2201 1228 2244 causam
1266 2181 1348 2243 inter
1384 2181 1551 2243 dominam

288 2289 405 2349 Nesam
432 2289 575 2349 relictam
594 2287 730 2349 condam
757 2289 855 2348 Marci
878 2289 992 2349 Veneti
1018 2303 1048 2349 et
1066 2287 1242 2369 Georgium
1261 2289 1435 2370 plebanum
1453 2287 1552 2348 sancti

289 2395 419 2456 Martini
445 2409 475 2456 et
500 2393 657 2456 famulum
690 2393 846 2472 eiusdem,
879 2394 965 2474 quod
1001 2395 1065 2475 ipse
1098 2393 1257 2474 Georgius
1290 2395 1446 2476 plebanus
1479 2414 1550 2455 cum

288 2500 411 2562 famulo
437 2502 549 2562 reddat
574 2514 604 2562 et
622 2501 766 2561 restituat
790 2500 923 2581 palium,
942 2499 1071 2580 caligas,
1096 2501 1240 2561 camisias
1265 2515 1294 2561 et
1309 2491 1466 2584 lacholya,
1485 2501 1551 2583 ipsa

290 2623 396 2669 autem
422 2607 553 2669 domina
580 2608 662 2667 Nesa
681 2607 793 2668 reddat
817 2621 847 2668 et
872 2606 925 2667 det
950 2607 1008 2687 ipsi
1028 2605 1170 2688 Georgio
1187 2607 1326 2688 plebano
1351 2607 1449 2668 sancti
1469 2607 1551 2668 Mar-

286 2714 344 2776 tini
371 2729 402 2775 et
426 2713 549 2775 famulo
574 2713 718 2773 eiusdem
744 2714 825 2772 duos
850 2712 917 2774 flor.
941 2714 1020 2791 auri,
1045 2713 1206 2774 victimam
1233 2728 1339 2775 autem
1365 2713 1486 2775 nullam
1505 2727 1550 2774 te-

287 2834 379 2882 netur
404 2821 470 2902 ipsa
490 2819 622 2880 domina
640 2818 715 2900 ipsis
738 2819 813 2880 dare
838 2819 911 2900 quia
931 2819 1139 2900 perdiderunt
1163 2839 1242 2881 unas
1266 2821 1403 2901 caligas;
1428 2820 1468 2882 de
1486 2839 1551 2901 quo

287 2925 407 3007 judicio
433 2927 527 2987 ambe
551 2939 655 3006 partes
679 2923 784 2986 forent
812 2937 972 2986 contente.

392 3032 469 3095 Item
489 3032 631 3092 seniores
655 3031 778 3111 judices
795 3031 1021 3112 adjudicarunt
1041 3050 1169 3092 causam
1188 3032 1269 3092 inter
1294 3032 1398 3092 Eliam
1424 3051 1550 3113 campa-

287 3152 430 3200 natorem
457 3152 488 3200 et
513 3137 712 3199 Anthonium
746 3137 942 3217 lutifigulum
975 3136 1063 3217 quod
1093 3137 1180 3197 Elias
1212 3137 1270 3217 ipsi
1304 3137 1469 3198 Anthonio
1494 3137 1548 3198 de-

285 3246 374 3308 derat
389 3246 507 3328 alapas,
526 3246 593 3326 ipse
618 3263 693 3304 vero
719 3243 901 3305 Anthonius
924 3257 1061 3305 traxerat
1079 3244 1183 3325 ipsum
1202 3243 1306 3304 Ellam
1332 3263 1389 3324 pro
1407 3243 1547 3304 crinibus

285 3365 316 3414 et
340 3351 427 3433 quod
453 3372 485 3412 se
511 3365 624 3413 mutuo
648 3353 907 3431 vituperaverunt
937 3351 1033 3410 ambo
1065 3348 1258 3411 satisfaciant
1282 3350 1391 3429 juratis
1417 3365 1447 3409 et
1471 3369 1546 3410 con·

285 3473 408 3520 tentant
433 3460 529 3518 ambo
547 3457 676 3539 juratos,
701 3457 761 3516 soli
779 3477 811 3517 se
830 3456 1074 3517 vindicaverunt
1091 3471 1221 3538 propter
1239 3455 1375 3536 birsagia
1394 3455 1547 3536 ipsorum.

462 3659 556 3732 Feria
585 3671 681 3732 sexta
709 3668 787 3731 aute
817 3661 938 3730 testum
968 3661 1056 3730 beati
1087 3658 1226 3730 Emerici
1255 3658 1358 3730 ducis.

790 3809 834 3890 (3.
860 3813 1040 3888 erooembre's).

393 3953 468 4015 ltem
495 3973 621 4014 causam
648 3953 728 4014 inter
753 3953 945 4014 Michaelem
973 3951 1161 4034 Naspicbicz
1187 3965 1216 4011 et
1242 3951 1359 4011 Lucam
1386 3950 1546 4033 llibarycz

283 4074 412 4142 propter
445 4061 617 4141 quamdam
644 4060 789 4138 domum,
822 4060 1035 4120 communitas
1068 4057 1218 4134 decrevit,
1251 4057 1337 4137 quod
1365 4057 1467 4116 Lucas
1492 4057 1546 4116 Ri-

283 4169 398 4250 barycz
422 4188 524 4249 usque
549 4168 634 4227 diem
660 4181 809 4228 octavum
835 4181 960 4228 tenetur
977 4166 1085 4227 literas
1114 4165 1189 4225 dare
1215 4164 1273 4245 ipsi
1299 4163 1447 4224 Michaeli
1467 4164 1544 4223 Nas-

282 4273 415 4358 pichycz
448 4273 543 4352 dicti,
582 4274 750 4356 pecuniam
784 4273 916 4333 reddere
949 4291 1046 4353 quam
1079 4284 1242 4353 acceperat
1275 4285 1404 4351 propter
1446 4269 1546 4350 ipsam

283 4379 416 4442 domum
442 4381 482 4441 ab
507 4380 576 4461 ipso
603 4380 769 4441 Michaele.

387 4487 465 4548 Item
492 4507 584 4547 causa
612 4487 692 4546 inter
716 4486 924 4547 Valentinum
945 4485 1150 4567 freniparem,
1177 4483 1389 4543 Laurencium
1417 4483 1545 4563 Sporar‚

282 4593 435 4654 Mathiam
462 4593 658 4676 Symunych,
696 4592 874 4652 lohannem
909 4592 1048 4670 judicem
1086 4591 1185 4651 Pazar
1220 4604 1350 4670 propter
1375 4609 1423 4648 res
1449 4589 1545 4648 Fran-

282 4701 384 4776 tronis,
410 4701 531 4780 judices
556 4714 587 4759 et
611 4695 825 4760 communitas
850 4699 888 4757 ad
915 4697 1056 4759 futurum
1092 4697 1229 4778 primum
1256 4695 1408 4776 judicium
1436 4715 1546 4776 proro-

281 4819 396 4888 garunt
421 4805 672 4867 discuciendam.

388 4913 463 4973 ltem
491 4911 627 4972 Michael
661 4910 858 4992 Naspichycz
891 4925 999 4970 contra
1035 4910 1241 4970 Valentinum
1275 4905 1432 4969 famulum
1467 4905 1544 4967 Gre-

279 5019 362 5102 gorii
387 5019 505 5081 sutoris
527 5019 633 5102 primo
659 5017 772 5080 citatus
796 5036 861 5079 non
886 5017 1077 5098 comparuit.
