3644 5788
397 741 576 801 mationem
603 761 658 823 per
683 761 741 802 nos
765 761 800 802 ex
820 740 948 800 instanti
974 741 1115 820 ipsorum
1137 739 1312 820 Elyzabeth
1338 755 1368 798 ct
1387 738 1564 800 Clementis
1578 737 1663 798 labri

396 849 591 930 peticionem
615 867 761 930 pereum
781 845 875 908 nobis
895 845 1069 928 superinde
1087 865 1143 927 per
1160 865 1314 926 precones
1330 859 1457 906 nostros
1473 863 1664 904 communes

396 952 463 1014 lieri
488 954 703 1032 commissam,
729 953 843 1014 nullibi
870 952 1005 1014 inveniri
1030 952 1135 1034 potuit
1159 966 1190 1012 et
1214 953 1255 1013 ob
1281 951 1341 1012 hoc
1368 951 1452 1012 idem
1481 949 1663 1032 Elyzabeth

396 1060 512 1120 mulier
535 1079 595 1122 nos
618 1059 782 1122 humiliter
806 1059 982 1141 postulavit
1005 1077 1100 1140 super
1124 1078 1174 1136 eo,
1199 1071 1234 1120 ut
1257 1077 1316 1119 nos
1341 1057 1480 1119 eundem
1507 1057 1662 1138 (h)ortum

396 1167 428 1228 in
452 1167 615 1229 vicinitate
639 1167 820 1249 supradicta
848 1165 1005 1243 habitum,
1030 1165 1060 1226 in
1091 1165 1182 1226 cuius
1215 1164 1324 1246 (h)orti
1350 1164 1497 1226 dominio
1521 1161 1664 1245 prelatus

396 1273 532 1334 condam
558 1273 725 1334 Emericus
749 1270 891 1354 lrenipar
915 1271 1010 1332 adiu
1037 1271 1214 1351 retrolapso
1242 1284 1388 1352 tempore
1412 1289 1478 1351 quo
1502 1289 1577 1330 eum
1603 1287 1661 1350 pro

396 1393 479 1440 certa
515 1380 726 1461 pecuniarum
762 1378 940 1460 quantitate
973 1391 1231 1460 comparaverat,
1265 1377 1334 1458 ipso
1373 1376 1499 1438 vivente
1532 1373 1663 1457 pacifice

396 1485 538 1567 possedit
562 1499 592 1546 et
624 1485 763 1547 eundem
789 1483 910 1565 prefate
944 1483 1120 1566 Elyzabeth
1153 1503 1211 1566 pro
1242 1497 1319 1543 tunc
1351 1483 1441 1544 uxori
1471 1501 1527 1542 sue
1553 1482 1585 1542 in
1611 1502 1661 1543 ex·

395 1593 504 1653 tremis
529 1593 591 1653 vite
615 1612 671 1653 sue
696 1591 814 1670 legavit
840 1590 970 1651 nemine
994 1591 1121 1671 penitus
1146 1589 1394 1667 contradicente,
1419 1589 1522 1650 literis
1546 1587 1663 1648 nostris

398 1698 654 1780 privilegialibus
677 1695 831 1758 ratificare
857 1709 887 1758 et
919 1694 1108 1758 confirmare
1136 1695 1342 1776 dignaremur
1380 1709 1536 1778 perpetuo
1561 1694 1662 1776 possi·

397 1804 552 1882 dendum,
576 1817 606 1865 et
631 1803 705 1864 ideo
729 1823 788 1864 nos
821 1803 1038 1884 peticionibus
1069 1802 1213 1864 eiusdem
1239 1801 1416 1884 Elyzabeth
1448 1801 1594 1863 mulieris
1626 1819 1660 1860 ac

398 1909 576 1972 Clementis
601 1907 681 1971 fabri
707 1923 872 1990 tamquam
905 1909 995 1990 justis
1019 1921 1050 1971 et
1081 1908 1296 1990 juriconsonis
1330 1909 1426 1991 digne
1451 1907 1609 1970 exauditis
1634 1921 1663 1967 et

398 2016 545 2078 admissis
569 2017 747 2098 predictum
774 2015 926 2098 (h)ortum
952 2017 1052 2098 ipsius
1080 2016 1218 2078 condam
1244 2016 1385 2077 Emerici
1409 2013 1577 2097 freniparis
1603 2015 1662 2096 rpsi

399 2122 577 2206 Elyzabeth
602 2122 729 2183 mulieri
754 2121 896 2203 legatum
921 2142 956 2183 ac
981 2141 1037 2204 per
1062 2143 1131 2184 eam
1150 2123 1215 2184 suis
1239 2122 1411 2184 heredibus
1427 2121 1528 2184 literis
1547 2121 1663 2182 nostris

399 2231 491 2291 novis
515 2228 769 2311 privilegialibus
793 2226 1055 2289 confirmavimus
1080 2227 1148 2310 jure
1164 2243 1322 2312 perpetuo
1346 2227 1591 2312 possidendum,
1616 2241 1662 2290 te-

398 2336 540 2398 nendum
565 2335 683 2418 pariter
707 2349 738 2395 et
763 2334 945 2396 habendum
971 2334 1057 2415 juxta
1088 2336 1313 2397 condicionem
1332 2335 1467 2397 civitatis
1484 2347 1662 2418 prenotate.

503 2441 581 2503 ltem
615 2441 733 2502 Paulus
767 2440 892 2502 ltalicus
925 2454 1034 2502 contra
1068 2441 1267 2524 Stephanum
1297 2441 1436 2523 juratum
1468 2441 1662 2503 modernum

398 2548 540 2610 secundo
564 2548 677 2610 citatus
701 2567 765 2609 non
791 2548 980 2628 comparuit.

503 2653 581 2716 ltem
605 2654 759 2715 Nicolaus
782 2667 884 2715 sartor
909 2653 1040 2715 Poesich
1063 2654 1166 2717 dictus
1189 2669 1299 2718 contra
1318 2655 1501 2717 Emericum
1527 2654 1567 2716 de
1592 2655 1662 2716 Mo-

396 2761 520 2822 rawcba
544 2761 650 2843 primo
675 2761 787 2822 citatus
812 2779 875 2821 non
902 2761 1091 2843 comparuit.

503 2865 581 2928 Item
615 2867 718 2928 Lucas
748 2879 836 2926 sutor
867 2867 992 2948 pridem
1026 2867 1146 2950 juratus
1177 2881 1286 2931 contra
1320 2869 1519 2952 Stephanum
1551 2869 1663 2952 Zayko

395 2973 500 3055 primo
525 2973 638 3034 citatus
662 2993 728 3034 non
753 2973 944 3053 comparuit.

501 3079 579 3141 ltem
605 3078 698 3160 jurati
731 3077 997 3159 adjudicaverunt
1027 3101 1153 3144 causam
1187 3083 1269 3145 inter
1301 3083 1471 3144 Nicolaum
1497 3082 1662 3144 medicum

396 3197 427 3246 et
451 3184 605 3246 Mathiam
632 3185 755 3246 Thwrk
779 3185 909 3247 racione
934 3187 1101 3249 cuiusdam
1131 3188 1340 3268 detencionis,
1366 3209 1403 3250 ex
1428 3207 1493 3269 quo
1518 3187 1663 3269 prelatus

398 3291 552 3352 Nicolaus
576 3291 721 3352 medicus
745 3291 850 3373 ipsum
883 3293 915 3353 in
939 3307 1031 3375 porta
1062 3294 1153 3356 nulla
1177 3293 1302 3376 justicia
1334 3295 1470 3356 anobis
1502 3295 1663 3377 postulata

399 3397 590 3475 detinuerat,
615 3398 689 3458 ideo
707 3397 773 3478 ipse
798 3411 845 3459 est
861 3400 1028 3461 convictus
1053 3415 1161 3462 contra
1180 3401 1320 3462 eundem
1346 3401 1377 3462 in
1403 3400 1488 3463 facto
1513 3401 1663 3484 potencie

400 3517 509 3564 contra
534 3503 684 3566 eundern.

505 3609 582 3671 ltem
607 3609 701 3690 jurati
726 3611 991 3694 adjudicaverunt
1015 3633 1144 3674 causam
1162 3613 1244 3675 inter
1262 3615 1438 3697 Symonem
1464 3629 1608 3677 sutorem
1633 3629 1665 3677 et

396 3715 566 3776 Nicolaum
592 3716 754 3778 medicum
788 3719 916 3780 racione
949 3719 1177 3780 nonnullarum
1211 3719 1401 3802 injuriarum
1431 3741 1487 3804 per
1520 3723 1664 3784 eundem

395 3821 577 3899 Nicolaum,
603 3823 648 3883 uti
673 3823 759 3885 idern
786 3825 906 3907 Symon
932 3839 1021 3886 sutor
1045 3827 1222 3904 asserebat;
1248 3828 1336 3908 quod
1362 3829 1428 3909 ipse
1452 3841 1564 3889 contra
1582 3848 1664 3890 eun·

396 3926 470 3988 dem
496 3939 610 3989 octavo
635 3928 687 3990 die
713 3931 840 3992 racione
865 3930 1051 3993 huiusmodi
1077 3932 1265 4014 injuriarum
1295 3935 1515 3996 testimonium
1541 3935 1664 4016 produ·

398 4053 467 4094 cere
497 4034 621 4097 debeat.

407 4153 410 4159 '
503 4139 580 4200 ltem
605 4141 696 4221 jurati
722 4142 986 4223 adjudicaverunt
1016 4164 1143 4206 causam
1178 4146 1259 4206 inter
1291 4147 1461 4208 dominum
1486 4148 1664 4210 Nicolaum

396 4245 567 4326 plebanum
580 4261 613 4306 ut
623 4262 761 4309 actorem
777 4262 807 4309 et
819 4249 953 4310 Paulum
968 4249 1149 4312 carnificem
1160 4253 1286 4313 racione
1297 4268 1454 4314 certarum
1466 4253 1661 4334 injuriarum

396 4363 427 4410 et
443 4349 676 4431 vituperiorum
693 4373 765 4413 cum
791 4354 908 4434 quibus
926 4354 1010 4415 idem
1031 4357 1149 4418 Paulus
1167 4357 1270 4439 ipsum
1290 4358 1457 4420 dominum
1484 4360 1663 4422 Nicolaum

396 4453 500 4515 affecit
524 4457 630 4516 minus
653 4458 733 4538 juste
759 4472 789 4520 et
824 4460 983 4539 indebite,
1009 4475 1042 4523 ut
1075 4463 1140 4545 ipse
1167 4463 1285 4525 Paulus
1316 4479 1432 4526 octavo
1458 4465 1511 4528 die
1546 4467 1666 4548 viginti

396 4580 510 4642 pensas
534 4561 739 4624 denariorum
758 4565 919 4646 deponere
945 4567 1059 4630 debeat
1080 4583 1110 4630 et
1127 4583 1282 4649 teneatur,
1305 4573 1532 4634 communitati
1550 4589 1665 4636 autem

395 4666 551 4728 ducentos
575 4667 735 4734 denarios.

502 4773 579 4835 ltem
605 4795 731 4836 causam
757 4781 1002 4860 suprascriptam
1037 4781 1118 4842 inter
1143 4783 1311 4845 Nicolaum
1346 4785 1507 4848 medicum
1535 4800 1565 4848 et
1595 4787 1666 4848 Nla-

395 4879 494 4940 thiam
521 4880 641 4942 Thwrk
667 4881 808 4963 prefatus
833 4885 985 4947 Nicolaus
1014 4889 1158 4950 medicus
1182 4889 1221 4950 de
1247 4890 1367 4966 judicio
1391 4890 1567 4972 juratorum
1597 4915 1666 4956 non

396 4998 565 5046 contentus
589 4988 763 5068 appellavit
786 4991 825 5051 ad
851 4993 993 5054 seniores
1019 4994 1148 5076 judices.
