3738 5786
390 543 430 618 62
768 559 855 618 Anno
878 570 969 636 1454.
995 593 1035 602 ——
1061 572 1107 618 11.
1124 557 1278 634 januarii.

391 773 624 834 clamacionem
659 793 715 855 per
746 792 903 855 precones
934 786 1060 834 nostros
1092 789 1280 832 communes
1311 770 1483 852 superinde
1507 784 1538 831 et
1569 789 1655 832 com·

391 879 545 941 missione
570 892 678 940 nostra
703 879 868 942 communi
893 883 1021 958 factam,
1046 877 1162 940 nullibi
1181 875 1316 938 inveniri
1341 895 1400 938 nec
1417 877 1522 938 resciri
1541 877 1656 959 potuit,

391 986 531 1068 ideoque
556 1005 615 1048 nos
648 985 784 1048 eandem
818 1001 936 1048 tetram
967 985 1120 1047 arabilem
1146 985 1177 1045 in
1203 983 1364 1046 vicinitate
1395 981 1577 1066 supradicta
1602 981 1656 1044 ha-

390 1093 501 1172 bitam,
527 1112 599 1155 cum
625 1093 778 1155 omnibus
801 1094 867 1154 suis
898 1092 1090 1154 utilitatibus
1115 1105 1145 1153 et
1169 1091 1375 1172 pertinenciis
1399 1089 1555 1152 universis
1586 1109 1657 1172 pre-

394 1200 488 1262 dictis
512 1205 605 1262 Anne
630 1199 758 1270 mulieri
782 1213 813 1261 et
830 1199 930 1260 Elene
954 1197 1070 1279 virgini
1094 1196 1160 1259 filie
1176 1217 1232 1258 sue
1256 1197 1411 1280 premisso
1436 1196 1504 1278 jure
1532 1196 1657 1258 heredi·

389 1308 471 1370 tario
496 1308 572 1391 ipsis
596 1307 796 1370 incumbenti
831 1327 868 1369 ex
894 1306 1022 1368 instanti
1048 1319 1079 1366 et
1102 1303 1307 1386 juriconsona
1331 1304 1471 1386 ipsarum
1496 1301 1656 1386 peticione

390 1434 426 1476 ac
450 1435 507 1497 per
524 1435 577 1476 eas
601 1415 742 1497 ipsarum
762 1411 936 1475 heredibus
960 1413 1060 1474 literis
1077 1411 1193 1473 nostris
1210 1411 1464 1493 privilegialibus
1488 1411 1657 1472 statuimus

390 1533 421 1583 et
446 1519 708 1583 confirmavimus
740 1519 808 1602 jure
841 1533 998 1603 perpetuo
1027 1532 1057 1580 et
1088 1517 1341 1580 irrevocabiliter
1370 1507 1601 1600 possidendam
1626 1529 1657 1578 et

390 1627 700 1709 quomodocumque
725 1627 887 1689 voluerint
908 1626 1143 1706 disponendam
1168 1623 1254 1706 juxta
1271 1623 1496 1686 condicionem
1521 1623 1657 1685 civitatis

390 1733 532 1815 predicte
557 1733 597 1795 ab
622 1733 755 1815 antiquo
780 1734 1001 1816 approbatam.

497 1839 576 1902 Item
600 1839 747 1902 Thomas
779 1839 914 1902 Cheden
948 1851 1057 1902 contra
1090 1837 1283 1921 Dyonisium
1316 1835 1482 1919 Wodopia
1513 1833 1656 1898 secundo

392 1945 505 2008 citatus
529 1965 593 2008 non
619 1945 809 2029 comparuit.

409 2182 506 2257 Faria
535 2193 633 2258 sexta
653 2189 806 2276 proxima
827 2195 902 2275 post
930 2186 1052 2257 festum
1073 2186 1161 2256 beati
1191 2185 1287 2256 Pauli
1315 2184 1416 2272 primi
1445 2181 1624 2254 Heremile.

793 2341 855 2414 (11.
870 2341 1023 2416 januarii,
1045 2357 1115 2398 ann.
1140 2337 1242 2416 1454).

499 2478 576 2542 ltem
602 2480 678 2561 quia
703 2480 828 2542 Blasius
860 2479 944 2542 filius
974 2480 1110 2542 condam
1136 2479 1299 2542 Valentini
1331 2477 1521 2560 carpentarii
1554 2477 1656 2538 dictus

392 2585 575 2668 Kyrenych,
601 2586 749 2648 inventus
773 2601 820 2648 est
844 2589 876 2648 in
910 2585 1081 2649 manifesto
1114 2586 1277 2648 furticinio
1302 2599 1460 2648 certarum
1486 2603 1593 2646 rerum
1626 2597 1657 2645 et

392 2692 552 2753 bonorum
577 2712 612 2753 ac
637 2693 846 2775 pecuniarum
865 2693 992 2754 discreti
1012 2692 1067 2754 viri
1085 2693 1209 2755 domini
1231 2692 1385 2754 Jobannis
1402 2691 1569 2773 presbiteri
1586 2710 1656 2773 pre·

391 2797 536 2859 bandarii
569 2797 657 2859 chori
690 2799 823 2861 ecclesie
855 2799 955 2860 sancti
987 2799 1071 2880 regis
1104 2799 1270 2881 Stephani,
1302 2812 1332 2860 et
1356 2796 1511 2860 Jobannis
1542 2795 1656 2878 judicis

391 2903 466 2966 dicti
493 2905 678 2988 Perowych,
703 2926 783 2987 quas
808 2907 893 2968 idem
911 2905 1036 2968 Blasius
1059 2906 1091 2967 in
1117 2905 1216 2968 domo
1235 2905 1334 2988 ipsius
1351 2904 1475 2966 domini
1501 2903 1655 2965 Jobannis

391 3011 558 3092 presbiteri
583 3027 614 3073 ct
638 3012 669 3073 in
688 3013 787 3075 domo
811 3014 951 3094 quadam
969 3009 1214 3074 dictiJohannis
1238 3011 1362 3093 judicis,
1381 3011 1436 3072 ubi
1460 3009 1651 3072 ferramenta

391 3117 537 3179 aratralia
569 3119 713 3181 eiusdem
746 3118 900 3181 Jobannis
942 3119 1056 3200 judicis
1085 3131 1257 3197 steterunt,
1297 3117 1469 3196 subtraxit,
1504 3135 1567 3198 que
1603 3135 1653 3176 res

393 3223 492 3306 ipsius
523 3225 647 3286 domini
679 3225 834 3288 Jobannis
866 3226 1031 3307 presbiteri
1063 3240 1136 3287 sunt
1167 3227 1295 3286 invente
1329 3225 1410 3286 circa
1436 3224 1564 3285 Petrum
1589 3242 1652 3284 sar-

390 3345 492 3393 torem
517 3346 548 3394 et
574 3333 736 3416 Mathyam
762 3349 915 3396 sartorem
937 3335 1079 3414 claudos,
1104 3335 1225 3416 palium
1243 3348 1350 3396 autern
1375 3333 1474 3416 ipsius
1499 3331 1655 3394 Jobannis

390 3437 504 3519 judicis
535 3440 623 3521 quod
656 3439 920 3502 certitudinaliter
952 3439 1064 3502 famuli
1089 3441 1165 3502 dicti
1198 3439 1353 3502 Jobannis
1389 3438 1504 3520 judicis
1536 3451 1583 3500 est
1607 3438 1654 3498 iu·

390 3559 521 3607 ventum
547 3547 753 3608 inmanibus
786 3547 862 3608 dicti
894 3547 1018 3608 domini
1051 3547 1206 3609 lobannis
1238 3546 1406 3628 presbiteri
1438 3567 1474 3608 ex
1505 3565 1555 3624 eo,
1579 3545 1653 3626 quia

391 3651 468 3712 dum
494 3652 598 3733 ipsum
623 3652 765 3714 Blasium
785 3651 887 3714 furem
912 3653 999 3714 idem
1020 3653 1171 3715 dominus
1188 3653 1351 3715 lohannes
1376 3653 1408 3714 in
1434 3652 1560 3714 civitate
1585 3669 1654 3733 pre·

391 3757 474 3818 dicta
499 3758 530 3818 in
556 3758 698 3840 quodam
722 3759 795 3821 loco
820 3759 1093 3841 apprehenderat,
1129 3773 1205 3822 tunc
1230 3760 1316 3822 idem
1352 3757 1438 3820 idem
1463 3754 1655 3820 Blasiuslur

390 3882 423 3924 se
447 3863 516 3945 ipso
541 3863 627 3946 palio
653 3885 772 3927 exuens
803 3865 888 3928 idem
919 3866 1042 3948 palium
1074 3866 1106 3926 in
1136 3865 1286 3928 manibus
1320 3865 1418 3948 ipsius
1443 3863 1567 3926 domini
1601 3863 1654 3924 Jo-

390 3968 504 4030 hannis
527 3971 694 4052 presbiteri
717 3971 931 4053 relinquendo
956 3972 996 4033 de
1020 3972 1147 4033 civitate
1171 3971 1314 4053 aufugit;
1351 3985 1382 4033 et
1405 3971 1481 4053 quia
1505 3971 1589 4052 ipsas
1606 3988 1655 4030 res

391 4075 535 4156 ipsorum
553 4076 677 4139 domini
692 4077 847 4139 lobannis
859 4079 1026 4160 presbiteri
1045 4093 1075 4140 et
1092 4077 1216 4139 domini
1235 4079 1389 4140 Jobannis
1406 4077 1520 4158 judicis
1533 4075 1655 4138 eisdem

391 4181 597 4260 restituimus,
623 4183 773 4265 ipsosque
806 4197 943 4246 sartores
968 4185 1096 4246 Petrum
1129 4199 1160 4246 et
1185 4185 1327 4246 Blasium
1360 4185 1489 4246 racione
1514 4183 1653 4265 ipsarum

391 4305 497 4348 rerum
523 4301 554 4349 et
578 4287 653 4348 dicti
678 4287 757 4350 furis
781 4289 981 4352 reddidimus
1006 4289 1074 4352 lore
1107 4291 1284 4374 expeditos,
1310 4292 1435 4373 ipsique
1460 4290 1568 4353 Blasio
1593 4287 1655 4351 luri

391 4393 612 4454 commisimus
637 4409 670 4456 ut
694 4397 733 4456 de
757 4411 864 4458 cetero
890 4411 920 4458 et
943 4415 999 4479 per
1022 4397 1162 4480 amplius
1179 4417 1346 4480 nunquam
1371 4398 1486 4460 debeat
1510 4397 1655 4475 introire,

392 4499 447 4579 qui
472 4499 496 4559 si
522 4499 562 4560 de
587 4515 691 4562 cetero
716 4516 747 4563 et
770 4523 826 4584 per
857 4505 996 4584 amplius
1020 4504 1052 4564 in
1085 4505 1152 4586 ipsa
1186 4505 1313 4566 civitate
1347 4519 1378 4566 et
1402 4505 1470 4567 eius
1493 4505 1655 4566 territorio

392 4603 588 4687 deprehendi
624 4610 751 4689 poterit,
784 4611 868 4691 juxta
904 4631 960 4672 sua
993 4611 1147 4674 demerita
1179 4633 1294 4696 penam
1331 4633 1428 4695 quam
1461 4613 1655 4675 demetuetit

391 4727 616 4793 consequetur.

497 4817 576 4879 ltem
594 4819 715 4901 Symon
733 4821 835 4883 dictus
852 4823 1048 4907 Zmolchych
1067 4840 1175 4887 contra
1199 4825 1369 4888 Nicolaum
1386 4845 1541 4907 generum
1559 4845 1654 4888 suurn

393 4923 569 5006 injudicio
594 4927 698 5008 primo
732 4929 876 5009 proxime
911 4932 1091 4993 occurrenti
1122 4933 1283 4993 tenebitur
1315 4929 1507 5015 respondere
1532 4933 1572 4994 ad
1597 4935 1654 4995 ob-

391 5030 471 5112 jecta
497 5031 596 5114 ipsius
620 5033 755 5096 Nicolai.
