3838 5786
382 485 446 562 426
783 487 978 561 Ann01473.
1005 517 1043 527 -
1069 498 1118 559 23.
1143 485 1253 542 martii.

490 695 629 758 Causam
656 697 737 757 inter
762 695 954 778 Dyonisium
974 697 1138 778 Sipchiczc
1156 695 1321 756 concivem
1341 709 1497 774 nostrum,
1515 698 1553 756 ab
1573 716 1647 774 une,

382 817 412 864 et
437 803 519 864 inter
551 817 736 864 executores
776 803 899 862 domini
933 803 1086 864 iohannis
1117 802 1218 862 eciam
1251 801 1329 862 alias
1361 802 1500 862 concivis
1536 803 1645 880 nostri,

384 911 511 971 racione
536 911 748 990 quarumdam
775 929 892 986 rerum,
918 910 1085 990 quomodo
1117 909 1252 970 eandem
1278 908 1419 968 seniores
1443 909 1566 988 judices
1589 909 1642 968 ad·

385 1017 606 1096 judicaverunt
632 1017 778 1078 moderni
804 1015 925 1095 judices
953 1032 983 1076 et
1008 1016 1099 1096 jurati
1133 1014 1414 1092 confirmaverunt,
1450 1029 1484 1075 ut
1509 1016 1534 1075 si
1560 1015 1645 1076 idem

382 1143 440 1205 pro
466 1124 578 1184 eadem
604 1143 697 1184 causa
723 1123 937 1204 juramentum
961 1143 1024 1184 non
1044 1135 1207 1204 prestaret,
1232 1141 1359 1182 causam
1385 1123 1486 1204 ipsam
1511 1122 1645 1182 omnino

380 1230 538 1311 perderet.

487 1337 625 1398 Causam
652 1336 734 1397 inter
758 1336 949 1418 Dyonisium
977 1336 1154 1418 Sipchyczc
1178 1349 1209 1398 et
1233 1349 1418 1396 executores
1443 1335 1566 1396 domini
1592 1335 1645 1395 Jo-

381 1442 494 1504 hannis
518 1443 700 1504 concivium
726 1458 908 1503 nostrorum
934 1461 989 1524 per
1006 1442 1126 1522 juratos
1155 1443 1281 1504 racione
1306 1441 1518 1522 quarumdam
1538 1459 1644 1501 rerum

384 1549 566 1628 judicatam,
593 1550 677 1610 idem
703 1549 878 1630 Dyonisius
895 1548 1081 1631 Sypchyczc
1098 1550 1136 1609 ad
1163 1549 1304 1610 seniores
1322 1549 1442 1630 judices
1459 1548 1644 1630 appellavit.

487 1655 626 1718 Causam
652 1655 734 1716 iuter
759 1656 887 1716 Petrum
924 1655 1036 1716 Conch
1069 1655 1189 1716 dictum
1215 1669 1245 1717 et
1278 1655 1360 1716 inter
1385 1655 1512 1715 Petrum
1538 1654 1644 1735 pulsa-

379 1777 480 1822 torem
528 1763 660 1822 ecclesie
693 1761 792 1822 sancti
827 1762 924 1822 Marci
959 1781 1015 1842 per
1047 1761 1168 1840 judices
1203 1777 1234 1823 et
1265 1762 1384 1843 juratos
1416 1759 1643 1838 adjudicatam,

378 1868 464 1929 idern
490 1868 601 1928 Petrus
625 1867 737 1928 Conch
763 1867 867 1929 dictus
893 1869 962 1950 ipso
992 1867 1112 1950 judicio
1145 1887 1208 1930 non
1235 1881 1404 1929 contentus
1437 1867 1476 1928 ad
1502 1868 1644 1927 seniores

377 1973 499 2054 judices
523 1974 697 2055 appellavit

482 2079 658 2161 Gregorius
690 2079 786 2142 frater
818 2081 941 2142 domini
976 2081 1104 2142 Martini
1139 2081 1243 2162 primo
1277 2083 1390 2142 citatus
1422 2099 1478 2161 per
1503 2079 1641 2140 eundem

378 2185 546 2247 dominum
584 2188 769 2266 Martinum,
806 2207 863 2248 nec
896 2188 983 2248 venit
1019 2207 1076 2248 nec
1113 2188 1297 2270 quempiam
1330 2187 1402 2248 loco
1439 2200 1470 2248 et
1506 2205 1642 2268 persona

376 2311 425 2352 sur
451 2309 546 2355 mrsrt.

377 2545 472 2618 Feria
502 2552 608 2619 tercia
638 2553 790 2638 proxima
820 2557 897 2620 ante
935 2549 1059 2619 festum
1092 2548 1374 2618 Aurunciacionis
1411 2547 1507 2618 beate
1535 2545 1641 2618 Maris

427 2674 581 2759 virginis,
611 2693 696 2744 anuo
726 2673 853 2743 Domini
884 2673 1060 2743 millesimo
1094 2673 1423 2761 quadringentesimo
1452 2679 1587 2759 septua-

876 2795 1000 2885 gesimo
1029 2796 1143 2868 tercio.

896 2969 957 3044 (23.
982 2967 1109 3044 martir).

481 3126 566 3198 Quia
584 3141 714 3207 propter
730 3147 857 3188 causam
883 3147 945 3208 que
964 3127 1190 3187 ventillabatur
1204 3127 1286 3188 inter
1303 3125 1438 3186 Paulum
1464 3125 1638 3205 literatum,

373 3245 406 3291 ut
430 3245 582 3310 actorem,
607 3247 637 3292 et
661 3233 925 3314 circumspectum
945 3233 1123 3294 Johannem
1149 3232 1371 3316 Soldinarych,
1397 3245 1431 3294 ut
1455 3231 1486 3294 in
1507 3252 1637 3293 causam

371 3351 550 3416 attractum,
576 3339 703 3400 racione
735 3339 911 3399 solucionis
944 3359 997 3400 sex
1030 3339 1099 3401 flor.
1136 3359 1209 3400 cum
1241 3340 1359 3420 quibus
1383 3337 1478 3400 frater
1501 3359 1578 3400 suus
1603 3353 1638 3400 ut

371 3441 537 3524 prefertur,
562 3459 691 3525 propter
715 3445 846 3506 servicia
872 3465 928 3506 sua
953 3465 1011 3506 nec
1042 3465 1106 3506 non
1138 3459 1268 3527 propter
1292 3445 1449 3507 librorum
1474 3445 1633 3528 recepcio-

371 3569 456 3627 nem,
481 3550 571 3630 jurati
598 3550 862 3630 adjudicaverunt
895 3571 934 3612 eo
960 3552 1069 3630 modo,
1101 3551 1268 3632 quomodo
1293 3552 1396 3614 dictus
1421 3552 1539 3614 Paulus
1563 3553 1633 3614 lite·

371 3669 455 3716 ratus
479 3657 567 3737 prius
591 3657 707 3718 debeat
731 3657 947 3736 juramentum
981 3658 1154 3739 deponere,
1179 3672 1213 3719 ut
1245 3658 1311 3740 ipse
1336 3657 1431 3720 frater
1456 3659 1553 3740 ipsius
1578 3659 1632 3719 Jo-

370 3760 484 3822 hannis
510 3762 738 3844 Soldinaryczc
766 3764 963 3842 obligaretur
995 3764 1100 3824 eidem
1125 3784 1183 3846 pro
1215 3765 1356 3826 serviciis
1380 3785 1433 3826 sex
1458 3763 1528 3826 flor.
1552 3765 1632 3844 auri,

371 3869 500 3928 tandem
526 3870 626 3930 eciam
653 3884 782 3950 propter
811 3871 1033 3951 receptionem
1065 3872 1268 3953 propriorum
1301 3872 1456 3933 librorum
1481 3891 1634 3948 suorum;

371 3989 482 4054 expost
507 3975 594 4055 quod
627 3975 767 4054 prefatus
799 3977 1049 4058 circumspectus
1080 3977 1242 4039 Johannes
1274 3979 1416 4039 concivis
1448 3992 1555 4039 noster
1579 3978 1633 4038 de-

370 4081 442 4140 beat
474 4079 599 4159 jurare,
632 4082 720 4162 quod
753 4103 812 4143 nec
844 4083 910 4163 ipse
943 4083 1105 4144 Johannes
1137 4103 1194 4144 nec
1223 4097 1324 4145 mater
1354 4104 1409 4144 sua
1435 4084 1559 4164 aliquas
1584 4104 1634 4145 res

370 4205 443 4245 suas
468 4200 543 4267 puta
570 4187 692 4248 Nicolai
719 4187 775 4248 filii
800 4189 847 4248 sui
878 4189 959 4250 circa
984 4209 1016 4249 se
1034 4190 1267 4270 percepissent;
1292 4209 1357 4270 quo
1383 4189 1504 4270 judicio
1529 4190 1634 4250 dictus

372 4291 534 4353 iohannes
571 4313 642 4353 cum
672 4309 770 4355 matre
808 4315 863 4355 sua
897 4315 961 4356 non
994 4309 1172 4374 contentus,
1197 4297 1297 4378 ipsam
1330 4316 1456 4357 causam
1489 4309 1561 4357 ante
1585 4297 1632 4378 ju-

369 4397 455 4457 dices
479 4399 621 4460 seniores
644 4401 828 4480 appellavit.

475 4522 551 4582 itern
586 4523 716 4603 quidam
751 4524 912 4586 Johannes
943 4527 1034 4588 aliter
1067 4529 1184 4589 Janzek
1217 4529 1412 4604 nominatus,
1445 4527 1530 4590 filius
1558 4528 1631 4589 Pse-

369 4629 504 4688 nicznak
530 4629 669 4690 Brumen
697 4631 783 4708 dicti,
809 4647 854 4692 est
871 4649 1014 4714 repertus
1039 4635 1069 4694 in
1088 4634 1258 4696 manifesto
1283 4634 1446 4697 surticinio
1463 4636 1630 4696 cuiusdam

367 4735 452 4813 equi,
478 4755 573 4814 quem
607 4739 803 4798 subtraxerat
836 4739 925 4799 Pauli
960 4741 1123 4818 institoris,
1155 4742 1243 4822 quod
1277 4743 1342 4823 ipse
1374 4742 1462 4804 solus
1493 4762 1547 4803 ore
1571 4762 1631 4802 suo

369 4839 470 4899 fassus
495 4854 541 4901 est
566 4841 597 4900 in
615 4843 785 4923 supplicio,
811 4844 883 4905 ideo
908 4846 1001 4925 jurati
1020 4846 1295 4926 adjudicaverunt,
1320 4849 1407 4929 quod
1434 4849 1499 4930 ipse
1518 4851 1629 4908 Anzek

369 4943 472 5006 dictus
498 4945 593 5007 debet
620 4949 769 5030 suspendi
796 4951 827 5010 in
860 4952 1005 5033 patibulo
1038 4953 1120 5016 dicte
1149 4953 1295 5034 civitatis,
1327 4969 1359 5016 et
1382 4955 1436 5018 ille
1461 4956 1551 5018 cuius
1583 4971 1630 5017 est
