<?xml version="1.0" encoding="UTF-8"?>
<!DOCTYPE html PUBLIC "-//W3C//DTD XHTML 1.0 Transitional//EN"
    "http://www.w3.org/TR/xhtml1/DTD/xhtml1-transitional.dtd">
<html xmlns="http://www.w3.org/1999/xhtml" xml:lang="en" lang="en">
 <head>
  <title>
</title>
<meta http-equiv="Content-Type" content="text/html;charset=utf-8" />
  <meta name='ocr-system' content='tesseract 3.04.00' />
  <meta name='ocr-capabilities' content='ocr_page ocr_carea ocr_par ocr_line ocrx_word'/>
</head>
<body>
  <div class='ocr_page' id='page_1' title='image "./monumentahistor13laszgoog_0123.png"; bbox 0 0 3738 5786; ppageno 0'>
   <div class='ocr_carea' id='block_1_1' title="bbox 0 3671 4 5632">
    <p class='ocr_par' dir='ltr' id='par_1_1' title="bbox 0 3671 4 5632">
     <span class='ocr_line' id='line_1_1' title="bbox 0 3671 4 5632; baseline 0 0"><span class='ocrx_word' id='word_1_1' title='bbox 0 3671 4 5632; x_wconf 95' lang='lat' dir='ltr'><strong> </strong></span> 
     </span>
    </p>
   </div>
   <div class='ocr_carea' id='block_1_2' title="bbox 203 571 1475 5131">
    <p class='ocr_par' dir='ltr' id='par_1_2' title="bbox 592 571 1473 651">
     <span class='ocr_line' id='line_1_2' title="bbox 592 571 1473 651; baseline 0.001 -22"><span class='ocrx_word' id='word_1_2' title='bbox 592 573 791 648; x_wconf 76' lang='lat' dir='ltr'><strong>Ann01454.</strong></span> <span class='ocrx_word' id='word_1_3' title='bbox 817 605 860 615; x_wconf 94' lang='lat'><strong>—</strong></span> <span class='ocrx_word' id='word_1_4' title='bbox 884 573 930 633; x_wconf 85' lang='lat'><strong>1&#39;1.</strong></span> <span class='ocrx_word' id='word_1_5' title='bbox 947 573 1098 649; x_wconf 81' lang='lat' dir='ltr'><strong>januarii.</strong></span> <span class='ocrx_word' id='word_1_6' title='bbox 1434 571 1473 651; x_wconf 88' lang='lat'><strong>63</strong></span> 
     </span>
    </p>

    <p class='ocr_par' dir='ltr' id='par_1_3' title="bbox 208 781 1475 1274">
     <span class='ocr_line' id='line_1_3' title="bbox 311 781 1475 867; baseline 0 -22"><span class='ocrx_word' id='word_1_7' title='bbox 311 781 393 848; x_wconf 86' lang='lat' dir='ltr'><strong>Item</strong></span> <span class='ocrx_word' id='word_1_8' title='bbox 428 784 604 867; x_wconf 81' lang='lat' dir='ltr'>Gregorius</span> <span class='ocrx_word' id='word_1_9' title='bbox 635 783 721 848; x_wconf 89' lang='lat' dir='ltr'><strong>filius</strong></span> <span class='ocrx_word' id='word_1_10' title='bbox 754 783 887 866; x_wconf 83' lang='lat' dir='ltr'><strong>Georgii</strong></span> <span class='ocrx_word' id='word_1_11' title='bbox 917 781 993 845; x_wconf 87' lang='lat' dir='ltr'><strong>dicti</strong></span> <span class='ocrx_word' id='word_1_12' title='bbox 1026 782 1232 866; x_wconf 85' lang='lat' dir='ltr'><strong>Banltowych</strong></span> <span class='ocrx_word' id='word_1_13' title='bbox 1258 797 1289 846; x_wconf 89' lang='lat' dir='ltr'><strong>et</strong></span> <span class='ocrx_word' id='word_1_14' title='bbox 1313 785 1475 846; x_wconf 80' lang='lat' dir='ltr'><strong>Barnabas</strong></span> 
     </span>
     <span class='ocr_line' id='line_1_4' title="bbox 209 889 1474 974; baseline 0 -22"><span class='ocrx_word' id='word_1_15' title='bbox 209 889 292 953; x_wconf 86' lang='lat' dir='ltr'><strong>filius</strong></span> <span class='ocrx_word' id='word_1_16' title='bbox 315 891 487 974; x_wconf 86' lang='lat' dir='ltr'><strong>Rugolych</strong></span> <span class='ocrx_word' id='word_1_17' title='bbox 512 891 650 973; x_wconf 86' lang='lat' dir='ltr'>quilibet</span> <span class='ocrx_word' id='word_1_18' title='bbox 674 910 786 953; x_wconf 90' lang='lat' dir='ltr'><strong>eorum</strong></span> <span class='ocrx_word' id='word_1_19' title='bbox 810 891 910 954; x_wconf 86' lang='lat' dir='ltr'><strong>tercio</strong></span> <span class='ocrx_word' id='word_1_20' title='bbox 934 909 968 952; x_wconf 91' lang='lat' dir='ltr'><strong>se</strong></span> <span class='ocrx_word' id='word_1_21' title='bbox 997 889 1142 973; x_wconf 90' lang='lat' dir='ltr'><strong>personis</strong></span> <span class='ocrx_word' id='word_1_22' title='bbox 1165 903 1279 952; x_wconf 92' lang='lat' dir='ltr'><strong>octavo</strong></span> <span class='ocrx_word' id='word_1_23' title='bbox 1305 891 1357 953; x_wconf 89' lang='lat' dir='ltr'><strong>die</strong></span> <span class='ocrx_word' id='word_1_24' title='bbox 1379 910 1474 973; x_wconf 91' lang='lat' dir='ltr'><strong>super</strong></span> 
     </span>
     <span class='ocr_line' id='line_1_5' title="bbox 209 995 1474 1081; baseline -0.002 -21"><span class='ocrx_word' id='word_1_25' title='bbox 209 1017 247 1060; x_wconf 91' lang='lat' dir='ltr'><strong>eo</strong></span> <span class='ocrx_word' id='word_1_26' title='bbox 270 995 376 1078; x_wconf 88' lang='lat' dir='ltr'><strong>jurare</strong></span> <span class='ocrx_word' id='word_1_27' title='bbox 399 997 572 1078; x_wconf 85' lang='lat' dir='ltr'>tenebitur,</span> <span class='ocrx_word' id='word_1_28' title='bbox 597 1011 632 1060; x_wconf 92' lang='lat' dir='ltr'><strong>ut</strong></span> <span class='ocrx_word' id='word_1_29' title='bbox 655 997 715 1081; x_wconf 90' lang='lat' dir='ltr'><strong>ipsi</strong></span> <span class='ocrx_word' id='word_1_30' title='bbox 740 997 811 1060; x_wconf 88' lang='lat' dir='ltr'><strong>illas</strong></span> <span class='ocrx_word' id='word_1_31' title='bbox 835 1016 885 1059; x_wconf 92' lang='lat' dir='ltr'><strong>res</strong></span> <span class='ocrx_word' id='word_1_32' title='bbox 902 1017 982 1080; x_wconf 90' lang='lat' dir='ltr'><strong>quas</strong></span> <span class='ocrx_word' id='word_1_33' title='bbox 1006 997 1118 1058; x_wconf 88' lang='lat' dir='ltr'><strong>Petrus</strong></span> <span class='ocrx_word' id='word_1_34' title='bbox 1142 995 1182 1058; x_wconf 90' lang='lat' dir='ltr'><strong>de</strong></span> <span class='ocrx_word' id='word_1_35' title='bbox 1207 996 1375 1080; x_wconf 84' lang='lat' dir='ltr'><strong>Zawersya</strong></span> <span class='ocrx_word' id='word_1_36' title='bbox 1400 1016 1474 1058; x_wconf 89' lang='lat' dir='ltr'><strong>curn</strong></span> 
     </span>
     <span class='ocr_line' id='line_1_6' title="bbox 208 1102 1474 1187; baseline -0.002 -22"><span class='ocrx_word' id='word_1_37' title='bbox 208 1103 300 1166; x_wconf 89' lang='lat' dir='ltr'><strong>sociis</strong></span> <span class='ocrx_word' id='word_1_38' title='bbox 324 1104 391 1166; x_wconf 92' lang='lat' dir='ltr'><strong>suis</strong></span> <span class='ocrx_word' id='word_1_39' title='bbox 414 1117 524 1167; x_wconf 90' lang='lat' dir='ltr'><strong>contra</strong></span> <span class='ocrx_word' id='word_1_40' title='bbox 549 1123 604 1167; x_wconf 92' lang='lat' dir='ltr'><strong>eos</strong></span> <span class='ocrx_word' id='word_1_41' title='bbox 627 1117 866 1187; x_wconf 89' lang='lat' dir='ltr'><strong>proposuerunt</strong></span> <span class='ocrx_word' id='word_1_42' title='bbox 893 1119 928 1166; x_wconf 88' lang='lat' dir='ltr'><strong>ut</strong></span> <span class='ocrx_word' id='word_1_43' title='bbox 952 1103 1012 1186; x_wconf 92' lang='lat' dir='ltr'><strong>ipsi</strong></span> <span class='ocrx_word' id='word_1_44' title='bbox 1036 1123 1090 1165; x_wconf 88' lang='lat' dir='ltr'><strong>eas</strong></span> <span class='ocrx_word' id='word_1_45' title='bbox 1120 1102 1361 1181; x_wconf 81' lang='lat' dir='ltr'><strong>subtraxissent,</strong></span> <span class='ocrx_word' id='word_1_46' title='bbox 1384 1102 1474 1184; x_wconf 90' lang='lat' dir='ltr'><strong>quod</strong></span> 
     </span>
     <span class='ocr_line' id='line_1_7' title="bbox 210 1211 610 1274; baseline 0.005 -2"><span class='ocrx_word' id='word_1_47' title='bbox 210 1229 261 1273; x_wconf 89' lang='lat' dir='ltr'><strong>eas</strong></span> <span class='ocrx_word' id='word_1_48' title='bbox 284 1231 351 1273; x_wconf 90' lang='lat' dir='ltr'><strong>non</strong></span> <span class='ocrx_word' id='word_1_49' title='bbox 376 1211 610 1274; x_wconf 88' lang='lat' dir='ltr'><strong>subtraxerunt.</strong></span> 
     </span>
    </p>

    <p class='ocr_par' dir='ltr' id='par_1_4' title="bbox 209 1315 1472 1809">
     <span class='ocr_line' id='line_1_8' title="bbox 315 1315 1472 1400; baseline -0.003 -20"><span class='ocrx_word' id='word_1_50' title='bbox 315 1317 394 1381; x_wconf 93' lang='lat' dir='ltr'><strong>Item</strong></span> <span class='ocrx_word' id='word_1_51' title='bbox 427 1318 574 1381; x_wconf 77' lang='lat' dir='ltr'>Andreas</span> <span class='ocrx_word' id='word_1_52' title='bbox 609 1319 734 1400; x_wconf 91' lang='lat' dir='ltr'><strong>Repesa</strong></span> <span class='ocrx_word' id='word_1_53' title='bbox 766 1317 943 1380; x_wconf 90' lang='lat' dir='ltr'><strong>secundum</strong></span> <span class='ocrx_word' id='word_1_54' title='bbox 983 1317 1260 1399; x_wconf 82' lang='lat' dir='ltr'><strong>adjudicacionem</strong></span> <span class='ocrx_word' id='word_1_55' title='bbox 1297 1315 1472 1398; x_wconf 88' lang='lat' dir='ltr'><strong>juratorum</strong></span> 
     </span>
     <span class='ocr_line' id='line_1_9' title="bbox 209 1421 1470 1507; baseline -0.002 -21"><span class='ocrx_word' id='word_1_56' title='bbox 209 1423 325 1505; x_wconf 89' lang='lat' dir='ltr'><strong>jurabit</strong></span> <span class='ocrx_word' id='word_1_57' title='bbox 349 1439 463 1487; x_wconf 89' lang='lat' dir='ltr'><strong>octavo</strong></span> <span class='ocrx_word' id='word_1_58' title='bbox 488 1425 540 1488; x_wconf 92' lang='lat' dir='ltr'><strong>die</strong></span> <span class='ocrx_word' id='word_1_59' title='bbox 563 1444 659 1507; x_wconf 89' lang='lat' dir='ltr'><strong>super</strong></span> <span class='ocrx_word' id='word_1_60' title='bbox 689 1444 776 1486; x_wconf 91' lang='lat' dir='ltr'><strong>aram</strong></span> <span class='ocrx_word' id='word_1_61' title='bbox 809 1443 905 1506; x_wconf 90' lang='lat' dir='ltr'><strong>super</strong></span> <span class='ocrx_word' id='word_1_62' title='bbox 928 1441 979 1502; x_wconf 91' lang='lat' dir='ltr'><strong>e0,</strong></span> <span class='ocrx_word' id='word_1_63' title='bbox 1003 1437 1038 1484; x_wconf 93' lang='lat' dir='ltr'><strong>ut</strong></span> <span class='ocrx_word' id='word_1_64' title='bbox 1069 1423 1137 1506; x_wconf 85' lang='lat' dir='ltr'><strong>lpse</strong></span> <span class='ocrx_word' id='word_1_65' title='bbox 1162 1423 1356 1501; x_wconf 80' lang='lat' dir='ltr'><strong>nescivisset,</strong></span> <span class='ocrx_word' id='word_1_66' title='bbox 1381 1421 1470 1504; x_wconf 90' lang='lat' dir='ltr'><strong>quod</strong></span> 
     </span>
     <span class='ocr_line' id='line_1_10' title="bbox 210 1527 1471 1614; baseline -0.001 -23"><span class='ocrx_word' id='word_1_67' title='bbox 210 1531 263 1592; x_wconf 92' lang='lat' dir='ltr'><strong>iIIa</strong></span> <span class='ocrx_word' id='word_1_68' title='bbox 286 1550 383 1593; x_wconf 88' lang='lat' dir='ltr'><strong>vacca</strong></span> <span class='ocrx_word' id='word_1_69' title='bbox 408 1551 506 1614; x_wconf 90' lang='lat' dir='ltr'><strong>quam</strong></span> <span class='ocrx_word' id='word_1_70' title='bbox 531 1531 598 1614; x_wconf 91' lang='lat' dir='ltr'><strong>ipse</strong></span> <span class='ocrx_word' id='word_1_71' title='bbox 623 1552 640 1592; x_wconf 90' lang='lat' dir='ltr'><strong>a</strong></span> <span class='ocrx_word' id='word_1_72' title='bbox 662 1529 803 1594; x_wconf 88' lang='lat' dir='ltr'><strong>Martino</strong></span> <span class='ocrx_word' id='word_1_73' title='bbox 820 1529 899 1592; x_wconf 90' lang='lat' dir='ltr'><strong>alias</strong></span> <span class='ocrx_word' id='word_1_74' title='bbox 922 1527 1074 1592; x_wconf 85' lang='lat' dir='ltr'><strong>servitore</strong></span> <span class='ocrx_word' id='word_1_75' title='bbox 1092 1529 1216 1591; x_wconf 90' lang='lat' dir='ltr'><strong>domini</strong></span> <span class='ocrx_word' id='word_1_76' title='bbox 1234 1529 1367 1592; x_wconf 88' lang='lat' dir='ltr'><strong>Seboldi</strong></span> <span class='ocrx_word' id='word_1_77' title='bbox 1386 1548 1471 1590; x_wconf 92' lang='lat' dir='ltr'><strong>com·</strong></span> 
     </span>
     <span class='ocr_line' id='line_1_11' title="bbox 209 1633 1472 1720; baseline -0.003 -20"><span class='ocrx_word' id='word_1_78' title='bbox 209 1639 342 1720; x_wconf 87' lang='lat' dir='ltr'><strong>paravit,</strong></span> <span class='ocrx_word' id='word_1_79' title='bbox 367 1637 477 1701; x_wconf 89' lang='lat' dir='ltr'><strong>luisset</strong></span> <span class='ocrx_word' id='word_1_80' title='bbox 501 1641 661 1702; x_wconf 88' lang='lat' dir='ltr'><strong>subtracta</strong></span> <span class='ocrx_word' id='word_1_81' title='bbox 684 1657 789 1720; x_wconf 91' lang='lat' dir='ltr'><strong>neque</strong></span> <span class='ocrx_word' id='word_1_82' title='bbox 816 1651 897 1700; x_wconf 90' lang='lat' dir='ltr'><strong>esset</strong></span> <span class='ocrx_word' id='word_1_83' title='bbox 920 1635 1079 1719; x_wconf 79' lang='lat' dir='ltr'><strong>particeps</strong></span> <span class='ocrx_word' id='word_1_84' title='bbox 1103 1649 1135 1698; x_wconf 90' lang='lat' dir='ltr'><strong>et</strong></span> <span class='ocrx_word' id='word_1_85' title='bbox 1158 1637 1305 1698; x_wconf 90' lang='lat' dir='ltr'><strong>conscius</strong></span> <span class='ocrx_word' id='word_1_86' title='bbox 1329 1635 1360 1696; x_wconf 92' lang='lat' dir='ltr'><strong>in</strong></span> <span class='ocrx_word' id='word_1_87' title='bbox 1387 1633 1472 1696; x_wconf 85' lang='lat' dir='ltr'><strong>furtu</strong></span> 
     </span>
     <span class='ocr_line' id='line_1_12' title="bbox 209 1745 481 1809; baseline 0.011 -3"><span class='ocrx_word' id='word_1_88' title='bbox 209 1745 352 1808; x_wconf 87' lang='lat' dir='ltr'><strong>eiusdem</strong></span> <span class='ocrx_word' id='word_1_89' title='bbox 374 1765 481 1809; x_wconf 90' lang='lat' dir='ltr'><strong>vacce.</strong></span> 
     </span>
    </p>

    <p class='ocr_par' dir='ltr' id='par_1_5' title="bbox 208 1847 1473 2250">
     <span class='ocr_line' id='line_1_13' title="bbox 313 1847 1473 1934; baseline -0.003 -21"><span class='ocrx_word' id='word_1_90' title='bbox 313 1851 390 1914; x_wconf 87' lang='lat' dir='ltr'><strong>Item</strong></span> <span class='ocrx_word' id='word_1_91' title='bbox 416 1851 570 1915; x_wconf 88' lang='lat' dir='ltr'><strong>Clemens</strong></span> <span class='ocrx_word' id='word_1_92' title='bbox 602 1851 723 1934; x_wconf 85' lang='lat' dir='ltr'><strong>juratus</strong></span> <span class='ocrx_word' id='word_1_93' title='bbox 748 1869 804 1934; x_wconf 90' lang='lat' dir='ltr'><strong>per</strong></span> <span class='ocrx_word' id='word_1_94' title='bbox 836 1847 1114 1931; x_wconf 86' lang='lat' dir='ltr'><strong>adjudicacionem</strong></span> <span class='ocrx_word' id='word_1_95' title='bbox 1146 1847 1324 1930; x_wconf 90' lang='lat' dir='ltr'><strong>juratorum</strong></span> <span class='ocrx_word' id='word_1_96' title='bbox 1356 1847 1473 1930; x_wconf 87' lang='lat' dir='ltr'><strong>jurabit</strong></span> 
     </span>
     <span class='ocr_line' id='line_1_14' title="bbox 209 1955 1468 2038; baseline -0.003 -20"><span class='ocrx_word' id='word_1_97' title='bbox 209 1971 317 2019; x_wconf 88' lang='lat' dir='ltr'><strong>contra</strong></span> <span class='ocrx_word' id='word_1_98' title='bbox 340 1957 532 2021; x_wconf 84' lang='lat' dir='ltr'><strong>Valentinus</strong></span> <span class='ocrx_word' id='word_1_99' title='bbox 556 1958 686 2020; x_wconf 91' lang='lat' dir='ltr'><strong>Blesum</strong></span> <span class='ocrx_word' id='word_1_100' title='bbox 710 1971 824 2019; x_wconf 90' lang='lat' dir='ltr'><strong>octavo</strong></span> <span class='ocrx_word' id='word_1_101' title='bbox 849 1955 902 2019; x_wconf 93' lang='lat' dir='ltr'><strong>die</strong></span> <span class='ocrx_word' id='word_1_102' title='bbox 933 1973 1102 2038; x_wconf 90' lang='lat' dir='ltr'><strong>supereo,</strong></span> <span class='ocrx_word' id='word_1_103' title='bbox 1126 1969 1161 2017; x_wconf 93' lang='lat' dir='ltr'><strong>ut</strong></span> <span class='ocrx_word' id='word_1_104' title='bbox 1185 1955 1253 2038; x_wconf 87' lang='lat' dir='ltr'><strong>ipse</strong></span> <span class='ocrx_word' id='word_1_105' title='bbox 1277 1955 1468 2017; x_wconf 79' lang='lat' dir='ltr'><strong>Valentinus</strong></span> 
     </span>
     <span class='ocr_line' id='line_1_15' title="bbox 208 2060 1469 2148; baseline -0.002 -24"><span class='ocrx_word' id='word_1_106' title='bbox 208 2063 319 2126; x_wconf 89' lang='lat' dir='ltr'><strong>Blesus</strong></span> <span class='ocrx_word' id='word_1_107' title='bbox 343 2065 517 2147; x_wconf 80' lang='lat' dir='ltr'><strong>terragium</strong></span> <span class='ocrx_word' id='word_1_108' title='bbox 534 2063 648 2148; x_wconf 88' lang='lat' dir='ltr'><strong>(quod)</strong></span> <span class='ocrx_word' id='word_1_109' title='bbox 666 2065 726 2147; x_wconf 87' lang='lat' dir='ltr'><strong>Ipsi</strong></span> <span class='ocrx_word' id='word_1_110' title='bbox 751 2063 913 2126; x_wconf 85' lang='lat' dir='ltr'><strong>Clementi</strong></span> <span class='ocrx_word' id='word_1_111' title='bbox 930 2062 1033 2144; x_wconf 89' lang='lat' dir='ltr'><strong>jurato</strong></span> <span class='ocrx_word' id='word_1_112' title='bbox 1057 2075 1203 2144; x_wconf 93' lang='lat' dir='ltr'><strong>tempore</strong></span> <span class='ocrx_word' id='word_1_113' title='bbox 1227 2061 1397 2123; x_wconf 84' lang='lat' dir='ltr'><strong>comitatus</strong></span> <span class='ocrx_word' id='word_1_114' title='bbox 1421 2060 1469 2121; x_wconf 90' lang='lat' dir='ltr'><strong>sui</strong></span> 
     </span>
     <span class='ocr_line' id='line_1_16' title="bbox 208 2169 948 2250; baseline 0.001 -19"><span class='ocrx_word' id='word_1_115' title='bbox 208 2171 331 2233; x_wconf 89' lang='lat' dir='ltr'><strong>solvere</strong></span> <span class='ocrx_word' id='word_1_116' title='bbox 354 2172 533 2250; x_wconf 89' lang='lat' dir='ltr'><strong>tenebatur,</strong></span> <span class='ocrx_word' id='word_1_117' title='bbox 558 2191 623 2233; x_wconf 93' lang='lat' dir='ltr'><strong>non</strong></span> <span class='ocrx_word' id='word_1_118' title='bbox 648 2171 744 2233; x_wconf 93' lang='lat' dir='ltr'><strong>solvit</strong></span> <span class='ocrx_word' id='word_1_119' title='bbox 767 2189 825 2232; x_wconf 90' lang='lat' dir='ltr'><strong>nec</strong></span> <span class='ocrx_word' id='word_1_120' title='bbox 849 2169 948 2232; x_wconf 85' lang='lat' dir='ltr'><strong>dedit.</strong></span> 
     </span>
    </p>

    <p class='ocr_par' dir='ltr' id='par_1_6' title="bbox 205 2272 1472 2766">
     <span class='ocr_line' id='line_1_17' title="bbox 311 2272 1470 2361; baseline -0.004 -22"><span class='ocrx_word' id='word_1_121' title='bbox 311 2277 390 2340; x_wconf 93' lang='lat' dir='ltr'><strong>Item</strong></span> <span class='ocrx_word' id='word_1_122' title='bbox 415 2277 585 2360; x_wconf 90' lang='lat' dir='ltr'><strong>Philippus</strong></span> <span class='ocrx_word' id='word_1_123' title='bbox 602 2275 753 2361; x_wconf 90' lang='lat' dir='ltr'><strong>Hrebych</strong></span> <span class='ocrx_word' id='word_1_124' title='bbox 778 2276 920 2338; x_wconf 91' lang='lat' dir='ltr'><strong>secundo</strong></span> <span class='ocrx_word' id='word_1_125' title='bbox 945 2295 978 2338; x_wconf 91' lang='lat' dir='ltr'><strong>se</strong></span> <span class='ocrx_word' id='word_1_126' title='bbox 996 2276 1140 2359; x_wconf 90' lang='lat' dir='ltr'><strong>personis</strong></span> <span class='ocrx_word' id='word_1_127' title='bbox 1157 2295 1255 2357; x_wconf 90' lang='lat' dir='ltr'><strong>penes</strong></span> <span class='ocrx_word' id='word_1_128' title='bbox 1280 2272 1470 2335; x_wconf 87' lang='lat' dir='ltr'><strong>effusionem</strong></span> 
     </span>
     <span class='ocr_line' id='line_1_18' title="bbox 207 2379 1470 2467; baseline -0.003 -23"><span class='ocrx_word' id='word_1_129' title='bbox 207 2385 371 2466; x_wconf 83' lang='lat' dir='ltr'><strong>sanguinis</strong></span> <span class='ocrx_word' id='word_1_130' title='bbox 395 2397 426 2447; x_wconf 91' lang='lat' dir='ltr'><strong>et</strong></span> <span class='ocrx_word' id='word_1_131' title='bbox 441 2384 683 2467; x_wconf 89' lang='lat' dir='ltr'><strong>percussionem</strong></span> <span class='ocrx_word' id='word_1_132' title='bbox 700 2384 800 2466; x_wconf 89' lang='lat' dir='ltr'><strong>ipsius</strong></span> <span class='ocrx_word' id='word_1_133' title='bbox 821 2382 939 2464; x_wconf 91' lang='lat' dir='ltr'><strong>jurabit</strong></span> <span class='ocrx_word' id='word_1_134' title='bbox 955 2396 1070 2444; x_wconf 90' lang='lat' dir='ltr'><strong>octavo</strong></span> <span class='ocrx_word' id='word_1_135' title='bbox 1088 2382 1138 2444; x_wconf 84' lang='lat' dir='ltr'><strong>dle</strong></span> <span class='ocrx_word' id='word_1_136' title='bbox 1164 2395 1273 2442; x_wconf 92' lang='lat' dir='ltr'><strong>contra</strong></span> <span class='ocrx_word' id='word_1_137' title='bbox 1291 2379 1470 2442; x_wconf 87' lang='lat' dir='ltr'><strong>Fabianum</strong></span> 
     </span>
     <span class='ocr_line' id='line_1_19' title="bbox 206 2485 1470 2574; baseline -0.002 -24"><span class='ocrx_word' id='word_1_138' title='bbox 206 2491 439 2572; x_wconf 89' lang='lat' dir='ltr'><strong>carpentarium</strong></span> <span class='ocrx_word' id='word_1_139' title='bbox 465 2510 635 2574; x_wconf 90' lang='lat' dir='ltr'><strong>supereo,</strong></span> <span class='ocrx_word' id='word_1_140' title='bbox 665 2503 701 2552; x_wconf 89' lang='lat' dir='ltr'><strong>ut</strong></span> <span class='ocrx_word' id='word_1_141' title='bbox 733 2491 800 2572; x_wconf 89' lang='lat' dir='ltr'><strong>ipse</strong></span> <span class='ocrx_word' id='word_1_142' title='bbox 825 2490 986 2552; x_wconf 88' lang='lat' dir='ltr'><strong>Fabianus</strong></span> <span class='ocrx_word' id='word_1_143' title='bbox 1018 2487 1236 2570; x_wconf 87' lang='lat' dir='ltr'><strong>carpentarius</strong></span> <span class='ocrx_word' id='word_1_144' title='bbox 1260 2487 1364 2569; x_wconf 91' lang='lat' dir='ltr'><strong>ipsum</strong></span> <span class='ocrx_word' id='word_1_145' title='bbox 1399 2485 1470 2547; x_wconf 90' lang='lat' dir='ltr'><strong>Phi-</strong></span> 
     </span>
     <span class='ocr_line' id='line_1_20' title="bbox 205 2593 1472 2680; baseline -0.002 -24"><span class='ocrx_word' id='word_1_146' title='bbox 205 2596 329 2678; x_wconf 90' lang='lat' dir='ltr'><strong>lippum</strong></span> <span class='ocrx_word' id='word_1_147' title='bbox 354 2609 553 2680; x_wconf 91' lang='lat' dir='ltr'><strong>compatrem</strong></span> <span class='ocrx_word' id='word_1_148' title='bbox 577 2616 671 2658; x_wconf 91' lang='lat' dir='ltr'><strong>suum</strong></span> <span class='ocrx_word' id='word_1_149' title='bbox 689 2615 791 2678; x_wconf 91' lang='lat' dir='ltr'><strong>usque</strong></span> <span class='ocrx_word' id='word_1_150' title='bbox 816 2596 855 2658; x_wconf 93' lang='lat' dir='ltr'><strong>ad</strong></span> <span class='ocrx_word' id='word_1_151' title='bbox 880 2595 1045 2676; x_wconf 88' lang='lat' dir='ltr'><strong>sanguinis</strong></span> <span class='ocrx_word' id='word_1_152' title='bbox 1062 2594 1250 2656; x_wconf 83' lang='lat' dir='ltr'><strong>effusIonem</strong></span> <span class='ocrx_word' id='word_1_153' title='bbox 1265 2593 1472 2676; x_wconf 90' lang='lat' dir='ltr'><strong>percussisset</strong></span> 
     </span>
     <span class='ocr_line' id='line_1_21' title="bbox 206 2703 415 2766; baseline 0.01 -2"><span class='ocrx_word' id='word_1_154' title='bbox 206 2717 236 2765; x_wconf 90' lang='lat' dir='ltr'><strong>et</strong></span> <span class='ocrx_word' id='word_1_155' title='bbox 258 2703 415 2766; x_wconf 83' lang='lat' dir='ltr'><strong>traxisset.</strong></span> 
     </span>
    </p>

    <p class='ocr_par' dir='ltr' id='par_1_7' title="bbox 204 2805 1469 3640">
     <span class='ocr_line' id='line_1_22' title="bbox 309 2805 1469 2893; baseline -0.005 -21"><span class='ocrx_word' id='word_1_156' title='bbox 309 2810 388 2872; x_wconf 90' lang='lat' dir='ltr'><strong>Item</strong></span> <span class='ocrx_word' id='word_1_157' title='bbox 413 2809 598 2872; x_wconf 85' lang='lat' dir='ltr'><strong>Anthonius</strong></span> <span class='ocrx_word' id='word_1_158' title='bbox 622 2809 706 2873; x_wconf 90' lang='lat' dir='ltr'><strong>filius</strong></span> <span class='ocrx_word' id='word_1_159' title='bbox 732 2809 886 2893; x_wconf 88' lang='lat' dir='ltr'><strong>Stephani</strong></span> <span class='ocrx_word' id='word_1_160' title='bbox 910 2809 950 2870; x_wconf 94' lang='lat' dir='ltr'><strong>de</strong></span> <span class='ocrx_word' id='word_1_161' title='bbox 968 2809 1113 2892; x_wconf 88' lang='lat' dir='ltr'><strong>Wesnyk</strong></span> <span class='ocrx_word' id='word_1_162' title='bbox 1137 2807 1254 2891; x_wconf 86' lang='lat' dir='ltr'><strong>jurabit</strong></span> <span class='ocrx_word' id='word_1_163' title='bbox 1277 2805 1309 2869; x_wconf 90' lang='lat' dir='ltr'><strong>in</strong></span> <span class='ocrx_word' id='word_1_164' title='bbox 1334 2825 1469 2889; x_wconf 88' lang='lat' dir='ltr'><strong>persona</strong></span> 
     </span>
     <span class='ocr_line' id='line_1_23' title="bbox 206 2911 1468 3000; baseline -0.004 -23"><span class='ocrx_word' id='word_1_165' title='bbox 206 2936 260 2978; x_wconf 88' lang='lat' dir='ltr'><strong>sua</strong></span> <span class='ocrx_word' id='word_1_166' title='bbox 286 2918 355 2979; x_wconf 90' lang='lat' dir='ltr'><strong>sola</strong></span> <span class='ocrx_word' id='word_1_167' title='bbox 380 2937 475 3000; x_wconf 91' lang='lat' dir='ltr'><strong>super</strong></span> <span class='ocrx_word' id='word_1_168' title='bbox 500 2917 621 2980; x_wconf 91' lang='lat' dir='ltr'><strong>collum</strong></span> <span class='ocrx_word' id='word_1_169' title='bbox 654 2916 796 3000; x_wconf 89' lang='lat' dir='ltr'><strong>predicte</strong></span> <span class='ocrx_word' id='word_1_170' title='bbox 819 2935 914 2978; x_wconf 87' lang='lat' dir='ltr'><strong>vacce</strong></span> <span class='ocrx_word' id='word_1_171' title='bbox 946 2917 1116 2993; x_wconf 84' lang='lat' dir='ltr'><strong>subtracta,</strong></span> <span class='ocrx_word' id='word_1_172' title='bbox 1141 2913 1238 2976; x_wconf 94' lang='lat' dir='ltr'><strong>hodie</strong></span> <span class='ocrx_word' id='word_1_173' title='bbox 1263 2933 1320 2996; x_wconf 92' lang='lat' dir='ltr'><strong>per</strong></span> <span class='ocrx_word' id='word_1_174' title='bbox 1344 2911 1468 2994; x_wconf 87' lang='lat' dir='ltr'><strong>adjudi-</strong></span> 
     </span>
     <span class='ocr_line' id='line_1_24' title="bbox 204 3023 1465 3107; baseline -0.003 -23"><span class='ocrx_word' id='word_1_175' title='bbox 204 3024 368 3087; x_wconf 90' lang='lat' dir='ltr'><strong>cacionem</strong></span> <span class='ocrx_word' id='word_1_176' title='bbox 385 3025 562 3106; x_wconf 86' lang='lat' dir='ltr'><strong>juratorum</strong></span> <span class='ocrx_word' id='word_1_177' title='bbox 578 3044 674 3107; x_wconf 90' lang='lat' dir='ltr'><strong>super</strong></span> <span class='ocrx_word' id='word_1_178' title='bbox 690 3043 740 3103; x_wconf 91' lang='lat' dir='ltr'><strong>eo,</strong></span> <span class='ocrx_word' id='word_1_179' title='bbox 757 3037 792 3085; x_wconf 92' lang='lat' dir='ltr'><strong>ut</strong></span> <span class='ocrx_word' id='word_1_180' title='bbox 809 3023 876 3105; x_wconf 85' lang='lat' dir='ltr'><strong>ipsa</strong></span> <span class='ocrx_word' id='word_1_181' title='bbox 896 3039 991 3084; x_wconf 87' lang='lat' dir='ltr'><strong>vacca</strong></span> <span class='ocrx_word' id='word_1_182' title='bbox 1015 3035 1061 3084; x_wconf 91' lang='lat' dir='ltr'><strong>est</strong></span> <span class='ocrx_word' id='word_1_183' title='bbox 1078 3041 1151 3083; x_wconf 90' lang='lat' dir='ltr'><strong>vera</strong></span> <span class='ocrx_word' id='word_1_184' title='bbox 1175 3041 1233 3082; x_wconf 92' lang='lat' dir='ltr'><strong>sua</strong></span> <span class='ocrx_word' id='word_1_185' title='bbox 1256 3039 1351 3082; x_wconf 90' lang='lat' dir='ltr'><strong>vacca</strong></span> <span class='ocrx_word' id='word_1_186' title='bbox 1368 3038 1465 3100; x_wconf 91' lang='lat' dir='ltr'><strong>quam</strong></span> 
     </span>
     <span class='ocr_line' id='line_1_25' title="bbox 204 3123 1468 3213; baseline -0.005 -21"><span class='ocrx_word' id='word_1_187' title='bbox 204 3129 343 3212; x_wconf 86' lang='lat' dir='ltr'><strong>prelatus</strong></span> <span class='ocrx_word' id='word_1_188' title='bbox 367 3131 513 3193; x_wconf 86' lang='lat' dir='ltr'><strong>Andreas</strong></span> <span class='ocrx_word' id='word_1_189' title='bbox 537 3129 662 3213; x_wconf 86' lang='lat' dir='ltr'><strong>Repesa</strong></span> <span class='ocrx_word' id='word_1_190' title='bbox 694 3132 733 3192; x_wconf 87' lang='lat' dir='ltr'><strong>ab</strong></span> <span class='ocrx_word' id='word_1_191' title='bbox 760 3130 828 3212; x_wconf 90' lang='lat' dir='ltr'><strong>ipso</strong></span> <span class='ocrx_word' id='word_1_192' title='bbox 853 3129 992 3191; x_wconf 89' lang='lat' dir='ltr'><strong>Martino</strong></span> <span class='ocrx_word' id='word_1_193' title='bbox 1024 3128 1241 3210; x_wconf 89' lang='lat' dir='ltr'><strong>comparavit;</strong></span> <span class='ocrx_word' id='word_1_194' title='bbox 1266 3140 1297 3188; x_wconf 92' lang='lat' dir='ltr'><strong>et</strong></span> <span class='ocrx_word' id='word_1_195' title='bbox 1321 3123 1468 3208; x_wconf 87' lang='lat' dir='ltr'><strong>deposito</strong></span> 
     </span>
     <span class='ocr_line' id='line_1_26' title="bbox 205 3231 1468 3320; baseline -0.004 -24"><span class='ocrx_word' id='word_1_196' title='bbox 205 3235 272 3318; x_wconf 89' lang='lat' dir='ltr'><strong>ipso</strong></span> <span class='ocrx_word' id='word_1_197' title='bbox 296 3237 480 3320; x_wconf 81' lang='lat' dir='ltr'><strong>juramento</strong></span> <span class='ocrx_word' id='word_1_198' title='bbox 504 3238 571 3320; x_wconf 93' lang='lat' dir='ltr'><strong>ipse</strong></span> <span class='ocrx_word' id='word_1_199' title='bbox 588 3237 772 3298; x_wconf 82' lang='lat' dir='ltr'><strong>Anthonius</strong></span> <span class='ocrx_word' id='word_1_200' title='bbox 796 3235 928 3317; x_wconf 92' lang='lat' dir='ltr'><strong>recipiet</strong></span> <span class='ocrx_word' id='word_1_201' title='bbox 944 3254 1034 3296; x_wconf 90' lang='lat' dir='ltr'><strong>suam</strong></span> <span class='ocrx_word' id='word_1_202' title='bbox 1059 3253 1199 3296; x_wconf 88' lang='lat' dir='ltr'><strong>vaccam.</strong></span> <span class='ocrx_word' id='word_1_203' title='bbox 1225 3233 1266 3295; x_wconf 87' lang='lat' dir='ltr'><strong>Et</strong></span> <span class='ocrx_word' id='word_1_204' title='bbox 1290 3232 1364 3314; x_wconf 90' lang='lat' dir='ltr'><strong>quia</strong></span> <span class='ocrx_word' id='word_1_205' title='bbox 1382 3231 1468 3293; x_wconf 90' lang='lat' dir='ltr'><strong>idem</strong></span> 
     </span>
     <span class='ocr_line' id='line_1_27' title="bbox 204 3339 1466 3427; baseline -0.003 -23"><span class='ocrx_word' id='word_1_206' title='bbox 204 3343 386 3406; x_wconf 86' lang='lat' dir='ltr'><strong>Anthonius</strong></span> <span class='ocrx_word' id='word_1_207' title='bbox 410 3345 516 3427; x_wconf 90' lang='lat' dir='ltr'><strong>ipsum</strong></span> <span class='ocrx_word' id='word_1_208' title='bbox 533 3343 750 3426; x_wconf 89' lang='lat' dir='ltr'><strong>juramentum</strong></span> <span class='ocrx_word' id='word_1_209' title='bbox 767 3341 827 3404; x_wconf 92' lang='lat' dir='ltr'><strong>sibi</strong></span> <span class='ocrx_word' id='word_1_210' title='bbox 846 3339 1064 3422; x_wconf 82' lang='lat' dir='ltr'><strong>adjudicatum</strong></span> <span class='ocrx_word' id='word_1_211' title='bbox 1084 3341 1231 3424; x_wconf 85' lang='lat' dir='ltr'><strong>prestitit,</strong></span> <span class='ocrx_word' id='word_1_212' title='bbox 1255 3339 1329 3401; x_wconf 89' lang='lat' dir='ltr'><strong>ideo</strong></span> <span class='ocrx_word' id='word_1_213' title='bbox 1354 3339 1466 3400; x_wconf 90' lang='lat' dir='ltr'><strong>eadem</strong></span> 
     </span>
     <span class='ocr_line' id='line_1_28' title="bbox 204 3445 1466 3532; baseline -0.003 -22"><span class='ocrx_word' id='word_1_214' title='bbox 204 3471 296 3514; x_wconf 90' lang='lat' dir='ltr'><strong>vacca</strong></span> <span class='ocrx_word' id='word_1_215' title='bbox 320 3465 367 3514; x_wconf 93' lang='lat' dir='ltr'><strong>est</strong></span> <span class='ocrx_word' id='word_1_216' title='bbox 384 3452 444 3513; x_wconf 92' lang='lat' dir='ltr'><strong>sibi</strong></span> <span class='ocrx_word' id='word_1_217' title='bbox 469 3451 509 3513; x_wconf 90' lang='lat' dir='ltr'><strong>ad</strong></span> <span class='ocrx_word' id='word_1_218' title='bbox 527 3471 642 3514; x_wconf 89' lang='lat' dir='ltr'><strong>manus</strong></span> <span class='ocrx_word' id='word_1_219' title='bbox 665 3451 738 3512; x_wconf 89' lang='lat' dir='ltr'><strong>data</strong></span> <span class='ocrx_word' id='word_1_220' title='bbox 756 3469 813 3532; x_wconf 90' lang='lat' dir='ltr'><strong>per</strong></span> <span class='ocrx_word' id='word_1_221' title='bbox 830 3447 1110 3530; x_wconf 76' lang='lat' dir='ltr'><strong>adjudicationem</strong></span> <span class='ocrx_word' id='word_1_222' title='bbox 1128 3447 1272 3531; x_wconf 90' lang='lat' dir='ltr'><strong>ipsorum</strong></span> <span class='ocrx_word' id='word_1_223' title='bbox 1288 3445 1466 3528; x_wconf 86' lang='lat' dir='ltr'><strong>juratorum</strong></span> 
     </span>
     <span class='ocr_line' id='line_1_29' title="bbox 204 3571 630 3640; baseline 0.005 -22"><span class='ocrx_word' id='word_1_224' title='bbox 204 3571 366 3640; x_wconf 89' lang='lat' dir='ltr'><strong>tamquam</strong></span> <span class='ocrx_word' id='word_1_225' title='bbox 391 3579 442 3620; x_wconf 90' lang='lat' dir='ltr'><strong>res</strong></span> <span class='ocrx_word' id='word_1_226' title='bbox 465 3577 522 3620; x_wconf 89' lang='lat' dir='ltr'><strong>sua</strong></span> <span class='ocrx_word' id='word_1_227' title='bbox 545 3577 630 3620; x_wconf 90' lang='lat' dir='ltr'><strong>vera.</strong></span> 
     </span>
    </p>

    <p class='ocr_par' dir='ltr' id='par_1_8' title="bbox 204 3659 1468 4491">
     <span class='ocr_line' id='line_1_30' title="bbox 305 3659 1467 3747; baseline -0.004 -22"><span class='ocrx_word' id='word_1_228' title='bbox 305 3665 386 3727; x_wconf 91' lang='lat' dir='ltr'><strong>Item</strong></span> <span class='ocrx_word' id='word_1_229' title='bbox 411 3665 486 3747; x_wconf 91' lang='lat' dir='ltr'><strong>quia</strong></span> <span class='ocrx_word' id='word_1_230' title='bbox 504 3663 657 3727; x_wconf 87' lang='lat' dir='ltr'><strong>Clemens</strong></span> <span class='ocrx_word' id='word_1_231' title='bbox 681 3664 720 3725; x_wconf 93' lang='lat' dir='ltr'><strong>de</strong></span> <span class='ocrx_word' id='word_1_232' title='bbox 738 3663 860 3744; x_wconf 86' lang='lat' dir='ltr'><strong>Posega</strong></span> <span class='ocrx_word' id='word_1_233' title='bbox 887 3665 987 3726; x_wconf 89' lang='lat' dir='ltr'><strong>tercio</strong></span> <span class='ocrx_word' id='word_1_234' title='bbox 1012 3683 1045 3725; x_wconf 89' lang='lat' dir='ltr'><strong>se</strong></span> <span class='ocrx_word' id='word_1_235' title='bbox 1062 3661 1207 3746; x_wconf 89' lang='lat' dir='ltr'><strong>personis</strong></span> <span class='ocrx_word' id='word_1_236' title='bbox 1223 3661 1284 3722; x_wconf 90' lang='lat' dir='ltr'><strong>sibi</strong></span> <span class='ocrx_word' id='word_1_237' title='bbox 1308 3659 1467 3721; x_wconf 91' lang='lat' dir='ltr'><strong>similibus</strong></span> 
     </span>
     <span class='ocr_line' id='line_1_31' title="bbox 204 3765 1465 3850; baseline -0.004 -19"><span class='ocrx_word' id='word_1_238' title='bbox 204 3771 234 3832; x_wconf 93' lang='lat' dir='ltr'><strong>in</strong></span> <span class='ocrx_word' id='word_1_239' title='bbox 257 3771 392 3834; x_wconf 90' lang='lat' dir='ltr'><strong>ecclesia</strong></span> <span class='ocrx_word' id='word_1_240' title='bbox 415 3771 500 3834; x_wconf 90' lang='lat' dir='ltr'><strong>beati</strong></span> <span class='ocrx_word' id='word_1_241' title='bbox 526 3771 624 3833; x_wconf 90' lang='lat' dir='ltr'><strong>Marci</strong></span> <span class='ocrx_word' id='word_1_242' title='bbox 642 3770 849 3850; x_wconf 83' lang='lat' dir='ltr'><strong>ewangeliste</strong></span> <span class='ocrx_word' id='word_1_243' title='bbox 874 3771 906 3832; x_wconf 91' lang='lat' dir='ltr'><strong>in</strong></span> <span class='ocrx_word' id='word_1_244' title='bbox 925 3791 978 3832; x_wconf 89' lang='lat' dir='ltr'><strong>ara</strong></span> <span class='ocrx_word' id='word_1_245' title='bbox 997 3785 1103 3832; x_wconf 90' lang='lat' dir='ltr'><strong>sancte</strong></span> <span class='ocrx_word' id='word_1_246' title='bbox 1128 3767 1242 3831; x_wconf 93' lang='lat' dir='ltr'><strong>Crucis</strong></span> <span class='ocrx_word' id='word_1_247' title='bbox 1258 3779 1369 3829; x_wconf 90' lang='lat' dir='ltr'><strong>contra</strong></span> <span class='ocrx_word' id='word_1_248' title='bbox 1387 3765 1465 3828; x_wconf 90' lang='lat' dir='ltr'><strong>Gre-</strong></span> 
     </span>
     <span class='ocr_line' id='line_1_32' title="bbox 204 3874 1467 3962; baseline -0.004 -23"><span class='ocrx_word' id='word_1_249' title='bbox 204 3879 328 3958; x_wconf 89' lang='lat' dir='ltr'><strong>gorium</strong></span> <span class='ocrx_word' id='word_1_250' title='bbox 352 3877 537 3962; x_wconf 87' lang='lat' dir='ltr'><strong>Jagychych</strong></span> <span class='ocrx_word' id='word_1_251' title='bbox 561 3878 778 3960; x_wconf 88' lang='lat' dir='ltr'><strong>juramentum</strong></span> <span class='ocrx_word' id='word_1_252' title='bbox 810 3879 870 3940; x_wconf 94' lang='lat' dir='ltr'><strong>sibi</strong></span> <span class='ocrx_word' id='word_1_253' title='bbox 898 3898 954 3960; x_wconf 89' lang='lat' dir='ltr'><strong>per</strong></span> <span class='ocrx_word' id='word_1_254' title='bbox 978 3877 1098 3959; x_wconf 81' lang='lat' dir='ltr'><strong>juratos</strong></span> <span class='ocrx_word' id='word_1_255' title='bbox 1122 3875 1340 3956; x_wconf 88' lang='lat' dir='ltr'><strong>adjudicatum</strong></span> <span class='ocrx_word' id='word_1_256' title='bbox 1365 3874 1467 3956; x_wconf 90' lang='lat' dir='ltr'><strong>pridie</strong></span> 
     </span>
     <span class='ocr_line' id='line_1_33' title="bbox 204 3981 1468 4068; baseline -0.002 -25"><span class='ocrx_word' id='word_1_257' title='bbox 204 3981 278 4046; x_wconf 88' lang='lat' dir='ltr'><strong>leria</strong></span> <span class='ocrx_word' id='word_1_258' title='bbox 301 3999 389 4047; x_wconf 86' lang='lat' dir='ltr'><strong>sexta</strong></span> <span class='ocrx_word' id='word_1_259' title='bbox 414 3984 560 4067; x_wconf 88' lang='lat' dir='ltr'><strong>proxima</strong></span> <span class='ocrx_word' id='word_1_260' title='bbox 577 3998 649 4068; x_wconf 90' lang='lat' dir='ltr'><strong>post</strong></span> <span class='ocrx_word' id='word_1_261' title='bbox 665 3983 782 4046; x_wconf 82' lang='lat' dir='ltr'><strong>testum</strong></span> <span class='ocrx_word' id='word_1_262' title='bbox 809 3985 892 4047; x_wconf 88' lang='lat' dir='ltr'><strong>beati</strong></span> <span class='ocrx_word' id='word_1_263' title='bbox 918 3984 1009 4046; x_wconf 87' lang='lat' dir='ltr'><strong>Pauli</strong></span> <span class='ocrx_word' id='word_1_264' title='bbox 1026 3983 1122 4066; x_wconf 90' lang='lat' dir='ltr'><strong>primi</strong></span> <span class='ocrx_word' id='word_1_265' title='bbox 1148 3982 1313 4044; x_wconf 88' lang='lat' dir='ltr'><strong>Heremite</strong></span> <span class='ocrx_word' id='word_1_266' title='bbox 1331 3981 1468 4062; x_wconf 90' lang='lat' dir='ltr'><strong>prestitit</strong></span> 
     </span>
     <span class='ocr_line' id='line_1_34' title="bbox 205 4087 1467 4173; baseline -0.002 -24"><span class='ocrx_word' id='word_1_267' title='bbox 205 4103 234 4151; x_wconf 91' lang='lat' dir='ltr'><strong>et</strong></span> <span class='ocrx_word' id='word_1_268' title='bbox 256 4091 407 4173; x_wconf 88' lang='lat' dir='ltr'><strong>deposuit</strong></span> <span class='ocrx_word' id='word_1_269' title='bbox 432 4091 548 4153; x_wconf 91' lang='lat' dir='ltr'><strong>eodem</strong></span> <span class='ocrx_word' id='word_1_270' title='bbox 572 4089 671 4152; x_wconf 89' lang='lat' dir='ltr'><strong>modo</strong></span> <span class='ocrx_word' id='word_1_271' title='bbox 692 4093 774 4152; x_wconf 92' lang='lat' dir='ltr'><strong>sicut</strong></span> <span class='ocrx_word' id='word_1_272' title='bbox 798 4091 858 4152; x_wconf 88' lang='lat' dir='ltr'><strong>sibi</strong></span> <span class='ocrx_word' id='word_1_273' title='bbox 883 4089 943 4152; x_wconf 89' lang='lat' dir='ltr'><strong>luit</strong></span> <span class='ocrx_word' id='word_1_274' title='bbox 960 4089 1191 4172; x_wconf 86' lang='lat' dir='ltr'><strong>adjudIcatum,</strong></span> <span class='ocrx_word' id='word_1_275' title='bbox 1216 4087 1304 4169; x_wconf 91' lang='lat' dir='ltr'><strong>quod</strong></span> <span class='ocrx_word' id='word_1_276' title='bbox 1330 4087 1395 4168; x_wconf 89' lang='lat' dir='ltr'><strong>ipse</strong></span> <span class='ocrx_word' id='word_1_277' title='bbox 1414 4106 1467 4168; x_wconf 94' lang='lat' dir='ltr'><strong>pe·</strong></span> 
     </span>
     <span class='ocr_line' id='line_1_35' title="bbox 205 4193 1468 4280; baseline -0.002 -24"><span class='ocrx_word' id='word_1_278' title='bbox 205 4197 311 4260; x_wconf 86' lang='lat' dir='ltr'><strong>eunias</strong></span> <span class='ocrx_word' id='word_1_279' title='bbox 335 4198 436 4280; x_wconf 90' lang='lat' dir='ltr'><strong>ipsius</strong></span> <span class='ocrx_word' id='word_1_280' title='bbox 461 4196 611 4280; x_wconf 89' lang='lat' dir='ltr'><strong>Gregorii</strong></span> <span class='ocrx_word' id='word_1_281' title='bbox 636 4217 702 4260; x_wconf 91' lang='lat' dir='ltr'><strong>non</strong></span> <span class='ocrx_word' id='word_1_282' title='bbox 726 4198 945 4277; x_wconf 82' lang='lat' dir='ltr'><strong>subtraxisset,</strong></span> <span class='ocrx_word' id='word_1_283' title='bbox 969 4195 1024 4258; x_wconf 89' lang='lat' dir='ltr'><strong>sed</strong></span> <span class='ocrx_word' id='word_1_284' title='bbox 1043 4197 1075 4258; x_wconf 92' lang='lat' dir='ltr'><strong>in</strong></span> <span class='ocrx_word' id='word_1_285' title='bbox 1100 4195 1190 4258; x_wconf 87' lang='lat' dir='ltr'><strong>totali</strong></span> <span class='ocrx_word' id='word_1_286' title='bbox 1215 4195 1346 4256; x_wconf 79' lang='lat' dir='ltr'><strong>achone</strong></span> <span class='ocrx_word' id='word_1_287' title='bbox 1369 4193 1468 4275; x_wconf 90' lang='lat' dir='ltr'><strong>ipsius</strong></span> 
     </span>
     <span class='ocr_line' id='line_1_36' title="bbox 205 4299 1466 4386; baseline -0.002 -24"><span class='ocrx_word' id='word_1_288' title='bbox 205 4300 262 4365; x_wconf 89' lang='lat' dir='ltr'><strong>luit</strong></span> <span class='ocrx_word' id='word_1_289' title='bbox 286 4304 448 4383; x_wconf 91' lang='lat' dir='ltr'><strong>innoxius,</strong></span> <span class='ocrx_word' id='word_1_290' title='bbox 473 4304 548 4366; x_wconf 92' lang='lat' dir='ltr'><strong>ideo</strong></span> <span class='ocrx_word' id='word_1_291' title='bbox 573 4305 678 4386; x_wconf 89' lang='lat' dir='ltr'><strong>ipsum</strong></span> <span class='ocrx_word' id='word_1_292' title='bbox 697 4303 899 4366; x_wconf 90' lang='lat' dir='ltr'><strong>Clementem</strong></span> <span class='ocrx_word' id='word_1_293' title='bbox 921 4303 1121 4366; x_wconf 91' lang='lat' dir='ltr'><strong>reddidimus</strong></span> <span class='ocrx_word' id='word_1_294' title='bbox 1146 4300 1229 4362; x_wconf 88' lang='lat' dir='ltr'><strong>lacto</strong></span> <span class='ocrx_word' id='word_1_295' title='bbox 1254 4301 1286 4362; x_wconf 91' lang='lat' dir='ltr'><strong>in</strong></span> <span class='ocrx_word' id='word_1_296' title='bbox 1311 4299 1466 4383; x_wconf 88' lang='lat' dir='ltr'><strong>premisso</strong></span> 
     </span>
     <span class='ocr_line' id='line_1_37' title="bbox 205 4410 399 4491; baseline 0.021 -23"><span class='ocrx_word' id='word_1_297' title='bbox 205 4410 399 4491; x_wconf 87' lang='lat' dir='ltr'><strong>expeditum.</strong></span> 
     </span>
    </p>

    <p class='ocr_par' dir='ltr' id='par_1_9' title="bbox 203 4513 1466 5131">
     <span class='ocr_line' id='line_1_38' title="bbox 307 4513 1466 4599; baseline -0.004 -21"><span class='ocrx_word' id='word_1_298' title='bbox 307 4517 386 4580; x_wconf 88' lang='lat' dir='ltr'><strong>Item</strong></span> <span class='ocrx_word' id='word_1_299' title='bbox 411 4517 487 4599; x_wconf 91' lang='lat' dir='ltr'><strong>quia</strong></span> <span class='ocrx_word' id='word_1_300' title='bbox 512 4516 673 4598; x_wconf 90' lang='lat' dir='ltr'><strong>Georgius</strong></span> <span class='ocrx_word' id='word_1_301' title='bbox 705 4515 846 4598; x_wconf 82' lang='lat' dir='ltr'><strong>pellifex,</strong></span> <span class='ocrx_word' id='word_1_302' title='bbox 878 4515 1009 4596; x_wconf 89' lang='lat' dir='ltr'><strong>juratus,</strong></span> <span class='ocrx_word' id='word_1_303' title='bbox 1034 4513 1120 4577; x_wconf 89' lang='lat' dir='ltr'><strong>filius</strong></span> <span class='ocrx_word' id='word_1_304' title='bbox 1149 4514 1313 4596; x_wconf 87' lang='lat' dir='ltr'><strong>Stephani,</strong></span> <span class='ocrx_word' id='word_1_305' title='bbox 1345 4513 1466 4595; x_wconf 85' lang='lat' dir='ltr'><strong>juratus</strong></span> 
     </span>
     <span class='ocr_line' id='line_1_39' title="bbox 205 4621 1464 4703; baseline -0.003 -19"><span class='ocrx_word' id='word_1_306' title='bbox 205 4637 309 4685; x_wconf 89' lang='lat' dir='ltr'><strong>noster</strong></span> <span class='ocrx_word' id='word_1_307' title='bbox 333 4623 521 4703; x_wconf 87' lang='lat' dir='ltr'><strong>modernus,</strong></span> <span class='ocrx_word' id='word_1_308' title='bbox 544 4623 577 4685; x_wconf 95' lang='lat' dir='ltr'><strong>id</strong></span> <span class='ocrx_word' id='word_1_309' title='bbox 596 4643 668 4685; x_wconf 89' lang='lat' dir='ltr'><strong>cum</strong></span> <span class='ocrx_word' id='word_1_310' title='bbox 685 4621 857 4685; x_wconf 80' lang='lat' dir='ltr'><strong>sufficienti</strong></span> <span class='ocrx_word' id='word_1_311' title='bbox 879 4637 909 4684; x_wconf 92' lang='lat' dir='ltr'><strong>et</strong></span> <span class='ocrx_word' id='word_1_312' title='bbox 932 4621 1097 4703; x_wconf 88' lang='lat' dir='ltr'><strong>fidedigno</strong></span> <span class='ocrx_word' id='word_1_313' title='bbox 1113 4635 1178 4682; x_wconf 90' lang='lat' dir='ltr'><strong>tam</strong></span> <span class='ocrx_word' id='word_1_314' title='bbox 1203 4621 1341 4682; x_wconf 91' lang='lat' dir='ltr'><strong>aliorum</strong></span> <span class='ocrx_word' id='word_1_315' title='bbox 1366 4638 1464 4703; x_wconf 91' lang='lat' dir='ltr'><strong>quam</strong></span> 
     </span>
     <span class='ocr_line' id='line_1_40' title="bbox 205 4725 1466 4809; baseline -0.002 -19"><span class='ocrx_word' id='word_1_316' title='bbox 205 4743 386 4792; x_wconf 90' lang='lat' dir='ltr'><strong>nostrorum</strong></span> <span class='ocrx_word' id='word_1_317' title='bbox 412 4729 593 4792; x_wconf 89' lang='lat' dir='ltr'><strong>concivium</strong></span> <span class='ocrx_word' id='word_1_318' title='bbox 618 4729 806 4792; x_wconf 92' lang='lat' dir='ltr'><strong>testimonio</strong></span> <span class='ocrx_word' id='word_1_319' title='bbox 840 4729 971 4790; x_wconf 88' lang='lat' dir='ltr'><strong>insede</strong></span> <span class='ocrx_word' id='word_1_320' title='bbox 1002 4741 1109 4789; x_wconf 91' lang='lat' dir='ltr'><strong>nostra</strong></span> <span class='ocrx_word' id='word_1_321' title='bbox 1134 4727 1300 4809; x_wconf 81' lang='lat' dir='ltr'><strong>judiciaria</strong></span> <span class='ocrx_word' id='word_1_322' title='bbox 1325 4725 1409 4788; x_wconf 89' lang='lat' dir='ltr'><strong>clare</strong></span> <span class='ocrx_word' id='word_1_323' title='bbox 1434 4739 1466 4788; x_wconf 93' lang='lat' dir='ltr'><strong>et</strong></span> 
     </span>
     <span class='ocr_line' id='line_1_41' title="bbox 204 4833 1464 4919; baseline -0.002 -23"><span class='ocrx_word' id='word_1_324' title='bbox 204 4839 319 4899; x_wconf 89' lang='lat' dir='ltr'><strong>seriose</strong></span> <span class='ocrx_word' id='word_1_325' title='bbox 344 4857 452 4900; x_wconf 91' lang='lat' dir='ltr'><strong>coram</strong></span> <span class='ocrx_word' id='word_1_326' title='bbox 478 4838 572 4900; x_wconf 89' lang='lat' dir='ltr'><strong>nobis</strong></span> <span class='ocrx_word' id='word_1_327' title='bbox 595 4837 691 4898; x_wconf 90' lang='lat' dir='ltr'><strong>hodie</strong></span> <span class='ocrx_word' id='word_1_328' title='bbox 716 4836 949 4919; x_wconf 89' lang='lat' dir='ltr'><strong>comprobavit,</strong></span> <span class='ocrx_word' id='word_1_329' title='bbox 979 4849 1013 4896; x_wconf 93' lang='lat' dir='ltr'><strong>ut</strong></span> <span class='ocrx_word' id='word_1_330' title='bbox 1044 4834 1121 4895; x_wconf 91' lang='lat' dir='ltr'><strong>dum</strong></span> <span class='ocrx_word' id='word_1_331' title='bbox 1147 4834 1301 4897; x_wconf 90' lang='lat' dir='ltr'><strong>discretus</strong></span> <span class='ocrx_word' id='word_1_332' title='bbox 1326 4833 1464 4895; x_wconf 90' lang='lat' dir='ltr'><strong>condam</strong></span> 
     </span>
     <span class='ocr_line' id='line_1_42' title="bbox 204 4941 1465 5025; baseline -0.002 -24"><span class='ocrx_word' id='word_1_333' title='bbox 204 4943 251 5004; x_wconf 90' lang='lat' dir='ltr'><strong>vir</strong></span> <span class='ocrx_word' id='word_1_334' title='bbox 275 4944 429 5006; x_wconf 89' lang='lat' dir='ltr'><strong>domiuus</strong></span> <span class='ocrx_word' id='word_1_335' title='bbox 454 4943 623 5005; x_wconf 88' lang='lat' dir='ltr'><strong>Ladislaus</strong></span> <span class='ocrx_word' id='word_1_336' title='bbox 646 4943 801 5025; x_wconf 90' lang='lat' dir='ltr'><strong>presbiter</strong></span> <span class='ocrx_word' id='word_1_337' title='bbox 826 4942 915 5025; x_wconf 89' lang='lat' dir='ltr'><strong>olym</strong></span> <span class='ocrx_word' id='word_1_338' title='bbox 932 4941 1090 5024; x_wconf 89' lang='lat' dir='ltr'><strong>plebanus</strong></span> <span class='ocrx_word' id='word_1_339' title='bbox 1114 4941 1246 5003; x_wconf 89' lang='lat' dir='ltr'><strong>ecclesie</strong></span> <span class='ocrx_word' id='word_1_340' title='bbox 1271 4941 1363 5002; x_wconf 88' lang='lat' dir='ltr'><strong>beate</strong></span> <span class='ocrx_word' id='word_1_341' title='bbox 1381 4943 1465 5000; x_wconf 80' lang='lat' dir='ltr'><strong>Ana-</strong></span> 
     </span>
     <span class='ocr_line' id='line_1_43' title="bbox 203 5048 1465 5131; baseline -0.002 -21"><span class='ocrx_word' id='word_1_342' title='bbox 203 5052 293 5113; x_wconf 89' lang='lat' dir='ltr'><strong>stasie</strong></span> <span class='ocrx_word' id='word_1_343' title='bbox 318 5053 349 5113; x_wconf 93' lang='lat' dir='ltr'><strong>in</strong></span> <span class='ocrx_word' id='word_1_344' title='bbox 377 5052 525 5112; x_wconf 87' lang='lat' dir='ltr'><strong>Zanabor</strong></span> <span class='ocrx_word' id='word_1_345' title='bbox 549 5051 580 5111; x_wconf 90' lang='lat' dir='ltr'><strong>in</strong></span> <span class='ocrx_word' id='word_1_346' title='bbox 605 5051 754 5112; x_wconf 88' lang='lat' dir='ltr'><strong>extremis</strong></span> <span class='ocrx_word' id='word_1_347' title='bbox 786 5051 847 5111; x_wconf 92' lang='lat' dir='ltr'><strong>vite</strong></span> <span class='ocrx_word' id='word_1_348' title='bbox 873 5068 929 5111; x_wconf 91' lang='lat' dir='ltr'><strong>sue</strong></span> <span class='ocrx_word' id='word_1_349' title='bbox 960 5048 1146 5131; x_wconf 88' lang='lat' dir='ltr'><strong>temporalis</strong></span> <span class='ocrx_word' id='word_1_350' title='bbox 1171 5049 1354 5125; x_wconf 90' lang='lat' dir='ltr'><strong>laborasset,</strong></span> <span class='ocrx_word' id='word_1_351' title='bbox 1389 5061 1465 5108; x_wconf 90' lang='lat' dir='ltr'><strong>tunc</strong></span> 
     </span>
    </p>
   </div>
   <div class='ocr_carea' id='block_1_3' title="bbox 0 0 1874 5786">
    <p class='ocr_par' dir='ltr' id='par_1_10' title="bbox 0 0 1874 5786">
     <span class='ocr_line' id='line_1_44' title="bbox 0 0 1874 5786; baseline 0 1"><span class='ocrx_word' id='word_1_352' title='bbox 0 0 1874 5786; x_wconf 95' lang='lat' dir='ltr'><strong> </strong></span> 
     </span>
    </p>
   </div>
  </div>
 </body>
</html>
