3644 5788
517 553 520 557 '
571 543 661 602 Anno
678 539 771 620 1458.
798 576 840 586 —
865 556 913 620 14.
937 539 1054 616 aprilis.
1386 559 1446 621 147

283 755 361 817 Item
389 755 536 816 Thomas
559 755 663 816 dictus
681 754 921 835 Seleznaglawa
947 769 977 813 et
1002 753 1025 813 F
1030 753 1199 830 ranciscus,
1224 752 1323 812 iidem
1339 753 1446 834 primo

176 862 261 924 citati
288 877 400 923 contra
426 861 589 922 Thomam
614 859 749 922 Cheden
775 879 840 922 non
865 872 1125 940 comparuerunt.

282 986 363 1048 Item
388 986 491 1047 lanko
524 1004 659 1066 arcupar
690 985 827 1066 prestitit
861 983 1080 1066 jurameutum
1113 995 1222 1045 contra
1255 981 1445 1045 Michaelem

177 1091 362 1176 pellificcm,
388 1090 538 1172 juratum,
570 1110 629 1173 pro
662 1090 801 1172 quadam
831 1089 969 1173 pecunia
1000 1089 1060 1150 sibi
1086 1090 1245 1151 subtracta
1270 1089 1303 1150 in
1329 1089 1446 1171 Bryne,

176 1199 264 1281 quod
290 1199 358 1280 ipse
384 1217 449 1259 non
475 1198 631 1259 subtraxit
654 1197 709 1259 sed
735 1211 781 1258 est
810 1196 977 1258 innocens.

281 1322 360 1384 Item
378 1321 541 1383 lohannes
559 1321 643 1384 tilius
668 1319 843 1402 Lamperth
861 1321 899 1382 de
918 1321 1050 1384 Petouia
1067 1319 1205 1403 prestitit
1228 1319 1445 1400 juramentum

176 1445 286 1492 contra
312 1429 505 1492 Michaelem
532 1428 716 1512 pellificem,
741 1428 893 1510 juratum,
918 1448 976 1512 pro
1001 1428 1140 1511 quadam
1164 1427 1300 1510 pecunia
1324 1428 1364 1489 ab
1390 1447 1443 1488 eo-

177 1536 251 1598 dem
270 1539 302 1598 in
328 1536 434 1619 Bryne
460 1537 629 1614 subtracta,
655 1535 743 1617 quod
769 1536 835 1618 ipse
854 1523 925 1596 *non
951 1534 1105 1598 subtraxit
1128 1534 1182 1596 sed
1208 1548 1256 1596 est
1279 1534 1443 1596 innocens.

284 1661 362 1722 ltem
373 1659 738 1722 Benedictusaurilaber
751 1661 856 1742 primo
870 1660 984 1722 citatus
1001 1673 1112 1723 contra
1131 1659 1295 1722 Thomam
1309 1659 1443 1722 Cheden

176 1787 242 1829 non
268 1767 462 1849 comparuit.

285 1874 363 1935 ltem
391 1873 519 1956 Radlyn
543 1873 656 1935 sartori
680 1875 727 1936 est
743 1873 963 1952 commissum,
988 1885 1022 1935 ut
1046 1873 1114 1955 ipse
1138 1872 1178 1934 de
1203 1871 1303 1934 domo
1328 1884 1359 1934 et
1375 1871 1446 1934 aliis

178 1981 438 2063 possessionibus
462 1979 592 2041 Martini
617 1977 732 2062 judicis
755 1979 914 2061 usquead
939 1980 1071 2042 terciam
1097 1979 1183 2041 diem
1208 1979 1324 2042 debeat
1347 1999 1379 2040 se
1397 1999 1444 2040 re·

179 2107 332 2164 movere;
367 2087 408 2148 de
440 2106 506 2168 quo
537 2085 658 2168 judicio
691 2085 778 2148 idern
810 2086 938 2170 Radlyn
972 2105 1037 2147 non
1070 2098 1241 2147 contentus
1273 2085 1447 2168 appellavit

178 2213 308 2256 causam
333 2194 374 2256 ad
398 2193 541 2256 seniores
564 2193 696 2275 judices.

285 2318 364 2380 Item
391 2318 534 2380 Marinus
558 2317 653 2400 judex
679 2317 757 2381 feria
781 2331 866 2380 sexta
895 2318 1040 2400 proxime
1064 2331 1196 2380 ventura
1222 2331 1331 2380 contra
1356 2317 1444 2400 Dyo·

178 2425 297 2487 nisium
319 2425 447 2486 racione
472 2425 684 2506 quarumdam
703 2445 808 2487 rerum
830 2423 971 2486 filiorum
989 2425 1127 2487 condam
1152 2424 1256 2488 Chwn
1280 2425 1440 2505 juramen·
1547 2451 1554 2474 ·

178 2546 246 2593 tum
272 2531 435 2614 deponere
461 2531 601 2594 debebit.

284 2655 364 2717 ltem
389 2656 530 2718 lacobus
547 2655 631 2718 filius
648 2656 732 2719 Petri
750 2656 866 2718 literati
891 2656 997 2738 primo
1014 2655 1128 2718 citatus
1145 2667 1255 2718 contra
1280 2657 1440 2719 Marinum

177 2761 317 2841 judicem
343 2782 409 2824 non
436 2763 627 2844 comparuit.

286 2885 363 2948 ltem
390 2888 464 2968 quia
489 2887 664 2950 Katherine
689 2887 797 2950 relicta
822 2887 961 2950 condam
986 2887 1141 2950 Johannis
1166 2887 1319 2950 institoris
1354 2887 1443 2971 olym

179 2994 321 3054 concivis
338 2994 450 3073 nostri,
474 2993 506 3055 id
531 3013 604 3056 cum
622 2991 793 3056 sufficienti
818 3007 848 3055 et
872 2991 1036 3075 fidediguo
1054 3007 1237 3056 nostrorum
1262 2994 1443 3056 concivium

177 3100 364 3163 testimonio
389 3101 488 3163 hodie
513 3101 546 3162 in
571 3101 646 3163 sede
672 3115 778 3164 nostra
797 3100 964 3182 judiciaria
990 3100 1072 3183 clare
1097 3101 1320 3183 comprobavit
1336 3121 1444 3164 coram

179 3208 284 3286 nobis,
308 3223 343 3269 ut
359 3208 437 3269 dum
457 3207 599 3290 prelatus
623 3207 786 3270 lohannes
804 3207 930 3268 institor
947 3207 979 3269 in
997 3209 1146 3270 extremis
1161 3208 1226 3270 vite
1248 3227 1304 3270 sue
1320 3221 1444 3290 tempo·

178 3313 256 3374 ralis
279 3314 465 3394 laborasset,
489 3327 565 3376 tunc
589 3315 657 3396 ipse
680 3313 813 3377 totalem
839 3314 974 3376 domum
998 3333 1089 3376 suam
1114 3327 1145 3376 et
1173 3311 1310 3376 fundum
1334 3333 1370 3376 ac
1394 3333 1444 3376 ce·

83 3461 86 3466 -
177 3419 295 3480 larium
327 3421 572 3482 subterraneum
604 3433 636 3482 et
666 3418 793 3482 edificia
825 3420 857 3480 in
892 3419 976 3480 dicta
1000 3421 1129 3482 civitate
1162 3420 1243 3482 inter
1267 3419 1383 3482 domos
1414 3433 1445 3482 et

178 3524 300 3587 fundos
323 3545 359 3588 ac
384 3525 509 3588 edificia
541 3527 601 3588 viri
633 3526 761 3609 providi
786 3526 953 3588 Michaelis
985 3524 1153 3607 freniparis
1184 3526 1309 3608 pridem
1340 3525 1445 3608 jurati,

179 3633 386 3714 concitisque
404 3633 515 3711 nostri,
533 3634 572 3694 ab
590 3653 653 3694 una
673 3631 822 3694 videlicet
846 3653 863 3694 a
880 3632 1086 3695 meridionali
1110 3646 1198 3714 parte
1216 3644 1247 3694 et
1270 3633 1445 3695 liberorum

177 3757 235 3799 seu
261 3757 480 3800 successorum
504 3738 564 3800 viri
590 3738 727 3800 condam
752 3738 880 3820 providi
899 3738 1065 3800 Benedicti
1090 3738 1174 3817 ruffi,
1199 3739 1381 3800 concivium
1405 3739 1445 3800 si·

178 3845 299 3906 militer
322 3858 517 3924 nostrorum,
541 3847 581 3907 ab
605 3845 667 3908 alia
684 3845 835 3908 videlicet
859 3867 876 3906 a
901 3845 1155 3928 septemtrionali
1180 3858 1279 3928 parte,
1304 3845 1445 3908 mediam

178 3953 212 4012 in
238 3964 307 4014 toto
331 3951 452 4013 curiam
477 3952 517 4013 ad
543 3971 636 4014 usum
661 3951 797 4014 civitatis
822 3952 854 4013 in
879 3972 912 4013 se
931 3953 1149 4015 continentem
1174 3971 1246 4014 cum
1271 3953 1337 4014 suis
1360 3952 1446 4014 utili·

177 4057 299 4120 tatibus
322 4072 353 4120 et
376 4058 584 4140 pertinenciis
608 4059 784 4136 universis3
810 4059 884 4120 item
903 4058 982 4120 alias
1003 4077 1117 4121 omnes
1141 4058 1358 4141 possessiones
1374 4077 1447 4119 suas

178 4163 287 4246 ipsum
310 4164 460 4227 videlicet
485 4164 665 4227 Johannem
691 4165 865 4227 literatorie
889 4180 1117 4228 concernentes
1134 4163 1255 4248 prefate
1272 4165 1445 4227 Katherine

177 4283 338 4352 protunc
362 4271 491 4333 mulieri
515 4291 571 4332 sue
596 4271 766 4353 legavisset
790 4270 858 4352 jure
892 4285 1048 4354 perpetuo
1073 4271 1285 4354 possidendas
1309 4285 1341 4334 et
1366 4291 1445 4353 quo-

177 4375 421 4460 modocumque
446 4378 585 4440 voluerit
609 4377 827 4460 disponendas
851 4377 938 4460 juxta
968 4378 1193 4440 condicionem
1218 4377 1354 4440 civitatis
1377 4397 1446 4460 pre-

177 4496 310 4560 notate;
335 4485 475 4566 ideoque
499 4504 558 4546 nos
582 4485 714 4547 totalem
741 4483 874 4546 domurn
900 4505 990 4546 suam
1015 4498 1045 4545 et
1064 4483 1154 4545 lundi
1180 4505 1215 4545 ac
1241 4485 1347 4546 celarii
1373 4485 1446 4544 sub·

176 4591 318 4651 terranei
344 4604 374 4651 et
406 4589 608 4652 edificiorum
640 4592 781 4652 mediam
812 4592 845 4652 in
878 4605 944 4652 toto
970 4591 1090 4651 curiam
1123 4591 1162 4651 ad
1194 4609 1285 4651 usum
1311 4591 1447 4651 civitatis

178 4694 322 4777 predicte
347 4696 379 4758 in
412 4716 445 4757 se
470 4710 505 4758 ut
536 4697 711 4779 predicitur
744 4697 973 4775 continentem,
1005 4716 1040 4758 ac
1065 4697 1143 4757 alias
1175 4715 1288 4757 omnes
1319 4715 1443 4778 posses-

177 4802 289 4862 siones
310 4822 382 4864 suas
406 4801 506 4864 modo
522 4803 677 4885 premisso
697 4803 757 4886 ipsi
783 4803 921 4864 Johanni
946 4803 1178 4880 incumbentes,
1203 4801 1301 4885 (cum)
1326 4801 1444 4863 utilita-

177 4907 269 4969 tibus
291 4921 321 4968 et
343 4908 551 4990 pertinenciis
575 4909 733 4970 universis
754 4909 860 4971 eidem
878 4909 1051 4970 Katherine
1077 4909 1204 4970 mulieri
1229 4909 1397 4970 statuimus
1415 4922 1445 4968 et

178 5011 442 5076 confirmavimus
466 5013 534 5095 jure
559 5029 716 5098 perpetuo
741 5029 772 5078 et
800 5015 1052 5078 irrevocabiliter
1075 5015 1285 5098 possidendas
1309 5027 1340 5076 et
1365 5033 1445 5096 quo·

1336 5119 1352 5158 s
