3644 5788
559 575 645 632 Anno
670 585 760 652 1459·
786 607 827 620 -
853 589 899 652 14.
923 575 1081 636 decembris.
1399 575 1458 638 811

198 805 252 866 per
277 785 420 847 eundem
439 785 594 846 Iacobum
612 785 776 866 Eberspek
801 799 832 846 et
848 785 968 866 juratos
991 785 1146 864 eiusdem,
1172 788 1345 868 exquibus
1370 791 1464 850 rebus

195 911 249 973 per
274 891 537 952 commissionem
563 890 700 951 condam
726 890 850 951 domini
876 890 1028 951 Friderici
1058 892 1185 952 comitis
1209 892 1294 955 Cilie
1319 907 1378 956 etc.
1404 915 1462 977 pro

195 998 432 1080 quinquaginta
457 997 526 1060 flor.
559 997 684 1079 aliquas
715 997 891 1060 vendentes
915 998 1019 1060 eidem
1053 998 1182 1061 Thome
1209 1001 1346 1063 institori
1370 1003 1460 1064 satis-

195 1103 376 1165 faccionem
402 1103 637 1186 inpenderunt;
662 1117 692 1165 et
717 1105 792 1186 quia
817 1105 947 1166 tandem
972 1103 1113 1186 prelatus
1130 1106 1281 1168 dominus
1306 1109 1463 1170 MartInus

195 1229 303 1272 comes
328 1211 491 1292 quendam
517 1209 674 1272 famulum
700 1229 806 1288 suurn,
831 1211 886 1292 qui
905 1211 964 1292 ipsi
987 1209 1116 1272 Thome
1142 1211 1320 1294 dampnum
1346 1212 1462 1276 fecerat

195 1335 252 1398 pro
279 1335 347 1398 quo
372 1316 439 1398 ipse
463 1314 602 1398 prelatas
626 1336 675 1376 res
695 1329 898 1395 arestaverat,
916 1315 1039 1397 prelato
1064 1317 1173 1378 comiti
1200 1317 1283 1379 Cilic
1307 1333 1461 1400 tanquam

194 1443 285 1484 reum
306 1423 523 1504 assignaverat
546 1435 577 1484 et
601 1423 668 1503 ipse
686 1423 824 1484 eundem
850 1421 967 1484 habere
994 1423 1097 1484 noluit
1114 1424 1168 1483 sed
1192 1423 1298 1486 solum
1323 1424 1461 1487 satisfac-

196 1531 324 1590 cionem
359 1529 565 1611 premissam,
598 1529 672 1590 ideo
705 1548 867 1590 successor
898 1549 974 1590 suus
1006 1529 1092 1610 ipsos
1124 1529 1357 1611 quinquaginta
1391 1530 1459 1594 flor.

195 1635 271 1716 ipsis
297 1635 484 1696 hominibus
507 1635 640 1696 reddere
665 1635 771 1713 debet,
795 1654 958 1696 successor
975 1635 1076 1696 eciam
1101 1635 1200 1716 ipsius
1219 1637 1329 1698 Jacobi
1346 1636 1462 1718 judicis

196 1761 233 1803 ex
259 1761 327 1823 quo
351 1761 448 1824 super
471 1741 655 1802 residuitate
686 1741 785 1823 ipsius
816 1742 953 1823 pecunie
978 1760 1050 1803 cum
1083 1740 1194 1822 juratis
1217 1742 1461 1824 expedicionem

195 1863 225 1909 et
249 1848 377 1909 literam
404 1847 636 1929 expeditoriam
662 1847 785 1908 nullam
811 1847 886 1908 dare
903 1847 1019 1929 potuit,
1044 1847 1118 1908 ideo
1143 1846 1235 1928 jurati
1261 1847 1339 1910 feria
1364 1849 1460 1910 tercia

194 1954 343 2036 proxime
367 1967 501 2016 ventura
526 1953 742 2034 juramentum
776 1952 938 2034 deponere
964 1953 1138 2033 debebunt,
1163 1955 1251 2036 quod
1276 1955 1335 2036 ipsi
1361 1955 1459 2017 nichil

193 2061 329 2122 omniuo
355 2059 394 2120 de
420 2061 487 2142 ipsa
520 2059 704 2122 residuitate
738 2057 860 2142 prefate
893 2059 1030 2142 pecunie
1054 2079 1113 2122 nec
1145 2059 1305 2122 derebus
1336 2061 1459 2142 aliquid

193 2179 419 2250 perceperunt,
445 2185 510 2248 quo
527 2165 676 2248 deposito
701 2163 842 2247 prefatus
858 2185 1021 2228 successor
1046 2167 1146 2248 ipsius
1170 2167 1281 2228 Jacobi
1298 2167 1460 2250 Eberspek

193 2274 383 2356 premissam
409 2271 628 2334 residuitatem
653 2272 752 2353 ipsius
776 2272 913 2354 pecunie
934 2271 1083 2334 videlicet
1107 2272 1240 2334 XXXIII
1265 2271 1334 2336 flor.
1360 2274 1459 2356 depo-

193 2399 269 2441 nere
295 2392 327 2440 et
351 2378 532 2460 persolvere
557 2377 704 2454 debebit;
734 2377 773 2438 de
805 2397 868 2458 qua
901 2377 1144 2458 adjudicatione
1176 2377 1353 2460 juratorum
1387 2399 1457 2462 pre·

194 2485 249 2548 fati
275 2504 476 2547 successores
500 2497 563 2544 tarn
597 2483 696 2564 ipsius
728 2483 837 2544 Jacobi
864 2483 1027 2566 Eberspek
1059 2503 1155 2566 quam
1181 2483 1296 2566 prefati
1328 2484 1457 2547 Thome

193 2592 350 2654 institoris
368 2611 432 2652 nou
450 2590 591 2652 contenti
614 2590 852 2670 ipsamcausam
870 2589 1061 2652 adseniores
1074 2589 1196 2672 judices
1204 2590 1457 2672 appellaverunt.

303 2698 381 2760 Item
406 2698 597 2774 notandum,
614 2696 703 2776 quod
721 2696 798 2756 dum
823 2715 925 2778 nuper
941 2695 1091 2758 videIIcet
1114 2694 1192 2757 feria
1208 2709 1294 2756 sexta
1311 2697 1457 2778 proxima

191 2819 264 2888 post
296 2802 412 2866 festum
437 2803 521 2865 beati
552 2802 678 2864 Nicolai
711 2801 901 2864 confessoris
930 2802 970 2864 ad
1003 2802 1165 2884 quendam
1191 2803 1333 2865 Blasium
1367 2804 1459 2865 Hun-

190 2929 307 2993 garum
325 2911 365 2971 de
384 2909 682 2990 Quinqueecclesiis
700 2927 755 2990 per
776 2909 905 2970 Petrum
922 2909 961 2969 de
987 2909 1108 2970 Bikzad
1125 2909 1340 2987 vulneratum,
1357 2929 1455 2991 quem

191 3019 308 3080 Petrus
338 3017 479 3078 concivis
509 3029 616 3078 noster
649 3016 690 3077 ad
721 3015 891 3078 dominum
920 3017 1040 3077 banum
1072 3015 1227 3092 ducebat,
1259 3015 1454 3096 Inquirendo

191 3127 232 3186 ab
259 3121 375 3186 eodem
400 3123 425 3184 si
450 3121 592 3204 prefatus
616 3122 727 3184 Petrus
754 3121 896 3183 concivis
928 3134 1036 3183 noster
1060 3121 1120 3182 sibi
1153 3121 1184 3181 in
1210 3121 1320 3202 aliquo
1345 3120 1453 3203 culpa·

191 3233 268 3295 bilis
292 3230 412 3310 luisset,
437 3230 696 3308 destinassemus,
720 3243 795 3291 tunc
826 3226 966 3311 prefatus
999 3227 1123 3290 Blasius
1149 3227 1322 3308 Hungarus
1353 3228 1459 3290 taliter

191 3337 412 3420 respondisset
436 3350 469 3398 ut
494 3336 561 3418 ipse
579 3337 690 3398 Petrus
714 3335 855 3398 concivis
880 3349 987 3396 noster
1012 3335 1072 3396 sibi
1091 3335 1121 3395 in
1148 3335 1215 3416 ipsa
1230 3335 1457 3398 vulneracione

191 3446 309 3507 necin
343 3444 454 3525 aliquo
479 3443 577 3504 nichil
610 3443 745 3505 omnino
779 3442 948 3524 culpabilis
979 3440 1089 3502 luisset
1119 3455 1149 3501 et
1181 3461 1240 3502 nec
1271 3455 1363 3520 esset,
1387 3442 1457 3502 red-

191 3551 302 3612 dendo
327 3550 432 3632 ipsum
457 3549 584 3631 penitus
608 3569 645 3610 ea
669 3550 797 3610 racione
822 3548 1018 3630 expeditum.

301 3656 378 3717 Item
411 3675 538 3716 causam
566 3655 646 3716 inter
680 3654 868 3716 Conradum
902 3655 1034 3714 Rawsar
1066 3654 1226 3715 senIorem
1256 3653 1396 3734 judicem
1427 3667 1458 3716 et

191 3762 380 3844 Philippum
412 3775 554 3824 autorem
587 3761 715 3823 racione
747 3761 913 3822 cuiusdam
948 3761 1045 3838 ictus,
1080 3780 1176 3841 quern
1210 3758 1284 3821 lecit
1316 3759 1456 3842 prelatus

191 3868 362 3951 Philippus
386 3889 481 3950 super
505 3869 610 3950 ipsum
625 3869 755 3929 Rawsar
772 3881 888 3930 eotunc
914 3868 944 3928 in
971 3887 1105 3948 persona
1123 3866 1238 3946 judicis
1256 3867 1457 3946 existentem,

189 3975 286 4054 jurati
311 3975 355 4036 sIc
380 3973 655 4055 adjudicaverunt,
680 3993 717 4035 ex
741 3993 806 4055 quo
833 3973 898 4054 ipse
923 3971 1082 4054 prelatum
1108 3973 1206 4033 ictum
1230 3992 1325 4054 super
1349 3973 1454 4054 ipsum

191 4079 280 4158 lecit,
305 4080 379 4142 ideo
404 4094 449 4141 est
473 4081 638 4142 convictus
662 4081 693 4141 in
718 4079 830 4140 decem
855 4079 969 4139 marcis
994 4079 1209 4139 denariorum.

301 4187 378 4248 Item
403 4186 569 4268 Wodopia
586 4206 687 4267 usque
711 4187 842 4248 terciam
864 4185 950 4246 diem
968 4185 1149 4246 honorabili
1175 4185 1308 4245 domino
1328 4184 1456 4245 Thonxe

191 4292 348 4374 Thornpa
366 4291 405 4352 de
422 4291 478 4352 XII
497 4293 602 4374 pensis
626 4292 832 4354 denariorum
850 4289 1103 4353 satisfaccionem
1130 4291 1225 4351 debet
1250 4289 1455 4371 impendere;

191 4399 233 4459 de
260 4417 325 4459 uno
349 4411 457 4458 autem
482 4397 551 4459 flor.
587 4417 682 4478 quem
715 4397 739 4458 si
768 4396 910 4480 prelatus
942 4396 1093 4457 dominus
1117 4396 1263 4458 Thomas
1287 4397 1397 4457 asserit
1420 4417 1453 4456 se

190 4505 298 4586 ipsum
324 4503 490 4585 Wodopia
524 4503 694 4585 obligasse,
727 4505 859 4586 Ipseque
892 4503 1057 4585 Wodopia
1093 4503 1268 4584 respondit,
1293 4523 1326 4564 se
1352 4504 1455 4584 ipsum

189 4611 264 4672 flor.
297 4629 353 4693 per
385 4611 571 4671 mandatum
604 4630 698 4671 suum
731 4611 935 4692 exposuisse,
965 4611 990 4670 si
1027 4608 1167 4692 prefatus
1198 4609 1362 4690 Wodopia
1396 4608 1456 4670 hoc

188 4719 403 4798 comprobare
427 4717 555 4799 poterit,
584 4730 661 4780 tunc
692 4717 798 4798 ipsum
830 4716 899 4778 flor.
933 4736 997 4778 non
1022 4716 1135 4794 solvet,
1170 4715 1218 4776 sin
1244 4731 1352 4776 autern
1378 4736 1455 4794 non,

188 4839 268 4883 tunc
294 4823 399 4904 ipsum
424 4823 573 4886 slmiliter
596 4823 778 4905 persolvere
804 4823 944 4885 debebit.

300 4929 376 4990 Item
403 4949 528 4990 causam
549 4931 630 4991 inter
655 4929 824 4991 domiuum
845 4929 1023 4989 barnabam
1050 4941 1080 4988 et
1098 4927 1267 4988 Nicolaum
1294 4927 1455 4986 medicum

191 5035 325 5097 racione
352 5036 517 5099 culusdam
544 5037 630 5122 porci
666 5057 721 5120 pcr
753 5037 857 5120 ipsum
884 5034 1053 5096 NIcolaum
1088 5034 1248 5094 medicum
1275 5033 1306 5092 in
1339 5033 1457 5113 (h)0rro
