3644 5788
372 562 432 643 164
731 563 817 620 Anno
839 557 931 640 1458.
957 595 999 605 -
1023 573 1069 638 17.
1097 561 1268 624 novembris.

473 774 549 836 Item
575 774 667 854 jurati
693 773 958 855 adjudicaverunt
984 793 1112 836 causam
1145 775 1226 836 inter
1250 773 1421 835 dominum
1447 775 1627 834 Barnabam

366 881 540 942 altaristam
565 893 596 942 et
620 881 763 942 Blasium
788 880 927 961 juratum
949 882 1076 943 racione
1093 881 1259 942 cuiusdam
1277 881 1416 962 terragii,
1441 881 1497 942 tali
1517 881 1628 958 modo,

367 1007 404 1048 ex
429 1006 494 1068 quo
519 987 607 1068 prius
630 984 772 1068 prefatus
798 987 922 1049 Blasius
944 986 1064 1068 juratus
1080 999 1265 1069 perceperat
1289 987 1376 1069 prius
1393 987 1559 1068 quoddam
1577 987 1632 1048 tri-

367 1094 464 1154 ticum
491 1094 531 1154 ab
556 1093 719 1175 aliquibus
737 1093 793 1174 qui
818 1092 943 1175 prelato
961 1092 1095 1155 domino
1110 1094 1255 1154 Barnabe
1272 1093 1303 1154 in
1328 1093 1396 1175 ipsa
1420 1107 1503 1154 terra
1520 1093 1632 1174 damp-

367 1219 444 1260 num
471 1196 621 1278 fecerant,
647 1198 708 1260 hoc
733 1199 800 1281 ipse
825 1199 950 1260 Blasius
974 1199 1014 1260 ad
1039 1199 1142 1282 ipsum
1160 1200 1334 1281 terragium
1360 1213 1567 1282 assumpmat,
1584 1219 1632 1260 re-

367 1307 494 1388 liquum
519 1325 595 1367 vero
620 1302 762 1388 prefatus
786 1305 939 1367 dominus
963 1306 1127 1367 Barnabas
1150 1305 1276 1368 solvere
1299 1319 1436 1369 tenetur.

474 1412 552 1474 ltem
589 1412 735 1474 Thomas
770 1425 880 1474 contra
914 1411 1112 1495 Stephanum
1148 1432 1303 1494 generum
1347 1413 1493 1496 Dyonisii
1527 1414 1633 1475 Rabar

367 1520 473 1602 primo
498 1520 612 1582 citatus
637 1539 701 1581 non
727 1520 917 1601 comparuit.

473 1626 552 1687 Item
570 1625 664 1706 jurati
681 1625 948 1707 adjudicaverunt
965 1645 1093 1688 causam
1112 1626 1194 1687 inter
1219 1625 1322 1688 Frane
1339 1626 1630 1688 molendinatorem

367 1747 398 1794 et
421 1733 611 1814 gargianum
635 1733 736 1794 sancti
770 1732 930 1794 Francisci
963 1733 1093 1794 racione
1125 1733 1342 1814 quorumdam
1376 1753 1545 1814 equorum,
1578 1734 1632 1795 tali

368 1839 478 1918 m0d0,
503 1839 592 1921 quod
610 1836 750 1921 prelatus
774 1839 878 1900 Frane
895 1837 1111 1920 juramentum
1134 1852 1249 1900 octavo
1273 1839 1325 1900 die
1351 1840 1383 1900 in
1407 1859 1446 1900 eo
1471 1840 1634 1923 deponere

369 1947 501 2008 habebit
523 1945 652 2028 propria
677 1945 710 2006 in
733 1965 881 2028 persona,
905 1959 941 2007 ut
964 1945 1030 2028 ipse
1064 1944 1205 2026 prefatos
1227 1965 1330 2028 equos
1353 1961 1384 2008 et
1408 1947 1514 2008 mulos
1538 1967 1635 2029 spon-

367 2067 461 2114 tanee
485 2072 544 2114 nec
568 2051 746 2113 secundum
771 2051 933 2113 maliciam
957 2071 1049 2113 suam
1074 2070 1138 2113 non
1164 2051 1331 2113 interfecit.

475 2159 553 2221 ltem
577 2158 670 2239 jurati
703 2158 969 2240 adjudicaverunt
1000 2177 1128 2220 causam
1160 2158 1242 2220 inter
1267 2159 1466 2221 Demetrium
1492 2178 1633 2222 rasorem

368 2277 400 2326 et
423 2265 544 2327 Lucam
569 2265 732 2344 claudum,
756 2277 923 2343 sartorem,
947 2265 1076 2326 racione
1100 2264 1317 2345 quorumdam
1341 2268 1515 2327 verborum
1541 2265 1634 2326 illici-

368 2386 487 2450 torum,
510 2373 567 2434 tali
591 2373 701 2450 modu,
726 2391 763 2434 ex
788 2392 855 2454 quo
879 2371 1102 2435 testimonium
1127 2371 1231 2454 ipsum
1257 2371 1457 2433 Demetrium
1482 2371 1633 2452 juratum,

368 2479 456 2560 quod
482 2479 567 2540 idem
592 2498 700 2540 coram
725 2478 846 2540 eisdem
871 2477 1033 2559 produxit,
1058 2497 1133 2539 eum
1154 2477 1267 2538 eadem
1291 2479 1388 2538 verba
1413 2497 1478 2538 non
1504 2477 1632 2556 dixisse,

369 2584 494 2646 salvum
518 2581 603 2664 fecit,
636 2584 709 2646 ideo
742 2582 883 2666 prefatus
907 2585 1010 2645 Lucas
1040 2597 1142 2646 sartor
1166 2583 1381 2664 juramentum
1414 2585 1446 2644 in
1470 2603 1510 2646 eo
1535 2584 1636 2667 depo-

369 2711 445 2752 nere
462 2690 605 2770 habebit,
629 2705 664 2752 ut
688 2691 755 2772 ipse
772 2689 897 2773 prelato
915 2690 1080 2752 Demetrio
1098 2690 1196 2750 rasori
1220 2689 1353 2771 aliquod
1372 2690 1551 2773 dampnum
1569 2711 1633 2753 non

369 2795 478 2860 intulit
490 2797 577 2879 quod
592 2797 679 2879 prius
696 2795 837 2880 prefatus
850 2797 1032 2858 Demetrius
1046 2809 1155 2858 contra
1169 2796 1274 2879 ipsum
1290 2798 1408 2858 Lucam
1421 2799 1634 2879 proponebat.

477 2903 553 2965 ltem
579 2902 672 2984 jurati
698 2903 963 2984 adjudicaverunt
987 2922 1113 2965 causam
1140 2903 1221 2964 inter
1239 2903 1459 2965 Sthankonem
1478 2904 1578 2965 Ribar
1604 2917 1634 2966 et

369 3008 578 3072 Valentinum
603 3009 778 3090 agricolam
802 3009 931 3071 racione
960 3008 1174 3090 quarumdam
1206 3010 1366 3070 securium
1391 3029 1448 3091 per
1471 3008 1633 3092 prelatum

369 3115 578 3177 Valentinum
595 3116 627 3176 in
652 3115 751 3177 domo
775 3136 830 3177 sua
848 3116 1044 3177 reclusarum
1069 3131 1099 3176 et
1116 3116 1204 3176 clave
1229 3115 1411 3196 assigna(ta)
1437 3117 1496 3198 ipsi
1516 3116 1632 3178 Sthan-

370 3222 458 3299 koni,
482 3221 690 3303 perditarum,
708 3222 763 3282 tali
788 3221 899 3299 modo,
924 3235 959 3283 ut
975 3219 1117 3303 prefatus
1133 3221 1324 3284 Valentinus
1341 3233 1455 3284 octavo
1480 3221 1533 3283 die
1551 3222 1635 3302 jura-

369 3340 515 3388 mentum
540 3327 702 3408 deponere
728 3326 858 3389 habebit
882 3327 914 3387 in
939 3347 989 3405 eo,
1014 3341 1172 3409 quantum
1191 3325 1314 3408 prefate
1339 3347 1466 3389 secures
1490 3348 1547 3390 sue
1565 3349 1636 3410 per-

370 3433 435 3494 dite
459 3433 648 3509 valuerunt3
666 3453 732 3515 quo
749 3433 909 3515 deposito,
934 3430 1075 3515 prefatus
1094 3433 1237 3495 Sthanko
1260 3435 1343 3517 ipsas
1359 3453 1486 3496 secures
1511 3435 1636 3498 solvere

369 3539 541 3602 tenebitur.

477 3644 555 3706 ltem
580 3645 772 3708 Valentinus
803 3648 944 3728 agricola
979 3660 1088 3709 contra
1119 3646 1313 3730 Dyonisium
1344 3648 1494 3730 Vodopia
1531 3649 1638 3730 primo

372 3749 486 3811 citatus
510 3770 574 3812 non
603 3752 792 3834 comparuit.

477 3856 554 3918 ltem
580 3857 717 3919 Mathias
741 3857 915 3940 pancherar
947 3873 1056 3921 contra
1086 3859 1259 3921 Martinum
1286 3859 1478 3941 Hungarum
1503 3863 1636 3924 racione

371 3963 588 4045 quorumdam
620 3965 784 4046 pullorum
817 3963 1059 4050 (juramentum)
1096 3965 1141 4026 uti
1173 3966 1234 4026 sibi
1268 3985 1325 4048 per
1357 3966 1476 4047 juratos
1509 3967 1638 4048 adjudi-

372 4083 476 4131 catum
501 4066 572 4148 fuit,
597 4070 758 4152 deposuit,
783 4085 814 4132 et
838 4071 911 4134 ideo
936 4071 1136 4133 reddidimus
1164 4073 1304 4134 eundem
1329 4073 1527 4156 expeditum.

479 4175 556 4237 ltem
592 4175 768 4260 Dyonisius
799 4177 949 4261 Vodopia
981 4192 1090 4240 contra
1122 4178 1296 4241 Martinum
1329 4179 1469 4262 judicem
1503 4183 1636 4246 racione

373 4282 589 4363 quorumdam
608 4281 835 4364 dampnorum,
859 4285 904 4346 uti
929 4299 994 4346 tam
1010 4304 1067 4367 per
1083 4284 1203 4366 juratos
1226 4306 1324 4368 quam
1348 4306 1405 4368 per
1428 4288 1571 4349 seniores
1588 4289 1638 4370 ju·

373 4388 460 4450 dices
491 4386 706 4468 juramentum
739 4389 785 4450 illi
817 4389 1034 4471 adjudicatum
1067 4387 1137 4468 fuit,
1170 4391 1329 4473 deposuit,
1362 4393 1435 4455 ideo
1469 4395 1639 4458 reddimus

373 4493 513 4555 eundem
539 4493 736 4576 expeditum.

481 4600 559 4662 ltem
583 4600 738 4663 Clemens
762 4601 852 4664 faber
882 4616 991 4665 contra
1024 4605 1200 4687 Symonem
1225 4625 1339 4668 cocum
1371 4605 1499 4669 racione
1531 4609 1639 4672 cuius-

375 4705 450 4768 dam
475 4705 673 4770 fideiussorie
691 4709 864 4788 cautionis,
882 4711 926 4772 uti
949 4709 1008 4772 sibi
1025 4730 1082 4791 per
1105 4710 1225 4792 juratos
1241 4712 1459 4794 adjudicatum
1477 4711 1539 4776 fuit
1555 4714 1640 4798 jura-

374 4825 518 4873 mentum
544 4812 702 4895 deposuit,
728 4828 758 4876 et
782 4815 856 4876 ideo
881 4816 1045 4877 reddimus
1071 4817 1210 4880 eundem
1235 4820 1430 4902 expeditum.

481 4917 557 4979 ltem
576 4919 668 5002 jurati
686 4919 951 5002 adjudicaverunt
967 4941 1095 4984 causam
1113 4925 1195 4986 inter
1212 4925 1447 5007 Margaretham
1465 4927 1639 4991 mulierem

376 5039 406 5086 et
430 5025 566 5086 Paulum
598 5039 740 5088 sutorem
772 5030 901 5090 racione
933 5029 1099 5092 cuiusdam
1128 5031 1293 5111 cicatricis,
1325 5032 1381 5095 tali
1412 5033 1523 5114 modu,
1549 5037 1640 5116 quod
