3838 5786
658 547 746 606 Anno
770 559 860 625 1472.
884 579 929 591 —
951 544 1004 609 28.
1020 547 1182 625 folmarii.
1485 569 1546 630 399

601 757 678 818 Item
703 757 856 820 Clemens
879 773 981 821 sartor
1004 759 1147 822 claudus.

600 861 678 924 Item
703 863 850 926 Thomas
875 867 1101 948 carpentarius.

600 969 678 1032 Item
704 971 841 1032 Iacobus
865 991 1027 1033 successor
1052 972 1184 1034 Pethko.

599 1077 676 1140 Item
702 1075 878 1159 Gregorius
903 1077 998 1140 irater
1023 1077 1147 1140 domini
1173 1077 1312 1140 Martini.

599 1183 677 1246 Item
703 1183 890 1246 Franciscus
914 1185 1142 1267 carpentarius.

598 1289 678 1351 Item
703 1290 821 1352 Paulus
844 1304 933 1352 sutor
956 1291 988 1352 in
1014 1290 1112 1352 domo
1138 1291 1275 1352 Keczlra.

599 1396 676 1458 Item
703 1397 833 1480 Mathey
857 1393 947 1464 faber
969 1417 1068 1478 gener
1092 1395 1269 1459 Clementis
1295 1394 1387 1460 fabri·

597 1501 674 1564 Item
700 1503 866 1566 Emericus
894 1505 1121 1586 carpentarius.

599 1610 675 1672 Item
702 1609 816 1672 Berlelr
842 1609 1006 1694 Chebych.

600 1717 676 1778 Item
703 1715 863 1798 Georqus
887 1730 976 1778 sutor
999 1717 1132 1778 meritus
1157 1717 1241 1779 Rose
1259 1717 1405 1798 pistricis.

599 1823 676 1885 Item
704 1821 864 1903 Georgius
888 1821 1038 1905 Irenipat.

599 1929 677 1990 Item
704 1929 827 1991 Blasius
850 1929 1040 2010 lutifigulus.

598 2036 676 2098 Item
702 2036 801 2117 Iurgh
826 2036 976 2102 carnifex.

600 2143 677 2204 Item
703 2143 791 2204 Jurse
818 2144 952 2208 Institor.

599 2248 677 2310 Item
703 2249 840 2310 Iacobus
864 2263 952 2311 sutor
975 2269 1073 2332 gener
1098 2249 1235 2332 Suskyn.

389 2409 466 2472 Item
491 2408 603 2492 prelati
620 2410 812 2472 ValentInus
837 2409 931 2490 judex
956 2425 987 2471 et
1012 2410 1104 2492 jurati
1133 2431 1168 2473 ac
1182 2411 1355 2472 consiliarii
1373 2431 1445 2471 cum
1471 2431 1545 2472 con·

282 2535 377 2577 sensu
401 2531 431 2578 et
455 2517 680 2578 commissione
705 2535 740 2577 ac
772 2516 916 2578 unanimi
934 2532 964 2578 et
990 2517 1141 2578 concordi
1166 2517 1330 2578 voluntate
1363 2530 1394 2578 et
1418 2517 1545 2578 decreto

283 2623 386 2684 tocius
410 2622 649 2684 communitatis
674 2622 783 2684 omnia
801 2622 926 2684 decreta
948 2637 979 2685 et
999 2637 1113 2686 statuta
1138 2637 1202 2684 tam
1228 2623 1259 2684 in
1285 2623 1423 2704 presenti
1449 2642 1545 2704 quam

283 2729 315 2789 In
341 2729 481 2811 antiquis
505 2727 662 2791 cathernis
690 2729 806 2792 nostris
827 2743 975 2792 contenta
1001 2745 1031 2791 et
1054 2731 1168 2812 scripta
1199 2730 1307 2810 quoad
1336 2749 1449 2791 omnes
1473 2729 1546 2790 arti-

283 2835 374 2897 culos
397 2847 429 2897 et
459 2849 576 2918 punctu
601 2855 636 2898 ac
661 2835 819 2897 clausulas
844 2835 1031 2898 eorumdem
1060 2849 1250 2898 statutorum
1282 2849 1312 2897 et
1345 2835 1545 2898 decretorum

283 2961 339 3025 per
363 2956 465 3005 totum
483 2962 604 3006 annum
622 2943 777 3026 presentis
793 2943 951 3023 judicatus
976 2943 1075 3025 ipsius
1100 2942 1261 3004 Valentini
1284 2942 1398 3023 judicis
1423 2955 1454 3004 et
1471 2960 1546 3003 con-

282 3063 454 3131 sequenter
477 3063 508 3111 et
531 3050 683 3132 deinceps
714 3049 781 3131 jure
814 3063 968 3132 perpetuo
1005 3063 1036 3110 et
1064 3048 1313 3111 irrevocabiliter
1337 3047 1546 3110 confirmave-

284 3169 357 3216 runt
380 3175 506 3237 semper
530 3156 665 3219 valitura
690 3169 721 3218 et
744 3175 871 3237 semper
894 3156 1104 3218 observanda.

356 3393 450 3467 letis
480 3403 577 3467 sexta
604 3395 755 3484 proxima
785 3403 859 3486 post
888 3395 1009 3468 festum
1039 3394 1128 3467 nenti
1158 3395 1293 3483 Mathye
1321 3395 1476 3482 apostoli,

759 3539 846 3591 anno
875 3519 1080 3609 supradicto.

791 3687 859 3770 (28.
876 3689 1058 3768 salmurii).

390 3847 467 3909 Item
501 3848 576 3929 quia
601 3846 744 3930 Gywrko
777 3861 865 3910 sutor
889 3849 985 3910 debet
1018 3867 1203 3931 comparere
1226 3849 1266 3909 ad
1292 3849 1431 3930 primum
1464 3847 1545 3928 judi-

284 3953 369 4014 cium
393 3967 503 4016 contra
529 3955 685 4016 Iacobum
710 3954 870 4036 Jakchych
896 3973 954 4036 pro
978 3955 1204 4016 verberacione
1230 3955 1337 4016 uxoris
1361 3974 1427 4016 sue.

390 4079 467 4140 Item
493 4079 569 4160 quie
594 4079 695 4140 Suslra
721 4093 830 4140 contra
856 4077 1090 4160 Margaretham
1120 4078 1225 4160 primo
1251 4079 1343 4140 citata
1369 4098 1434 4140 non
1460 4098 1545 4140 com-

284 4184 389 4266 peruit
414 4185 446 4246 io
471 4183 592 4266 judicto
617 4205 725 4247 coram
750 4186 853 4248 nobis.

391 4291 468 4354 Item
492 4293 568 4373 quia
592 4292 783 4354 Valentinus
803 4307 902 4370 sutor,
919 4291 1050 4374 juratus,
1076 4292 1180 4374 prImo
1198 4292 1311 4354 citatus
1335 4306 1444 4353 contra
1465 4293 1546 4353 Mar-

284 4397 387 4458 tinum
412 4397 452 4459 de
471 4397 650 4480 Schytario,
675 4399 714 4459 ad
740 4399 879 4480 primurn
898 4397 1053 4479 judicium
1072 4417 1257 4480 comparere
1274 4413 1399 4460 tenetur
1419 4399 1546 4459 racione

284 4505 450 4565 cuiusdam
475 4503 764 4568 dehonestacionis.

392 4610 468 4672 Item
502 4611 577 4692 quia
608 4610 779 4672 Francisco
811 4611 1028 4692 carpentarius
1060 4623 1186 4672 tenetur
1221 4629 1405 4691 comparere
1437 4621 1546 4670 contra

286 4717 399 4778 Berlek
424 4736 640 4779 successorem
667 4717 794 4778 Martini
820 4717 898 4778 olim
924 4716 1038 4799 judicis
1074 4717 1157 4778 dicte
1182 4716 1318 4777 civitatis
1342 4716 1381 4776 sd
1405 4716 1546 4798 prImum

284 4823 450 4906 judicium.

391 4931 467 4992 Item
494 4930 568 5012 quia
595 4929 771 5010 Gregorius
795 4927 926 5012 pellifex
948 4929 1153 5011 Wrabchych
1178 4930 1283 5012 prImo
1308 4928 1420 4990 citatus
1437 4941 1546 4988 contra

286 5037 438 5098 Mathiam
463 5049 616 5098 sartorem
643 5036 794 5098 claudum
821 5055 885 5097 non
912 5036 1091 5118 comparuit
1109 5056 1215 5098 coram
1241 5037 1334 5097 nobis
1360 5035 1391 5096 in
1416 5035 1546 5116 judicio.
