3644 5788
448 589 510 652 24²
851 576 937 634 Anno
960 571 1052 653 1463.
1077 608 1119 618 -
1143 571 1194 638 18.
1217 577 1309 652 santi.

447 785 535 866 quod
560 786 627 868 ipse
652 787 836 849 Anthonius
859 786 963 868 jurare
987 787 1148 850 tenebitur
1171 786 1328 850 solusmet
1349 785 1427 850 feria
1452 801 1538 850 sexta
1563 789 1695 870 proxima

447 893 479 954 in
503 912 558 954 ara
581 906 687 954 sancte
712 892 836 972 Crucis,
869 893 958 976 quod
986 894 1054 976 ipse
1086 892 1161 956 fecit
1184 913 1280 976 super
1304 895 1409 977 ipsum
1440 894 1606 975 sanguinis
1629 893 1695 956 effu·

446 999 582 1077 sionem,
613 1013 645 1062 et
675 1001 699 1062 si
723 1001 851 1082 jurabit,
882 1014 998 1064 extunc
1031 1001 1196 1064 convictus
1228 1015 1275 1064 est
1306 1002 1373 1084 ipse
1404 1002 1508 1072 Lucas
1538 1002 1570 1062 in
1595 1001 1695 1063 decem

447 1107 553 1188 pensis
577 1105 644 1168 leso
668 1120 699 1168 et
723 1109 763 1168 ad
787 1126 976 1170 communes
997 1127 1072 1169 usus
1096 1121 1225 1169 centum
1250 1107 1410 1170 denarios.

553 1213 630 1274 ltem
655 1233 782 1275 causam
816 1214 897 1276 inter
921 1213 1054 1276 Belkam
1086 1214 1126 1275 de
1150 1214 1329 1296 Pobressye
1360 1227 1391 1276 et
1423 1214 1505 1275 inter
1528 1229 1698 1276 consortem

447 1317 545 1380 filiam
572 1317 723 1402 Gerdyna
755 1320 884 1382 racione
916 1334 1074 1382 certarum
1107 1321 1290 1382 cicatricum
1327 1319 1416 1402 quod
1441 1321 1508 1403 ipsa
1534 1319 1598 1382 lilia
1630 1319 1699 1382 Ger-

448 1424 531 1508 dyna
548 1444 644 1506 super
668 1425 770 1507 ipsam
788 1426 920 1488 Belkam
940 1425 1024 1506 ipsas
1037 1427 1199 1488 cicatrices
1224 1425 1308 1505 fecit,
1325 1424 1462 1489 solamet
1478 1427 1510 1487 in
1535 1447 1589 1488 ara
1605 1439 1700 1488 sancte

447 1530 561 1592 Crucis
585 1530 689 1612 jurare
714 1533 885 1611 tenebitur,
910 1544 942 1592 et
972 1531 1050 1594 durn
1074 1531 1203 1615 jurabit,
1236 1547 1351 1595 extunc
1377 1533 1443 1616 ipsa
1467 1532 1533 1594 filia
1558 1533 1699 1616 Gerdyna

448 1638 592 1699 convicta
618 1651 664 1700 est
687 1652 797 1700 contra
816 1639 917 1719 ipsam
944 1639 1075 1700 Belicam
1101 1639 1261 1701 indecem
1287 1641 1393 1722 pensis
1409 1653 1440 1702 et
1464 1640 1496 1700 in
1521 1659 1701 1701 communes

447 1762 601 1825 expensas
625 1757 753 1806 centum
779 1744 937 1808 denarios.

510 1982 655 2054 Sabbata
684 1980 836 2072 proximo
864 1990 941 2072 post
968 1983 1091 2056 festum
1122 1983 1189 2056 Viti
1219 1993 1252 2056 et
1282 1981 1422 2056 Modesti
1450 1983 1642 2056 martirum.

984 2133 1048 2213 (18.
1064 2139 1171 2214 junia).

553 2277 630 2340 ltem
655 2297 783 2340 causam
810 2296 865 2359 per
890 2276 1069 2340 lobannem
1095 2277 1279 2361 Wenthych
1303 2291 1457 2340 sartorem
1480 2296 1554 2339 cum
1579 2277 1704 2338 Vrbano

446 2403 566 2466 genero
591 2404 650 2446 suo
668 2384 810 2446 habitam
828 2398 859 2446 et
875 2403 931 2466 per
951 2383 1070 2465 juratos
1097 2383 1312 2465 adjudicatam
1338 2385 1424 2447 etad
1442 2385 1585 2448 seniores
1602 2383 1706 2466 appel·
1813 2431 1815 2468 ,

446 2491 544 2553 latam
568 2490 700 2573 judices,
724 2491 866 2553 seniores
890 2490 1011 2572 judices
1027 2491 1143 2554 eodem
1168 2494 1267 2553 modo
1292 2490 1517 2573 adjudicarunt
1541 2505 1572 2554 et
1596 2487 1704 2553 confir·
1813 2471 1815 2478 ’

447 2612 574 2660 marunt
604 2598 685 2660 sicut
709 2598 769 2680 ipsi
800 2597 893 2679 jurati
926 2597 1198 2679 adjudicaverant,
1235 2598 1323 2680 quod
1355 2597 1563 2660 medietatem
1596 2597 1707 2659 domus
1813 2627 1815 2670 χ

1814 2671 1815 2700 t

1813 2709 1815 2744 l

1813 2745 1815 2780 t

446 2726 544 2787 quam
576 2705 682 2768 eidem
713 2706 844 2767 Vrbano
868 2725 942 2766 curn
974 2703 1038 2766 filia
1070 2725 1126 2766 sua
1159 2705 1235 2767 dare
1267 2704 1426 2787 promisit,
1458 2723 1494 2766 ac
1519 2704 1631 2765 omnia
1654 2701 1705 2764 illa

446 2813 646 2889 vestimenta,
664 2831 727 2894 que
751 2825 896 2894 tempore
914 2811 1134 2894 copulacionis
1154 2811 1300 2873 eiusdem
1316 2809 1381 2873 filie
1397 2830 1454 2872 sue
1478 2808 1710 2872 demonstravit

447 2933 478 2982 et
500 2919 607 2981 eidem
631 2918 707 2981 dare
731 2917 890 3000 promisit,
915 2917 990 2978 dare
1014 2904 1175 2980 tenebitur
1199 2931 1230 2978 et
1254 2930 1300 2979 est
1325 2916 1497 2997 obligatus.

552 3043 630 3104 ltem
647 3062 776 3104 causam
801 3043 883 3104 inter
900 3041 1113 3104 Benedictum
1130 3039 1328 3103 aurifabrum
1352 3054 1383 3101 et
1403 3039 1485 3102 inter
1501 3039 1708 3101 Valentinum

449 3149 616 3232 Marysych
650 3162 680 3210 et
712 3149 896 3210 Emericum
930 3146 1152 3231 Sydowchych
1195 3147 1335 3226 dictum,
1367 3146 1496 3208 racione
1528 3147 1625 3208 vinee
1657 3164 1710 3228 per

447 3255 552 3336 ipsum
577 3255 786 3316 Benedictum
812 3255 871 3336 ipsi
895 3255 1044 3316 Emerico
1069 3253 1197 3315 vendite
1214 3266 1246 3316 et
1268 3273 1325 3336 per
1348 3252 1489 3316 eundern
1502 3251 1711 3315 Valentinum

448 3360 616 3444 Marysych
641 3374 775 3424 arestate
812 3375 842 3421 et
866 3361 1041 3443 redempte,
1073 3360 1215 3422 seniores
1239 3358 1360 3441 judices
1384 3359 1580 3421 invenerunt
1604 3371 1637 3420 et
1659 3357 1712 3419 ad·

444 3466 635 3549 judicarunt,
666 3468 755 3550 quod
786 3469 853 3550 ipse
886 3467 1051 3529 Emericus
1082 3468 1114 3529 in
1147 3467 1210 3529 illis
1241 3487 1295 3528 sex
1326 3465 1395 3530 flor.
1421 3467 1501 3546 auri,
1533 3485 1618 3548 quos
1644 3465 1710 3547 ipse

447 3573 639 3636 Benedictus
669 3574 798 3635 racione
830 3573 954 3636 culture
986 3573 1131 3636 eiusdem
1164 3573 1256 3634 vinee
1288 3572 1394 3634 eidem
1427 3571 1580 3634 Emerico
1607 3570 1713 3646 solvit,

446 3680 622 3742 contentari
648 3680 754 3759 debet,
785 3679 840 3741 sed
867 3679 934 3762 ipse
968 3680 1134 3741 Emericus
1163 3677 1386 3762 Sydowchych
1418 3678 1524 3760 jurare
1547 3677 1712 3741 tenebitur

446 3787 478 3848 in
502 3765 556 3849 ara
580 3800 686 3849 sancte
711 3787 824 3849 Crucis
848 3787 1002 3848 solusmet
1026 3785 1104 3849 feria
1124 3800 1210 3848 sexta
1235 3799 1307 3868 post
1331 3785 1587 3868 Deposicionem
1611 3782 1711 3846 sancti

447 3891 587 3953 Ladislai
606 3893 698 3972 regis,
722 3892 838 3971 taliter,
855 3905 1011 3974 quantum
1031 3893 1098 3974 ipse
1115 3891 1227 3954 habuit
1251 3891 1398 3973 quolibet
1422 3911 1509 3953 anno
1526 3910 1596 3973 quo
1616 3890 1715 3973 ipsam

446 3999 574 4061 vineam
602 3999 743 4082 possedit
768 4013 799 4061 et
822 3999 935 4077 tenuit,
960 3999 999 4059 de
1024 3998 1081 4061 illo
1103 3999 1180 4061 vino
1204 3999 1272 4081 ipse
1294 3998 1462 4060 Emericus
1486 3994 1715 4080 Sydowchycb

447 4106 650 4168 medietatem
677 4105 854 4166 secundum
879 4105 1121 4166 estimacionem
1144 4103 1386 4166 communitatis
1403 4103 1541 4185 qualiter
1567 4103 1717 4184 quolibet

446 4231 531 4273 anno
555 4211 753 4274 vendebatur
785 4225 939 4288 mustum,
972 4211 1077 4272 eidem
1108 4210 1284 4272 Benedicto
1317 4209 1393 4271 dare
1417 4223 1448 4271 et
1472 4209 1602 4271 solvere
1626 4223 1714 4270 tene-

446 4319 541 4397 bitur,
566 4319 597 4380 in
623 4319 685 4380 alia
710 4332 816 4380 autern
841 4318 1012 4380 medietate
1037 4317 1113 4380 dicti
1138 4318 1205 4379 vini
1230 4319 1296 4400 ipse
1328 4317 1493 4378 Emericus
1517 4336 1579 4398 pro
1606 4317 1717 4378 labore

445 4445 503 4486 suo
529 4444 693 4486 remanere
718 4439 749 4486 et
773 4425 950 4487 contentari
976 4424 1082 4504 debet,
1106 4425 1240 4506 ipseque
1268 4423 1460 4485 Valentinus
1483 4421 1660 4506 Marysych
1685 4419 1716 4482 in

446 4529 578 4613 pacifico
603 4531 749 4593 dominio
774 4550 939 4593 remanere
964 4531 1070 4593 debet.

552 4637 629 4698 ltem
653 4657 782 4698 causam
815 4637 897 4698 inter
929 4637 1104 4699 Martinum
1129 4636 1269 4718 judicem
1304 4651 1335 4698 et
1359 4637 1576 4699 Benedicturn
1602 4632 1718 4699 aurifa-

446 4745 538 4804 brum
563 4743 691 4805 racione
723 4743 925 4826 depastionis
949 4743 1052 4822 vinee,
1085 4763 1183 4826 quam
1208 4743 1274 4826 ipse
1307 4743 1435 4806 dicebat
1465 4763 1520 4827 per
1553 4741 1714 4806 famulum

445 4868 538 4910 suurn
572 4848 753 4930 depastam,
785 4849 927 4911 seniores
966 4849 1087 4930 judices
1118 4850 1223 4911 taliter
1261 4849 1488 4932 adjudicarunt
1515 4863 1547 4910 et
1583 4850 1713 4912 invene·

446 4969 530 5034 runt,
554 4956 641 5037 quod
674 4956 727 5017 ille
760 4954 899 5018 famulus
931 4957 1095 5018 Benedicti
1127 4956 1284 5018 solusmet
1315 4957 1347 5018 in
1380 4975 1433 5018 ara
1462 4969 1571 5018 sancte
1598 4955 1713 5017 Crucis

444 5060 523 5122 leria
546 5075 632 5123 sexta
657 5063 802 5145 proxima
833 5077 906 5145 post
937 5061 1053 5125 festum
1079 5063 1304 5146 Deposicionis
1335 5066 1435 5127 sancti
1461 5063 1606 5127 Ladislai
1633 5065 1714 5146 regia

1812 2095 1814 2176 l

1754 3223 1763 3238 ·
