<?xml version="1.0" encoding="UTF-8"?>
<!DOCTYPE html PUBLIC "-//W3C//DTD XHTML 1.0 Transitional//EN"
    "http://www.w3.org/TR/xhtml1/DTD/xhtml1-transitional.dtd">
<html xmlns="http://www.w3.org/1999/xhtml" xml:lang="en" lang="en">
 <head>
  <title>
</title>
<meta http-equiv="Content-Type" content="text/html;charset=utf-8" />
  <meta name='ocr-system' content='tesseract 3.04.00' />
  <meta name='ocr-capabilities' content='ocr_page ocr_carea ocr_par ocr_line ocrx_word'/>
</head>
<body>
  <div class='ocr_page' id='page_1' title='image "./monumentahistor13laszgoog_0485.png"; bbox 0 0 3838 5786; ppageno 0'>
   <div class='ocr_carea' id='block_1_1' title="bbox 714 482 1173 582">
    <p class='ocr_par' dir='ltr' id='par_1_1' title="bbox 714 482 1173 582">
     <span class='ocr_line' id='line_1_1' title="bbox 714 482 1173 582; baseline 0.004 -37"><span class='ocrx_word' id='word_1_1' title='bbox 714 488 799 545; x_wconf 85' lang='lat' dir='ltr'>Anno</span> <span class='ocrx_word' id='word_1_2' title='bbox 823 498 913 564; x_wconf 74' lang='lat'><em>1473.</em></span> <span class='ocrx_word' id='word_1_3' title='bbox 940 520 980 529; x_wconf 93' lang='lat'><em>-</em></span> <span class='ocrx_word' id='word_1_4' title='bbox 1006 482 1039 582; x_wconf 67' lang='lat'>8¹,</span> <span class='ocrx_word' id='word_1_5' title='bbox 1061 484 1173 546; x_wconf 82' lang='lat' dir='ltr'>martii.</span> 
     </span>
    </p>
   </div>
   <div class='ocr_carea' id='block_1_2' title="bbox 310 593 554 602">
    <p class='ocr_par' dir='ltr' id='par_1_2' title="bbox 310 593 554 602">
     <span class='ocr_line' id='line_1_2' title="bbox 310 593 554 602; baseline 0 0"><span class='ocrx_word' id='word_1_6' title='bbox 310 593 554 602; x_wconf 81' lang='lat'><strong>——-——-</strong></span> 
     </span>
    </p>
   </div>
   <div class='ocr_carea' id='block_1_3' title="bbox 626 698 1439 2382">
    <p class='ocr_par' dir='ltr' id='par_1_3' title="bbox 628 698 1080 782">
     <span class='ocr_line' id='line_1_3' title="bbox 628 698 1080 782; baseline 0.004 -22"><span class='ocrx_word' id='word_1_7' title='bbox 628 698 857 781; x_wconf 89' lang='lat' dir='ltr'>Cristophorus</span> <span class='ocrx_word' id='word_1_8' title='bbox 881 699 1080 782; x_wconf 86' lang='lat' dir='ltr'>Mechytreb.</span> 
     </span>
    </p>

    <p class='ocr_par' dir='ltr' id='par_1_4' title="bbox 628 805 941 886">
     <span class='ocr_line' id='line_1_4' title="bbox 628 805 941 886; baseline 0 -19"><span class='ocrx_word' id='word_1_9' title='bbox 628 806 766 868; x_wconf 89' lang='lat' dir='ltr'>Jacobus</span> <span class='ocrx_word' id='word_1_10' title='bbox 789 805 941 886; x_wconf 83' lang='lat' dir='ltr'>agricola.</span> 
     </span>
    </p>

    <p class='ocr_par' dir='ltr' id='par_1_5' title="bbox 626 911 1306 1082">
     <span class='ocr_line' id='line_1_5' title="bbox 626 911 1306 994; baseline 0.003 -20"><span class='ocrx_word' id='word_1_11' title='bbox 626 911 772 974; x_wconf 80' lang='lat' dir='ltr'><strong>Andreas</strong></span> <span class='ocrx_word' id='word_1_12' title='bbox 795 932 967 994; x_wconf 87' lang='lat' dir='ltr'>germanus</span> <span class='ocrx_word' id='word_1_13' title='bbox 991 911 1116 976; x_wconf 90' lang='lat' dir='ltr'>domini</span> <span class='ocrx_word' id='word_1_14' title='bbox 1141 912 1306 976; x_wconf 88' lang='lat' dir='ltr'>lobannis.</span> 
     </span>
     <span class='ocr_line' id='line_1_6' title="bbox 628 1020 869 1082; baseline 0 -1"><span class='ocrx_word' id='word_1_15' title='bbox 628 1020 746 1082; x_wconf 89' lang='lat' dir='ltr'>Paulus</span> <span class='ocrx_word' id='word_1_16' title='bbox 770 1033 869 1082; x_wconf 90' lang='lat' dir='ltr'>sutor.</span> 
     </span>
    </p>

    <p class='ocr_par' dir='ltr' id='par_1_6' title="bbox 629 1125 911 1208">
     <span class='ocr_line' id='line_1_7' title="bbox 629 1125 911 1208; baseline -0.007 -18"><span class='ocrx_word' id='word_1_17' title='bbox 629 1125 789 1208; x_wconf 83' lang='lat' dir='ltr'>Georgius</span> <span class='ocrx_word' id='word_1_18' title='bbox 813 1140 911 1189; x_wconf 90' lang='lat' dir='ltr'>sutor.</span> 
     </span>
    </p>

    <p class='ocr_par' dir='ltr' id='par_1_7' title="bbox 627 1230 1162 1423">
     <span class='ocr_line' id='line_1_8' title="bbox 628 1230 1162 1316; baseline -0.004 -20"><span class='ocrx_word' id='word_1_19' title='bbox 628 1233 821 1296; x_wconf 86' lang='lat' dir='ltr'>Benedictus</span> <span class='ocrx_word' id='word_1_20' title='bbox 844 1230 940 1295; x_wconf 90' lang='lat' dir='ltr'>frater</span> <span class='ocrx_word' id='word_1_21' title='bbox 963 1232 1162 1316; x_wconf 86' lang='lat' dir='ltr'>Andreyczc.</span> 
     </span>
     <span class='ocr_line' id='line_1_9' title="bbox 627 1338 999 1423; baseline 0.005 -22"><span class='ocrx_word' id='word_1_22' title='bbox 627 1339 773 1401; x_wconf 80' lang='lat' dir='ltr'>Andreas</span> <span class='ocrx_word' id='word_1_23' title='bbox 797 1338 999 1423; x_wconf 89' lang='lat' dir='ltr'>Mosnarych.</span> 
     </span>
    </p>

    <p class='ocr_par' dir='ltr' id='par_1_8' title="bbox 627 1447 876 1528">
     <span class='ocr_line' id='line_1_10' title="bbox 627 1447 876 1528; baseline 0 -20"><span class='ocrx_word' id='word_1_24' title='bbox 627 1447 713 1508; x_wconf 92' lang='lat' dir='ltr'>lwan</span> <span class='ocrx_word' id='word_1_25' title='bbox 736 1447 876 1528; x_wconf 86' lang='lat' dir='ltr'>sellipar.</span> 
     </span>
    </p>

    <p class='ocr_par' dir='ltr' id='par_1_9' title="bbox 627 1550 989 1635">
     <span class='ocr_line' id='line_1_11' title="bbox 627 1550 989 1635; baseline 0.003 -21"><span class='ocrx_word' id='word_1_26' title='bbox 627 1553 815 1615; x_wconf 86' lang='lat' dir='ltr'>Franciscus</span> <span class='ocrx_word' id='word_1_27' title='bbox 838 1550 989 1635; x_wconf 85' lang='lat' dir='ltr'>frenipar.</span> 
     </span>
    </p>

    <p class='ocr_par' dir='ltr' id='par_1_10' title="bbox 628 1659 1066 1742">
     <span class='ocr_line' id='line_1_12' title="bbox 628 1659 1066 1742; baseline 0.007 -22"><span class='ocrx_word' id='word_1_28' title='bbox 628 1659 817 1721; x_wconf 90' lang='lat' dir='ltr'>Franciscus</span> <span class='ocrx_word' id='word_1_29' title='bbox 841 1661 1066 1742; x_wconf 88' lang='lat' dir='ltr'>carpentarius.</span> 
     </span>
    </p>

    <p class='ocr_par' dir='ltr' id='par_1_11' title="bbox 629 1765 919 1848">
     <span class='ocr_line' id='line_1_13' title="bbox 629 1765 919 1848; baseline 0.007 -21"><span class='ocrx_word' id='word_1_30' title='bbox 629 1766 767 1827; x_wconf 90' lang='lat' dir='ltr'>lacobus</span> <span class='ocrx_word' id='word_1_31' title='bbox 792 1765 919 1848; x_wconf 92' lang='lat' dir='ltr'>Sporar.</span> 
     </span>
    </p>

    <p class='ocr_par' dir='ltr' id='par_1_12' title="bbox 628 1872 960 1954">
     <span class='ocr_line' id='line_1_14' title="bbox 628 1872 960 1954; baseline -0.003 -21"><span class='ocrx_word' id='word_1_32' title='bbox 628 1872 781 1933; x_wconf 90' lang='lat' dir='ltr'>Nicolaus</span> <span class='ocrx_word' id='word_1_33' title='bbox 809 1873 960 1954; x_wconf 83' lang='lat' dir='ltr'>agricola.</span> 
     </span>
    </p>

    <p class='ocr_par' dir='ltr' id='par_1_13' title="bbox 626 1979 1106 2063">
     <span class='ocr_line' id='line_1_15' title="bbox 626 1979 1106 2063; baseline 0.002 -23"><span class='ocrx_word' id='word_1_34' title='bbox 626 1979 772 2061; x_wconf 88' lang='lat' dir='ltr'>Mathyas</span> <span class='ocrx_word' id='word_1_35' title='bbox 795 1999 894 2060; x_wconf 85' lang='lat' dir='ltr'>gener</span> <span class='ocrx_word' id='word_1_36' title='bbox 917 1979 1106 2063; x_wconf 89' lang='lat' dir='ltr'>Werichyn.</span> 
     </span>
    </p>

    <p class='ocr_par' dir='ltr' id='par_1_14' title="bbox 627 2085 919 2148">
     <span class='ocr_line' id='line_1_16' title="bbox 627 2085 919 2148; baseline 0.007 -2"><span class='ocrx_word' id='word_1_37' title='bbox 627 2086 772 2147; x_wconf 75' lang='lat' dir='ltr'>Andreas</span> <span class='ocrx_word' id='word_1_38' title='bbox 797 2085 919 2148; x_wconf 78' lang='lat' dir='ltr'>Tvvlar.</span> 
     </span>
    </p>

    <p class='ocr_par' dir='ltr' id='par_1_15' title="bbox 628 2189 1439 2382">
     <span class='ocr_line' id='line_1_17' title="bbox 628 2189 1439 2282; baseline -0.002 -28"><span class='ocrx_word' id='word_1_39' title='bbox 628 2194 799 2271; x_wconf 83' lang='lat' dir='ltr'>Barnabas,</span> <span class='ocrx_word' id='word_1_40' title='bbox 824 2189 1034 2276; x_wconf 77' lang='lat' dir='ltr'>Nameznyk*</span> <span class='ocrx_word' id='word_1_41' title='bbox 1060 2192 1188 2254; x_wconf 89' lang='lat' dir='ltr'>Martini</span> <span class='ocrx_word' id='word_1_42' title='bbox 1212 2192 1290 2254; x_wconf 90' lang='lat' dir='ltr'>alias</span> <span class='ocrx_word' id='word_1_43' title='bbox 1307 2191 1439 2282; x_wconf 82' lang='lat' dir='ltr'>¹judicis.</span> 
     </span>
     <span class='ocr_line' id='line_1_18' title="bbox 629 2300 860 2382; baseline 0 -21"><span class='ocrx_word' id='word_1_44' title='bbox 629 2300 860 2382; x_wconf 78' lang='lat' dir='ltr'>Mralrowyczc.</span> 
     </span>
    </p>
   </div>
   <div class='ocr_carea' id='block_1_4' title="bbox 310 2492 1576 3322">
    <p class='ocr_par' dir='ltr' id='par_1_16' title="bbox 310 2492 1576 3322">
     <span class='ocr_line' id='line_1_19' title="bbox 417 2492 1574 2577; baseline -0.002 -23"><span class='ocrx_word' id='word_1_45' title='bbox 417 2493 495 2555; x_wconf 90' lang='lat' dir='ltr'>ltem</span> <span class='ocrx_word' id='word_1_46' title='bbox 520 2492 634 2577; x_wconf 85' lang='lat' dir='ltr'>prefati</span> <span class='ocrx_word' id='word_1_47' title='bbox 658 2494 783 2556; x_wconf 91' lang='lat' dir='ltr'>Blasius</span> <span class='ocrx_word' id='word_1_48' title='bbox 806 2493 912 2572; x_wconf 85' lang='lat' dir='ltr'>judex,</span> <span class='ocrx_word' id='word_1_49' title='bbox 937 2492 1029 2574; x_wconf 82' lang='lat' dir='ltr'>jurati</span> <span class='ocrx_word' id='word_1_50' title='bbox 1055 2513 1090 2555; x_wconf 91' lang='lat' dir='ltr'>ac</span> <span class='ocrx_word' id='word_1_51' title='bbox 1114 2493 1289 2555; x_wconf 92' lang='lat' dir='ltr'>consiliarii</span> <span class='ocrx_word' id='word_1_52' title='bbox 1314 2511 1386 2554; x_wconf 91' lang='lat' dir='ltr'>curn</span> <span class='ocrx_word' id='word_1_53' title='bbox 1415 2511 1574 2554; x_wconf 90' lang='lat' dir='ltr'>consensu</span> 
     </span>
     <span class='ocr_line' id='line_1_20' title="bbox 312 2599 1575 2663; baseline -0.001 -2"><span class='ocrx_word' id='word_1_54' title='bbox 312 2612 343 2661; x_wconf 93' lang='lat' dir='ltr'>et</span> <span class='ocrx_word' id='word_1_55' title='bbox 360 2601 586 2663; x_wconf 87' lang='lat' dir='ltr'>commissione</span> <span class='ocrx_word' id='word_1_56' title='bbox 604 2621 640 2663; x_wconf 92' lang='lat' dir='ltr'>ac</span> <span class='ocrx_word' id='word_1_57' title='bbox 673 2601 819 2662; x_wconf 89' lang='lat' dir='ltr'>unanimi</span> <span class='ocrx_word' id='word_1_58' title='bbox 845 2615 875 2662; x_wconf 93' lang='lat' dir='ltr'>et</span> <span class='ocrx_word' id='word_1_59' title='bbox 898 2599 1051 2662; x_wconf 89' lang='lat' dir='ltr'>concordi</span> <span class='ocrx_word' id='word_1_60' title='bbox 1075 2601 1241 2662; x_wconf 90' lang='lat' dir='ltr'>voluntate</span> <span class='ocrx_word' id='word_1_61' title='bbox 1266 2614 1297 2661; x_wconf 92' lang='lat' dir='ltr'>et</span> <span class='ocrx_word' id='word_1_62' title='bbox 1320 2599 1448 2660; x_wconf 91' lang='lat' dir='ltr'>decreto</span> <span class='ocrx_word' id='word_1_63' title='bbox 1472 2599 1575 2660; x_wconf 88' lang='lat' dir='ltr'>tocius</span> 
     </span>
     <span class='ocr_line' id='line_1_21' title="bbox 310 2707 1574 2789; baseline -0.002 -20"><span class='ocrx_word' id='word_1_64' title='bbox 310 2708 551 2770; x_wconf 88' lang='lat' dir='ltr'>communitatis</span> <span class='ocrx_word' id='word_1_65' title='bbox 582 2707 691 2769; x_wconf 93' lang='lat' dir='ltr'>omnia</span> <span class='ocrx_word' id='word_1_66' title='bbox 725 2708 850 2770; x_wconf 90' lang='lat' dir='ltr'>decreta</span> <span class='ocrx_word' id='word_1_67' title='bbox 876 2721 907 2769; x_wconf 89' lang='lat' dir='ltr'>et</span> <span class='ocrx_word' id='word_1_68' title='bbox 942 2721 1057 2770; x_wconf 87' lang='lat' dir='ltr'>statuta</span> <span class='ocrx_word' id='word_1_69' title='bbox 1087 2721 1153 2770; x_wconf 91' lang='lat' dir='ltr'>tam</span> <span class='ocrx_word' id='word_1_70' title='bbox 1179 2708 1211 2769; x_wconf 90' lang='lat' dir='ltr'>in</span> <span class='ocrx_word' id='word_1_71' title='bbox 1243 2707 1382 2789; x_wconf 88' lang='lat' dir='ltr'>presenti</span> <span class='ocrx_word' id='word_1_72' title='bbox 1413 2725 1510 2788; x_wconf 90' lang='lat' dir='ltr'>quam</span> <span class='ocrx_word' id='word_1_73' title='bbox 1542 2707 1574 2766; x_wconf 94' lang='lat' dir='ltr'>in</span> 
     </span>
     <span class='ocr_line' id='line_1_22' title="bbox 311 2812 1575 2898; baseline -0.003 -22"><span class='ocrx_word' id='word_1_74' title='bbox 311 2814 452 2896; x_wconf 90' lang='lat' dir='ltr'>antiquis</span> <span class='ocrx_word' id='word_1_75' title='bbox 476 2814 633 2878; x_wconf 90' lang='lat' dir='ltr'>cathernis</span> <span class='ocrx_word' id='word_1_76' title='bbox 657 2816 773 2876; x_wconf 87' lang='lat' dir='ltr'>nostris</span> <span class='ocrx_word' id='word_1_77' title='bbox 796 2828 944 2878; x_wconf 90' lang='lat' dir='ltr'>contenta</span> <span class='ocrx_word' id='word_1_78' title='bbox 974 2829 1005 2877; x_wconf 90' lang='lat' dir='ltr'>et</span> <span class='ocrx_word' id='word_1_79' title='bbox 1029 2816 1144 2898; x_wconf 89' lang='lat' dir='ltr'>scripta</span> <span class='ocrx_word' id='word_1_80' title='bbox 1170 2814 1277 2897; x_wconf 90' lang='lat' dir='ltr'>quoad</span> <span class='ocrx_word' id='word_1_81' title='bbox 1295 2833 1407 2876; x_wconf 89' lang='lat' dir='ltr'>omnes</span> <span class='ocrx_word' id='word_1_82' title='bbox 1424 2812 1575 2876; x_wconf 87' lang='lat' dir='ltr'>articulos</span> 
     </span>
     <span class='ocr_line' id='line_1_23' title="bbox 311 2920 1576 3003; baseline -0.002 -22"><span class='ocrx_word' id='word_1_83' title='bbox 311 2934 342 2982; x_wconf 93' lang='lat' dir='ltr'>et</span> <span class='ocrx_word' id='word_1_84' title='bbox 372 2935 491 3003; x_wconf 90' lang='lat' dir='ltr'>puncta</span> <span class='ocrx_word' id='word_1_85' title='bbox 515 2941 550 2982; x_wconf 93' lang='lat' dir='ltr'>ac</span> <span class='ocrx_word' id='word_1_86' title='bbox 583 2921 742 2983; x_wconf 87' lang='lat' dir='ltr'>clausulas</span> <span class='ocrx_word' id='word_1_87' title='bbox 774 2921 962 2983; x_wconf 88' lang='lat' dir='ltr'>eorumdem</span> <span class='ocrx_word' id='word_1_88' title='bbox 1000 2935 1191 2984; x_wconf 88' lang='lat' dir='ltr'>statutorum</span> <span class='ocrx_word' id='word_1_89' title='bbox 1224 2935 1255 2983; x_wconf 90' lang='lat' dir='ltr'>et</span> <span class='ocrx_word' id='word_1_90' title='bbox 1286 2920 1487 2982; x_wconf 90' lang='lat' dir='ltr'>decretorum</span> <span class='ocrx_word' id='word_1_91' title='bbox 1519 2938 1576 3001; x_wconf 88' lang='lat' dir='ltr'>per</span> 
     </span>
     <span class='ocr_line' id='line_1_24' title="bbox 310 3027 1575 3110; baseline -0.002 -22"><span class='ocrx_word' id='word_1_92' title='bbox 310 3039 415 3089; x_wconf 92' lang='lat' dir='ltr'>totum</span> <span class='ocrx_word' id='word_1_93' title='bbox 432 3047 552 3089; x_wconf 89' lang='lat' dir='ltr'>annum</span> <span class='ocrx_word' id='word_1_94' title='bbox 571 3028 726 3110; x_wconf 88' lang='lat' dir='ltr'>presentis</span> <span class='ocrx_word' id='word_1_95' title='bbox 743 3027 901 3108; x_wconf 79' lang='lat' dir='ltr'>judicatus</span> <span class='ocrx_word' id='word_1_96' title='bbox 918 3028 1016 3110; x_wconf 89' lang='lat' dir='ltr'>ipsius</span> <span class='ocrx_word' id='word_1_97' title='bbox 1033 3027 1130 3089; x_wconf 89' lang='lat' dir='ltr'>Blasii</span> <span class='ocrx_word' id='word_1_98' title='bbox 1148 3027 1262 3110; x_wconf 85' lang='lat' dir='ltr'>judicis</span> <span class='ocrx_word' id='word_1_99' title='bbox 1289 3041 1320 3088; x_wconf 90' lang='lat' dir='ltr'>et</span> <span class='ocrx_word' id='word_1_100' title='bbox 1342 3039 1575 3108; x_wconf 88' lang='lat' dir='ltr'>consequenter</span> 
     </span>
     <span class='ocr_line' id='line_1_25' title="bbox 310 3133 1575 3217; baseline -0.002 -23"><span class='ocrx_word' id='word_1_101' title='bbox 310 3147 341 3194; x_wconf 87' lang='lat' dir='ltr'>et</span> <span class='ocrx_word' id='word_1_102' title='bbox 364 3133 515 3216; x_wconf 88' lang='lat' dir='ltr'>deinceps</span> <span class='ocrx_word' id='word_1_103' title='bbox 538 3133 606 3215; x_wconf 89' lang='lat' dir='ltr'>jure</span> <span class='ocrx_word' id='word_1_104' title='bbox 630 3149 786 3217; x_wconf 87' lang='lat' dir='ltr'>perpetuo</span> <span class='ocrx_word' id='word_1_105' title='bbox 816 3149 847 3196; x_wconf 93' lang='lat' dir='ltr'>et</span> <span class='ocrx_word' id='word_1_106' title='bbox 871 3135 1122 3196; x_wconf 87' lang='lat' dir='ltr'>irrevocabiliter</span> <span class='ocrx_word' id='word_1_107' title='bbox 1154 3133 1426 3196; x_wconf 88' lang='lat' dir='ltr'>confirmaverunt</span> <span class='ocrx_word' id='word_1_108' title='bbox 1449 3151 1575 3214; x_wconf 88' lang='lat' dir='ltr'>semper</span> 
     </span>
     <span class='ocr_line' id='line_1_26' title="bbox 311 3239 887 3322; baseline 0.009 -23"><span class='ocrx_word' id='word_1_109' title='bbox 311 3239 445 3301; x_wconf 90' lang='lat' dir='ltr'>valitura</span> <span class='ocrx_word' id='word_1_110' title='bbox 471 3254 501 3301; x_wconf 90' lang='lat' dir='ltr'>et</span> <span class='ocrx_word' id='word_1_111' title='bbox 524 3259 651 3322; x_wconf 91' lang='lat' dir='ltr'>semper</span> <span class='ocrx_word' id='word_1_112' title='bbox 678 3241 887 3304; x_wconf 89' lang='lat' dir='ltr'>observanda.</span> 
     </span>
    </p>
   </div>
   <div class='ocr_carea' id='block_1_5' title="bbox 310 3362 1574 3873">
    <p class='ocr_par' dir='ltr' id='par_1_17' title="bbox 310 3362 1574 3873">
     <span class='ocr_line' id='line_1_27' title="bbox 417 3362 1574 3447; baseline -0.002 -23"><span class='ocrx_word' id='word_1_113' title='bbox 417 3363 495 3425; x_wconf 89' lang='lat' dir='ltr'>ltem</span> <span class='ocrx_word' id='word_1_114' title='bbox 517 3362 595 3426; x_wconf 87' lang='lat' dir='ltr'>feria</span> <span class='ocrx_word' id='word_1_115' title='bbox 611 3366 708 3426; x_wconf 91' lang='lat' dir='ltr'>tercia</span> <span class='ocrx_word' id='word_1_116' title='bbox 726 3365 870 3447; x_wconf 84' lang='lat' dir='ltr'>proxima</span> <span class='ocrx_word' id='word_1_117' title='bbox 888 3379 959 3447; x_wconf 90' lang='lat' dir='ltr'>post</span> <span class='ocrx_word' id='word_1_118' title='bbox 976 3365 1172 3426; x_wconf 89' lang='lat' dir='ltr'>dominicam</span> <span class='ocrx_word' id='word_1_119' title='bbox 1191 3364 1420 3442; x_wconf 89' lang='lat' dir='ltr'>Reminiscere,</span> <span class='ocrx_word' id='word_1_120' title='bbox 1438 3363 1574 3424; x_wconf 90' lang='lat' dir='ltr'>circum·</span> 
     </span>
     <span class='ocr_line' id='line_1_28' title="bbox 311 3470 1574 3553; baseline -0.002 -23"><span class='ocrx_word' id='word_1_121' title='bbox 311 3485 437 3551; x_wconf 87' lang='lat' dir='ltr'>spectus</span> <span class='ocrx_word' id='word_1_122' title='bbox 461 3484 491 3532; x_wconf 88' lang='lat' dir='ltr'>et</span> <span class='ocrx_word' id='word_1_123' title='bbox 508 3471 662 3553; x_wconf 90' lang='lat' dir='ltr'>providus</span> <span class='ocrx_word' id='word_1_124' title='bbox 680 3472 727 3532; x_wconf 93' lang='lat' dir='ltr'>vir</span> <span class='ocrx_word' id='word_1_125' title='bbox 740 3471 940 3550; x_wconf 89' lang='lat' dir='ltr'>Valentinus,</span> <span class='ocrx_word' id='word_1_126' title='bbox 965 3472 1043 3532; x_wconf 88' lang='lat' dir='ltr'>alias</span> <span class='ocrx_word' id='word_1_127' title='bbox 1056 3471 1151 3553; x_wconf 85' lang='lat' dir='ltr'>judex</span> <span class='ocrx_word' id='word_1_128' title='bbox 1165 3471 1272 3532; x_wconf 90' lang='lat' dir='ltr'>senior</span> <span class='ocrx_word' id='word_1_129' title='bbox 1296 3470 1438 3550; x_wconf 87' lang='lat' dir='ltr'>civisque</span> <span class='ocrx_word' id='word_1_130' title='bbox 1457 3483 1574 3547; x_wconf 88' lang='lat' dir='ltr'>noster,</span> 
     </span>
     <span class='ocr_line' id='line_1_29' title="bbox 310 3576 1573 3660; baseline -0.001 -23"><span class='ocrx_word' id='word_1_131' title='bbox 310 3576 350 3637; x_wconf 92' lang='lat' dir='ltr'>ad</span> <span class='ocrx_word' id='word_1_132' title='bbox 375 3597 502 3639; x_wconf 90' lang='lat' dir='ltr'>causam</span> <span class='ocrx_word' id='word_1_133' title='bbox 529 3591 680 3641; x_wconf 90' lang='lat' dir='ltr'>attractus</span> <span class='ocrx_word' id='word_1_134' title='bbox 711 3599 767 3660; x_wconf 91' lang='lat' dir='ltr'>per</span> <span class='ocrx_word' id='word_1_135' title='bbox 798 3579 1064 3660; x_wconf 89' lang='lat' dir='ltr'>circumspectum</span> <span class='ocrx_word' id='word_1_136' title='bbox 1098 3579 1291 3660; x_wconf 90' lang='lat' dir='ltr'>Dyonisium</span> <span class='ocrx_word' id='word_1_137' title='bbox 1326 3577 1501 3659; x_wconf 85' lang='lat' dir='ltr'>Sipchyczc</span> <span class='ocrx_word' id='word_1_138' title='bbox 1526 3595 1573 3637; x_wconf 90' lang='lat' dir='ltr'>ra·</span> 
     </span>
     <span class='ocr_line' id='line_1_30' title="bbox 311 3683 1574 3766; baseline 0 -22"><span class='ocrx_word' id='word_1_139' title='bbox 311 3683 403 3744; x_wconf 92' lang='lat' dir='ltr'>cione</span> <span class='ocrx_word' id='word_1_140' title='bbox 437 3685 651 3766; x_wconf 90' lang='lat' dir='ltr'>quarumdam</span> <span class='ocrx_word' id='word_1_141' title='bbox 684 3705 789 3747; x_wconf 89' lang='lat' dir='ltr'>rerum</span> <span class='ocrx_word' id='word_1_142' title='bbox 822 3699 1029 3747; x_wconf 90' lang='lat' dir='ltr'>arestatarum</span> <span class='ocrx_word' id='word_1_143' title='bbox 1060 3685 1092 3746; x_wconf 90' lang='lat' dir='ltr'>in</span> <span class='ocrx_word' id='word_1_144' title='bbox 1125 3685 1211 3764; x_wconf 88' lang='lat' dir='ltr'>sede,</span> <span class='ocrx_word' id='word_1_145' title='bbox 1242 3704 1274 3745; x_wconf 90' lang='lat' dir='ltr'>se</span> <span class='ocrx_word' id='word_1_146' title='bbox 1307 3683 1440 3745; x_wconf 90' lang='lat' dir='ltr'>omnino</span> <span class='ocrx_word' id='word_1_147' title='bbox 1465 3697 1496 3744; x_wconf 94' lang='lat' dir='ltr'>et</span> <span class='ocrx_word' id='word_1_148' title='bbox 1519 3702 1574 3765; x_wconf 89' lang='lat' dir='ltr'>pe-</span> 
     </span>
     <span class='ocr_line' id='line_1_31' title="bbox 312 3789 553 3873; baseline 0.012 -23"><span class='ocrx_word' id='word_1_149' title='bbox 312 3789 396 3850; x_wconf 89' lang='lat' dir='ltr'>nitus</span> <span class='ocrx_word' id='word_1_150' title='bbox 420 3792 553 3873; x_wconf 83' lang='lat' dir='ltr'>excepit.</span> 
     </span>
    </p>
   </div>
   <div class='ocr_carea' id='block_1_6' title="bbox 310 3915 1574 4424">
    <p class='ocr_par' dir='ltr' id='par_1_18' title="bbox 310 3915 1574 4424">
     <span class='ocr_line' id='line_1_32' title="bbox 416 3915 1574 4000; baseline -0.001 -24"><span class='ocrx_word' id='word_1_151' title='bbox 416 3915 493 3976; x_wconf 90' lang='lat' dir='ltr'>Item</span> <span class='ocrx_word' id='word_1_152' title='bbox 520 3917 768 3999; x_wconf 87' lang='lat' dir='ltr'>circumspectus</span> <span class='ocrx_word' id='word_1_153' title='bbox 793 3917 968 4000; x_wconf 87' lang='lat' dir='ltr'>Dyonisius</span> <span class='ocrx_word' id='word_1_154' title='bbox 1001 3917 1176 4000; x_wconf 81' lang='lat' dir='ltr'>Sipcliyczc</span> <span class='ocrx_word' id='word_1_155' title='bbox 1208 3915 1349 3978; x_wconf 82' lang='lat' dir='ltr'>concivis</span> <span class='ocrx_word' id='word_1_156' title='bbox 1373 3929 1482 3978; x_wconf 90' lang='lat' dir='ltr'>noster</span> <span class='ocrx_word' id='word_1_157' title='bbox 1506 3935 1574 3976; x_wconf 93' lang='lat' dir='ltr'>are·</span> 
     </span>
     <span class='ocr_line' id='line_1_33' title="bbox 314 4021 1573 4104; baseline 0 -22"><span class='ocrx_word' id='word_1_158' title='bbox 314 4021 456 4083; x_wconf 87' lang='lat' dir='ltr'>stacione</span> <span class='ocrx_word' id='word_1_159' title='bbox 480 4022 693 4103; x_wconf 89' lang='lat' dir='ltr'>quarumdam</span> <span class='ocrx_word' id='word_1_160' title='bbox 726 4041 831 4084; x_wconf 87' lang='lat' dir='ltr'>rerum</span> <span class='ocrx_word' id='word_1_161' title='bbox 858 4043 914 4104; x_wconf 90' lang='lat' dir='ltr'>per</span> <span class='ocrx_word' id='word_1_162' title='bbox 941 4023 1061 4104; x_wconf 88' lang='lat' dir='ltr'>juratos</span> <span class='ocrx_word' id='word_1_163' title='bbox 1091 4037 1297 4085; x_wconf 89' lang='lat' dir='ltr'>arestatarum</span> <span class='ocrx_word' id='word_1_164' title='bbox 1322 4037 1467 4104; x_wconf 90' lang='lat' dir='ltr'>tempore</span> <span class='ocrx_word' id='word_1_165' title='bbox 1491 4021 1573 4104; x_wconf 89' lang='lat' dir='ltr'>judi-</span> 
     </span>
     <span class='ocr_line' id='line_1_34' title="bbox 310 4127 1573 4210; baseline 0.002 -22"><span class='ocrx_word' id='word_1_166' title='bbox 310 4141 399 4188; x_wconf 90' lang='lat' dir='ltr'>catus</span> <span class='ocrx_word' id='word_1_167' title='bbox 422 4127 643 4210; x_wconf 90' lang='lat' dir='ltr'>circumspecti</span> <span class='ocrx_word' id='word_1_168' title='bbox 668 4129 831 4190; x_wconf 88' lang='lat' dir='ltr'>Valentini</span> <span class='ocrx_word' id='word_1_169' title='bbox 864 4129 1029 4208; x_wconf 87' lang='lat' dir='ltr'>laetarum,</span> <span class='ocrx_word' id='word_1_170' title='bbox 1061 4133 1100 4191; x_wconf 89' lang='lat' dir='ltr'>ab</span> <span class='ocrx_word' id='word_1_171' title='bbox 1129 4131 1218 4191; x_wconf 90' lang='lat' dir='ltr'>omni</span> <span class='ocrx_word' id='word_1_172' title='bbox 1251 4129 1456 4210; x_wconf 87' lang='lat' dir='ltr'>impeticione</span> <span class='ocrx_word' id='word_1_173' title='bbox 1481 4149 1516 4190; x_wconf 91' lang='lat' dir='ltr'>ac</span> <span class='ocrx_word' id='word_1_174' title='bbox 1541 4128 1573 4190; x_wconf 93' lang='lat' dir='ltr'>in</span> 
     </span>
     <span class='ocr_line' id='line_1_35' title="bbox 312 4232 1573 4318; baseline 0.002 -24"><span class='ocrx_word' id='word_1_175' title='bbox 312 4232 466 4314; x_wconf 85' lang='lat' dir='ltr'>judicium</span> <span class='ocrx_word' id='word_1_176' title='bbox 492 4236 686 4298; x_wconf 90' lang='lat' dir='ltr'>attraccione</span> <span class='ocrx_word' id='word_1_177' title='bbox 710 4236 828 4297; x_wconf 93' lang='lat' dir='ltr'>etalio</span> <span class='ocrx_word' id='word_1_178' title='bbox 853 4236 969 4318; x_wconf 87' lang='lat' dir='ltr'>quovis</span> <span class='ocrx_word' id='word_1_179' title='bbox 992 4236 1225 4318; x_wconf 90' lang='lat' dir='ltr'>impedimento</span> <span class='ocrx_word' id='word_1_180' title='bbox 1249 4233 1408 4317; x_wconf 87' lang='lat' dir='ltr'>prefatum</span> <span class='ocrx_word' id='word_1_181' title='bbox 1434 4235 1573 4316; x_wconf 90' lang='lat' dir='ltr'>judicem</span> 
     </span>
     <span class='ocr_line' id='line_1_36' title="bbox 312 4337 1256 4424; baseline 0.004 -24"><span class='ocrx_word' id='word_1_182' title='bbox 312 4337 520 4401; x_wconf 89' lang='lat' dir='ltr'>Valentinum</span> <span class='ocrx_word' id='word_1_183' title='bbox 545 4361 602 4423; x_wconf 90' lang='lat' dir='ltr'>per</span> <span class='ocrx_word' id='word_1_184' title='bbox 626 4343 734 4404; x_wconf 90' lang='lat' dir='ltr'>omnia</span> <span class='ocrx_word' id='word_1_185' title='bbox 760 4342 847 4404; x_wconf 89' lang='lat' dir='ltr'>misit</span> <span class='ocrx_word' id='word_1_186' title='bbox 870 4343 997 4424; x_wconf 90' lang='lat' dir='ltr'>quitum</span> <span class='ocrx_word' id='word_1_187' title='bbox 1022 4357 1053 4404; x_wconf 93' lang='lat' dir='ltr'>et</span> <span class='ocrx_word' id='word_1_188' title='bbox 1077 4341 1256 4424; x_wconf 87' lang='lat' dir='ltr'>pacificum.</span> 
     </span>
    </p>
   </div>
   <div class='ocr_carea' id='block_1_7' title="bbox 310 4464 1573 4865">
    <p class='ocr_par' dir='ltr' id='par_1_19' title="bbox 310 4464 1573 4865">
     <span class='ocr_line' id='line_1_37' title="bbox 417 4464 1573 4548; baseline 0.003 -24"><span class='ocrx_word' id='word_1_189' title='bbox 417 4464 494 4525; x_wconf 90' lang='lat' dir='ltr'>Item</span> <span class='ocrx_word' id='word_1_190' title='bbox 529 4484 623 4526; x_wconf 90' lang='lat' dir='ltr'>causa</span> <span class='ocrx_word' id='word_1_191' title='bbox 655 4467 736 4528; x_wconf 91' lang='lat' dir='ltr'>inter</span> <span class='ocrx_word' id='word_1_192' title='bbox 770 4466 923 4528; x_wconf 88' lang='lat' dir='ltr'>Mathiam</span> <span class='ocrx_word' id='word_1_193' title='bbox 958 4466 1117 4529; x_wconf 89' lang='lat' dir='ltr'>literatum</span> <span class='ocrx_word' id='word_1_194' title='bbox 1151 4481 1182 4528; x_wconf 91' lang='lat' dir='ltr'>et</span> <span class='ocrx_word' id='word_1_195' title='bbox 1221 4467 1488 4548; x_wconf 89' lang='lat' dir='ltr'>circumspectum</span> <span class='ocrx_word' id='word_1_196' title='bbox 1521 4467 1573 4527; x_wconf 93' lang='lat' dir='ltr'>Jo-</span> 
     </span>
     <span class='ocr_line' id='line_1_38' title="bbox 311 4569 1573 4654; baseline 0.003 -24"><span class='ocrx_word' id='word_1_197' title='bbox 311 4569 451 4630; x_wconf 90' lang='lat' dir='ltr'>hannem</span> <span class='ocrx_word' id='word_1_198' title='bbox 488 4570 715 4654; x_wconf 86' lang='lat' dir='ltr'>Soldinaryczc</span> <span class='ocrx_word' id='word_1_199' title='bbox 749 4593 785 4632; x_wconf 82' lang='lat' dir='ltr'>ex</span> <span class='ocrx_word' id='word_1_200' title='bbox 818 4573 983 4634; x_wconf 90' lang='lat' dir='ltr'>voluntate</span> <span class='ocrx_word' id='word_1_201' title='bbox 1015 4576 1181 4634; x_wconf 89' lang='lat' dir='ltr'>ambarum</span> <span class='ocrx_word' id='word_1_202' title='bbox 1214 4573 1357 4654; x_wconf 88' lang='lat' dir='ltr'>parcium</span> <span class='ocrx_word' id='word_1_203' title='bbox 1389 4574 1429 4634; x_wconf 93' lang='lat' dir='ltr'>ad</span> <span class='ocrx_word' id='word_1_204' title='bbox 1462 4571 1573 4634; x_wconf 85' lang='lat' dir='ltr'>leriam</span> 
     </span>
     <span class='ocr_line' id='line_1_39' title="bbox 310 4675 1572 4759; baseline 0.003 -24"><span class='ocrx_word' id='word_1_205' title='bbox 310 4675 441 4736; x_wconf 87' lang='lat' dir='ltr'>terciam</span> <span class='ocrx_word' id='word_1_206' title='bbox 466 4677 646 4757; x_wconf 84' lang='lat' dir='ltr'>proximam</span> <span class='ocrx_word' id='word_1_207' title='bbox 675 4692 746 4759; x_wconf 87' lang='lat' dir='ltr'>post</span> <span class='ocrx_word' id='word_1_208' title='bbox 778 4677 894 4739; x_wconf 87' lang='lat' dir='ltr'>festum</span> <span class='ocrx_word' id='word_1_209' title='bbox 927 4679 1011 4740; x_wconf 91' lang='lat' dir='ltr'>beati</span> <span class='ocrx_word' id='word_1_210' title='bbox 1045 4679 1210 4741; x_wconf 91' lang='lat' dir='ltr'>Benedicti</span> <span class='ocrx_word' id='word_1_211' title='bbox 1243 4679 1366 4741; x_wconf 90' lang='lat' dir='ltr'>abbatis</span> <span class='ocrx_word' id='word_1_212' title='bbox 1389 4699 1444 4740; x_wconf 89' lang='lat' dir='ltr'>seu</span> <span class='ocrx_word' id='word_1_213' title='bbox 1470 4679 1572 4740; x_wconf 92' lang='lat' dir='ltr'>domi-</span> 
     </span>
     <span class='ocr_line' id='line_1_40' title="bbox 310 4781 811 4865; baseline 0.01 -24"><span class='ocrx_word' id='word_1_214' title='bbox 310 4781 415 4842; x_wconf 89' lang='lat' dir='ltr'>nicam</span> <span class='ocrx_word' id='word_1_215' title='bbox 441 4781 537 4844; x_wconf 92' lang='lat' dir='ltr'>Oculi</span> <span class='ocrx_word' id='word_1_216' title='bbox 561 4796 608 4845; x_wconf 88' lang='lat' dir='ltr'>est</span> <span class='ocrx_word' id='word_1_217' title='bbox 631 4798 811 4865; x_wconf 87' lang='lat' dir='ltr'>prorogata.</span> 
     </span>
    </p>
   </div>
   <div class='ocr_carea' id='block_1_8' title="bbox 415 4974 833 5040">
    <p class='ocr_par' dir='ltr' id='par_1_20' title="bbox 415 4974 833 5040">
     <span class='ocr_line' id='line_1_41' title="bbox 415 4974 833 5040; baseline 0.005 -15"><span class='ocrx_word' id='word_1_218' title='bbox 415 4974 428 5006; x_wconf 81' lang='lat'>*</span> <span class='ocrx_word' id='word_1_219' title='bbox 448 4977 616 5040; x_wconf 79' lang='lat' dir='ltr'>Namjestnlk</span> <span class='ocrx_word' id='word_1_220' title='bbox 636 5001 669 5021; x_wconf 93' lang='lat'>=</span> <span class='ocrx_word' id='word_1_221' title='bbox 692 4993 833 5028; x_wconf 86' lang='lat' dir='ltr'>successor.</span> 
     </span>
    </p>
   </div>
   <div class='ocr_carea' id='block_1_9' title="bbox 0 0 1926 5786">
    <p class='ocr_par' dir='ltr' id='par_1_21' title="bbox 0 0 1926 5786">
     <span class='ocr_line' id='line_1_42' title="bbox 0 0 1926 5786; baseline 0 0"><span class='ocrx_word' id='word_1_222' title='bbox 0 0 1926 5786; x_wconf 95' lang='lat' dir='ltr'> </span> 
     </span>
    </p>
   </div>
  </div>
 </body>
</html>
