3838 5786
644 531 731 588 Anno
754 543 845 609 1470.
872 565 913 574 —-
936 543 986 610 27.
1001 533 1085 609 julii.

337 737 415 800 ltem
441 740 515 820 quia
543 741 623 804 Pero
648 739 734 804 filius
757 742 914 804 Anthonii
933 741 1086 805 aurifabri
1112 743 1152 804 de
1177 743 1335 822 Veneriis,
1360 745 1415 826 qui
1442 765 1497 806 no-

231 843 317 904 mine
342 843 456 926 prefati
490 847 647 909 Anthonii
681 849 779 930 patris
809 849 858 910 sui
892 850 990 910 nostri
1020 849 1051 910 in
1084 849 1281 931 presenciam
1315 863 1445 912 venerat
1468 865 1499 912 et

231 963 341 1011 contra
366 951 567 1034 Stephanum
585 954 746 1016 literatum
765 953 867 1017 filium
893 955 1030 1018 condam
1056 956 1182 1017 Nicolai
1203 955 1356 1017 aurifabri
1380 975 1497 1039 propo-

230 1057 337 1136 nebat,
369 1057 459 1139 quod
490 1072 580 1142 pater
611 1060 756 1122 eiusdem
788 1061 870 1123 Pero
903 1060 1034 1124 dederat
1062 1060 1168 1122 eidem
1205 1060 1369 1142 Stephano
1394 1075 1498 1124 certos

231 1179 354 1244 msycz,
379 1183 476 1226 unam
509 1185 647 1248 cuppam
673 1180 705 1229 et
736 1167 802 1228 duo
834 1167 964 1248 ingenia
997 1180 1147 1250 argentea
1180 1187 1236 1229 seu
1260 1168 1498 1230 conservatoria

230 1267 305 1329 salis
328 1269 447 1331 valoris
470 1285 599 1334 centurn
617 1273 781 1354 octoginta
798 1272 869 1336 flor.
887 1274 968 1353 auri,
988 1287 1020 1335 et
1037 1288 1138 1336 certas
1154 1275 1263 1335 literas
1280 1293 1388 1336 coram
1405 1275 1499 1336 nobis

232 1393 346 1436 manus
362 1375 506 1438 eiusdem
526 1377 679 1461 Stephani
698 1399 804 1441 coram
823 1380 917 1442 nobis
937 1380 1120 1459 exhibebat,
1137 1399 1216 1461 quas
1233 1381 1300 1462 ipse
1318 1380 1499 1463 Stephanus

230 1499 296 1541 non
321 1501 394 1544 suas
418 1502 476 1544 nec
500 1503 556 1546 sue
581 1504 695 1546 manus
719 1486 835 1568 scripta
852 1486 1023 1566 allegabat,
1048 1486 1104 1568 qui
1125 1486 1206 1548 Pero
1229 1487 1290 1548 huc
1307 1487 1407 1548 literis
1431 1507 1497 1549 me·

231 1585 395 1650 diautibus
420 1602 451 1651 et
481 1590 674 1652 testimoniis
705 1611 813 1653 coram
843 1592 937 1654 nobis
969 1593 1181 1673 comprobare
1206 1593 1498 1674 compromittebat,

231 1707 262 1754 et
284 1694 360 1776 quia
385 1715 444 1757 nos
468 1695 574 1759 eidem
599 1697 680 1760 Pero
705 1698 745 1760 ad
770 1698 1048 1781 comprobandum
1073 1713 1105 1760 et
1121 1697 1381 1760 testificacionem
1406 1699 1497 1760 sede·
1587 1703 1593 1713 '

230 1800 349 1863 cimum
376 1802 461 1865 diem
480 1816 552 1886 post
576 1802 692 1866 festum
710 1805 802 1866 beate
825 1804 1026 1886 Margaretbe
1045 1805 1238 1866 duxeramus
1263 1803 1496 1887 prefigendum,

231 1921 262 1968 et
286 1908 362 1990 quia
394 1908 535 1989 prelatus
568 1911 648 1973 Pero
680 1912 854 1973 terminum
883 1912 923 1973 ad
956 1911 1095 1973 eundem
1128 1911 1196 1993 ipsa
1219 1911 1404 1974 testimonia
1429 1931 1494 1973 non

230 2013 374 2093 adduxit,
399 2035 505 2096 neque
530 2017 772 2082 demonstravit.

337 2121 416 2184 Item
441 2123 516 2205 quia
542 2123 702 2206 Georgius
726 2123 867 2207 frenipar
890 2144 1052 2186 successor
1070 2123 1225 2186 Johannis
1249 2123 1378 2185 sartoris
1395 2124 1495 2186 Wen-

229 2225 326 2309 thych
352 2227 440 2308 dicti,
465 2243 574 2292 contra
599 2231 765 2292 Vrbanum
790 2250 944 2312 generum
970 2230 1114 2292 eiusdem
1140 2229 1295 2291 lobannis
1311 2229 1495 2314 Wenthych

229 2335 326 2396 tercia
352 2336 421 2398 vice
446 2337 559 2399 citatus
584 2358 648 2400 non
675 2340 855 2420 comparuit
878 2357 986 2400 corum
1012 2339 1105 2399 nobis
1135 2337 1165 2398 in
1191 2337 1322 2418 judicio.

336 2441 414 2504 ltem
440 2463 568 2505 causam
594 2445 675 2506 inter
699 2445 884 2526 Philippum
910 2457 1051 2506 sutorem
1070 2443 1282 2526 Oborlynzky
1306 2444 1438 2516 dictum,
1455 2457 1496 2506 ut

230 2561 383 2626 actorem,
408 2563 439 2611 et
463 2551 592 2612 Petrum
618 2550 749 2632 Dragyn
775 2550 907 2628 dictum,
940 2551 1068 2611 racione
1094 2549 1310 2630 quorumdam
1335 2549 1495 2631 palorum,

232 2652 317 2714 idem
344 2655 455 2717 Petrus
479 2657 609 2740 Dragyn
627 2657 731 2719 dictus
755 2656 859 2736 jurare
890 2657 1061 2733 tenebitur,
1086 2656 1174 2737 quod
1200 2657 1266 2738 ipse
1291 2655 1417 2717 nullum
1434 2672 1495 2718 ter-

232 2759 357 2822 minum
390 2762 621 2824 conduccionis
654 2763 796 2846 ipsorum
829 2763 976 2842 palorum
1002 2782 1075 2824 cum
1108 2762 1222 2824 eodem
1256 2761 1406 2844 Philippo
1431 2783 1494 2824 non

231 2865 353 2947 habuit,
378 2867 455 2930 feria
479 2884 564 2931 sextu
591 2871 734 2952 proxime
752 2885 885 2931 ventura
906 2868 1010 2950 jurare
1029 2870 1208 2944 tenebitur;
1233 2869 1309 2930 item
1333 2869 1400 2951 ipse
1420 2869 1492 2930 Phi·

230 2971 337 3054 lippus
357 2972 461 3054 jurare
482 2975 644 3038 tenebitur
657 2975 772 3038 eodem
791 2976 854 3055 die,
868 2975 956 3057 quod
973 2989 1129 3056 quantum
1149 2975 1214 3057 ipse
1234 2975 1381 3056 exposuit
1393 2975 1494 3036 addu-

230 3079 334 3140 cendo
351 3080 438 3162 ipsos
461 3083 561 3164 palos,
579 3095 610 3144 et
626 3081 814 3144 secundario
831 3081 919 3163 quod
941 3081 1164 3163 quatuorcenti
1182 3081 1245 3162 pali
1264 3080 1368 3142 eidem
1387 3081 1493 3143 deser-

230 3184 377 3262 viebant3
395 3199 426 3248 et
442 3187 520 3249 dum
533 3187 663 3270 jurabit,
680 3189 747 3270 ipse
766 3189 877 3250 Petrus
895 3187 1001 3249 eidem
1016 3187 1165 3268 Philippo
1182 3187 1306 3248 solvere
1323 3187 1493 3250 tenebitur.

338 3292 416 3354 ltem
440 3313 568 3356 causam
593 3295 675 3356 inter
699 3294 879 3356 Fabianum
904 3293 1079 3376 Banltoych
1097 3305 1128 3354 et
1152 3293 1234 3354 inter
1258 3293 1402 3354 Marcum
1428 3293 1493 3354 Ko-

231 3417 340 3460 rosecz
365 3399 405 3461 de
431 3400 603 3484 Pobreaya,
626 3400 756 3462 racione
780 3400 935 3462 cicatricis
955 3419 1050 3483 super
1075 3400 1179 3482 ipsum
1204 3399 1382 3460 Fabianum
1402 3397 1493 3478 facte,

231 3502 324 3584 jurati
349 3505 585 3587 adjudicarunt,
610 3505 698 3588 quod
728 3506 795 3589 ipse
828 3506 989 3568 Fabianus
1020 3505 1123 3587 jurare
1156 3506 1382 3567 secundusmet
1405 3519 1493 3568 tene·

231 3610 316 3672 bitur
340 3609 419 3673 feria
443 3625 540 3690 sexta,
557 3625 589 3675 et
613 3612 690 3674 dum
708 3612 835 3694 jurabit,
857 3626 934 3674 tutrc
952 3613 1018 3695 ipse
1043 3613 1171 3674 Marcus
1194 3612 1355 3674 tenebitur
1370 3612 1494 3674 solvere

230 3717 336 3779 eidem
351 3719 495 3781 Fabiano
510 3719 654 3802 quinque
668 3738 782 3800 pensas
795 3732 825 3780 et
842 3719 1064 3780 communitati
1083 3719 1316 3801 quinquaginta
1336 3719 1494 3782 denarios.

337 3823 415 3886 ltem
433 3845 561 3888 causam
586 3825 668 3886 inter
684 3825 827 3886 relictam
847 3826 984 3886 condam
1003 3825 1123 3887 Mathie
1141 3825 1342 3906 Tergowecz
1366 3838 1397 3887 et
1413 3826 1495 3887 inter

230 3944 412 3994 consortem
437 3931 520 3994 Petri
546 3932 780 4012 campanatoris
804 3933 931 3993 racione
960 3931 1178 3994 crinisacionis
1201 3945 1346 4012 tempore
1376 3931 1494 3992 nundi·

231 4055 345 4098 uarum
370 4037 551 4120 peripsam
578 4056 710 4099 uxorem
737 4037 836 4118 ipsius
861 4037 945 4099 Petri
971 4051 1005 4098 ut
1029 4037 1146 4098 dicitur
1170 4035 1296 4114 factam,
1322 4035 1415 4118 jurati
1440 4036 1496 4098 ad·

230 4140 424 4222 judicarunt,
442 4143 529 4225 quod
554 4143 621 4225 ipsa
638 4143 846 4206 secundamet
862 4144 965 4224 jurare
985 4143 1146 4205 tenebitur
1163 4143 1271 4204 relicta
1298 4143 1496 4224 Tergowecz

231 4246 310 4310 feria
335 4262 420 4311 sexta
446 4250 591 4332 proxime
615 4263 767 4325 ventura3
794 4263 825 4311 et
849 4249 925 4311 dum
950 4247 1077 4329 jurabit,
1102 4262 1177 4310 tunc
1202 4249 1268 4332 ipsa
1293 4268 1373 4312 uxot
1397 4249 1497 4330 ipsius

231 4355 466 4436 campanatoris
489 4356 613 4417 solvere
636 4355 798 4417 tenebitur
815 4355 873 4438 ipsi
899 4355 1008 4416 relicte
1045 4355 1243 4436 Tergowecz
1268 4355 1347 4416 duas
1372 4375 1495 4416 marcas

232 4475 262 4523 et
286 4481 383 4523 unam
407 4463 643 4524 communitati.

336 4567 414 4628 ltem
439 4587 567 4630 causam
594 4569 675 4630 inter
701 4569 821 4630 Lucam
853 4583 1007 4630 sartorem
1041 4567 1193 4630 claudum
1218 4581 1248 4629 et
1274 4567 1355 4628 inter
1380 4567 1494 4650 Elyam

232 4672 366 4757 Gayzlry
391 4675 525 4753 dictum,
557 4675 705 4736 concives
736 4689 873 4753 nostros,
895 4675 1023 4737 racione
1056 4674 1266 4757 inposicionis
1293 4687 1324 4736 et
1348 4672 1494 4736 interfec-

231 4779 333 4842 cionis
365 4779 532 4841 cuiusdam
564 4781 651 4842 canis
676 4781 707 4841 in
741 4781 894 4842 celarium
920 4781 1043 4842 eteius
1074 4781 1275 4862 suspicionis,
1309 4781 1376 4861 ipse
1402 4780 1498 4862 Elyus

232 4885 335 4967 jurare
360 4887 531 4964 tenebitur,
556 4885 644 4967 quod
670 4887 737 4968 ipse
762 4907 826 4947 non
848 4885 1008 4948 interfecit
1027 4907 1084 4949 nec
1110 4887 1238 4949 intraxit
1263 4887 1368 4969 ipsum
1386 4905 1497 4948 canem

230 4993 270 5054 ad
295 4992 450 5054 celarium
475 4991 574 5075 ipsius
608 4992 703 5055 Luce.
