3738 5786
390 491 448 550 106
806 485 1006 566 Ann01456.
1032 521 1073 530 -
1094 498 1123 563 7.
1148 485 1230 546 maii.

493 700 570 762 ltem
596 701 742 762 Andreas
758 713 860 762 sartor
875 720 974 781 gener
991 699 1166 784 Perowych
1185 711 1297 760 contra
1313 697 1522 760 Valentinum
1547 697 1647 760 tribu·

384 808 502 870 tarium
526 807 668 870 secundo
693 809 808 870 citatus
833 826 897 869 non
922 808 1111 890 comparuit.

492 913 569 976 Item
593 913 686 996 jurati
712 913 979 995 adjudicaverunt
999 933 1127 976 causam
1153 914 1235 976 inter
1252 911 1419 974 dominam
1445 911 1565 972 Rosam
1582 929 1649 970 ma-

387 1035 467 1083 trem
493 1019 631 1083 condam
655 1021 779 1083 domini
805 1021 935 1083 Martini
960 1020 1126 1104 presbiteri
1150 1032 1181 1082 et
1209 1020 1291 1081 inter
1316 1018 1485 1080 dominum
1510 1017 1649 1078 Ambro-

384 1127 468 1188 sium
492 1127 667 1210 plebanum
693 1127 825 1190 ecclesie
844 1141 951 1189 sancte
969 1126 1084 1189 Crucis
1108 1127 1140 1188 in
1159 1125 1314 1210 Huthyna
1340 1123 1475 1188 infacto
1501 1123 1650 1206 inpigno-

386 1234 523 1296 racionis
556 1234 722 1296 cuiusdam
747 1235 838 1296 litere
870 1246 992 1296 motam
1024 1247 1055 1296 et
1087 1246 1277 1312 vertentem,
1301 1232 1358 1294 tali
1389 1231 1499 1310 modo,
1525 1243 1559 1292 ut
1583 1230 1650 1312 ipse

390 1340 542 1402 dominus
565 1341 756 1402 Ambrosius
780 1339 946 1423 presbiter,
971 1340 1113 1402 concivis
1144 1353 1263 1418 noster,
1288 1339 1479 1401 octavodie
1505 1337 1650 1420 proxime

384 1461 519 1508 venturo
543 1447 693 1510 videlicet
719 1445 795 1508 seria
820 1460 905 1508 sexta
939 1446 1034 1508 debet
1058 1445 1110 1508 hic
1134 1447 1166 1508 in
1199 1467 1251 1508 ara
1276 1459 1383 1508 sancte
1409 1444 1523 1507 Crucis
1546 1443 1650 1524 jurare

384 1572 554 1636 supereo,
580 1567 614 1614 ut
646 1553 808 1635 predictus
843 1553 996 1615 dominus
1029 1554 1186 1616 Martinus
1213 1553 1370 1635 presbiter
1401 1552 1526 1614 literam
1559 1569 1650 1612 suam

385 1659 513 1720 civilem
539 1659 598 1741 ipsi
623 1659 759 1721 domino
783 1659 958 1722 Ambrosio
982 1679 1040 1741 pro
1070 1673 1144 1722 octo
1169 1659 1238 1722 flor.
1273 1659 1503 1742 inpignoravit,
1528 1671 1559 1720 et
1582 1657 1651 1739 ipsa

385 1765 476 1826 litera
499 1779 560 1827 stat
583 1766 643 1826 sibi
661 1785 720 1848 pro
745 1765 866 1828 eisdem
892 1779 966 1827 octo
982 1764 1052 1828 flor.
1077 1766 1110 1827 in
1134 1766 1281 1848 pignore,
1307 1778 1338 1828 et
1354 1765 1380 1826 si
1397 1763 1558 1846 juraverit,
1574 1775 1652 1824 tunc

385 1871 452 1953 ipsa
477 1871 608 1932 domina
634 1871 720 1932 Rosa
744 1871 846 1953 ipsam
871 1871 996 1933 literam
1022 1873 1061 1933 ab
1087 1871 1156 1954 ipso
1175 1871 1309 1934 domino
1327 1870 1501 1933 Ambrosio
1520 1868 1651 1931 debebit

385 1979 559 2054 redimere;
584 1979 608 2039 si
635 1992 742 2042 autem
766 1999 832 2041 non
858 1979 980 2042 venerit
1005 1995 1035 2042 et
1070 1999 1135 2042 non
1160 1979 1322 2062 juraverit,
1354 1992 1431 2041 tunc
1457 1979 1524 2060 ipsa
1557 1978 1649 2040 litera

385 2086 453 2147 sine
478 2085 567 2147 omni
592 2087 775 2168 pecuniaria
799 2087 967 2149 solucione
994 2087 1052 2168 ipsi
1079 2087 1212 2150 domine
1237 2087 1325 2148 Rose
1349 2085 1440 2148 reddi
1466 2085 1605 2148 debebit.

492 2210 569 2272 ltem
602 2211 677 2293 quia
710 2211 856 2294 Mathyas
889 2212 1065 2295 waarych
1099 2212 1241 2274 indebite
1274 2226 1306 2275 et
1334 2212 1442 2274 minus
1468 2210 1560 2292 juste,
1584 2229 1649 2272 non

384 2317 590 2399 requirendo,
623 2319 797 2380 Martinum
823 2318 988 2401 Zadarych
1021 2319 1145 2401 justicia
1179 2319 1341 2382 mediante
1374 2337 1482 2380 coram
1515 2317 1650 2379 domino

384 2443 443 2485 suo
468 2444 541 2486 cum
566 2425 656 2488 litera
681 2426 819 2488 civitatis
851 2427 990 2488 eundem
1016 2428 1191 2490 Martinum
1224 2425 1365 2490 detinuit
1387 2440 1418 2488 et
1442 2425 1652 2488 incarceravit

385 2550 457 2592 cum
484 2531 585 2614 capite
603 2551 673 2610 suo,
698 2532 772 2594 ideo
789 2532 881 2611 jurati
906 2533 1174 2614 adjudicaverunt
1191 2533 1293 2616 ipsam
1312 2551 1440 2595 causam
1465 2532 1520 2595 tali
1538 2532 1651 2610 modo,

386 2649 421 2698 ut
446 2637 513 2718 ipse
537 2637 684 2721 Mathyas
717 2638 893 2721 waarych
925 2641 1078 2701 remansit
1111 2654 1219 2702 contra
1252 2640 1358 2722 ipsum
1384 2639 1558 2702 Martinum
1590 2639 1652 2700 Za-

387 2741 506 2826 darych
531 2744 562 2805 in
586 2745 661 2806 vivo
685 2744 839 2827 homagio
863 2747 1014 2808 videlicet
1045 2746 1077 2808 in
1103 2765 1155 2808 sex
1190 2747 1305 2809 marcis
1328 2746 1546 2825 denariorum,
1569 2764 1654 2827 quae

386 2851 446 2912 sibi
471 2871 572 2933 usque
597 2852 778 2934 quindenas
802 2853 926 2916 solvere
950 2853 1120 2916 tenebitur.

492 2959 569 3020 ltem
594 2959 670 3040 quia
703 2959 839 3021 Michael
873 2959 1016 3021 literatus
1048 2958 1132 3022 filius
1166 2960 1304 3022 condam
1337 2959 1434 3022 Blasii
1459 2958 1583 3041 judicis,
1615 2973 1655 3020 ut

391 3079 490 3144 actor,
514 3065 554 3126 ad
586 3065 830 3148 proponendam
865 3081 896 3128 et
927 3066 1085 3148 agendam
1117 3067 1284 3128 accionem
1306 3085 1397 3128 suam
1421 3077 1530 3128 contra
1562 3061 1655 3127 Con-

390 3171 505 3233 radum
531 3173 664 3233 Rawsar
686 3173 825 3254 judicem
850 3173 1043 3235 modernum
1078 3173 1214 3235 civitatis
1244 3173 1386 3256 predicte
1411 3171 1507 3234 hodie
1532 3172 1563 3232 in
1587 3183 1656 3232 ter-

389 3279 479 3340 mino
504 3278 654 3340 videlicet
678 3279 933 3360 comparacionis
957 3279 1018 3341 sibi
1042 3298 1098 3362 per
1115 3279 1380 3342 communitatem
1406 3279 1559 3361 deputato
1583 3296 1655 3338 non

387 3384 475 3446 venit
498 3403 604 3465 neque
628 3384 771 3466 aliquem
795 3404 853 3467 pro
870 3405 902 3446 se
928 3386 1024 3465 misit,
1049 3385 1123 3447 ideo
1140 3385 1292 3447 remansit
1308 3385 1394 3446 idem
1420 3383 1556 3446 Michael
1573 3381 1648 3444 lite-

386 3504 472 3553 ratus
490 3505 525 3553 ut
541 3505 629 3553 actor
642 3492 674 3553 in
688 3492 827 3573 birsagio
840 3492 925 3554 sedis
941 3506 1047 3555 nostre
1061 3471 1214 3556 consueto
1232 3492 1345 3554 ordine
1359 3490 1437 3573 juris
1453 3491 1652 3572 requirente.

490 3615 568 3678 ltem
594 3617 668 3698 quia
686 3615 848 3678 lohannes
871 3617 1015 3679 literatus
1040 3616 1127 3680 filius
1155 3616 1292 3680 condam
1311 3615 1442 3699 Mathye
1467 3613 1656 3697 Rakarych,

385 3723 482 3785 hodie
517 3723 556 3785 ad
589 3723 778 3785 instanciam
812 3719 897 3785 Luce
930 3724 1059 3786 sartoris
1091 3724 1281 3786 successoris
1313 3723 1450 3786 condam
1483 3721 1657 3784 benedicti

387 3829 524 3913 Gywani
550 3843 581 3892 et
605 3831 761 3894 consortis
785 3850 852 3909 sue,
877 3831 973 3893 hodie
1006 3851 1071 3893 non
1095 3831 1184 3893 venit
1215 3831 1247 3893 in
1272 3831 1469 3913 presenciam
1494 3828 1593 3891 nostri
1621 3843 1660 3892 et

385 3957 450 4000 non
476 3939 627 4021 deposuit
658 3938 874 4020 juramentum
903 3939 962 4000 sibi
998 3959 1054 4021 per
1079 3939 1197 4020 juratos
1228 3938 1459 4020 adjudicatum,
1483 3936 1556 3999 ideo
1580 3936 1659 4017 ipse

386 4045 548 4106 lohannes
572 4045 716 4107 literatus
741 4045 880 4128 perdidit
898 4058 929 4107 et
952 4046 1059 4108 amisit
1076 4045 1178 4128 ipsam
1196 4065 1324 4108 causam
1349 4063 1451 4123 suam,
1468 4043 1659 4127 predictum

384 4165 492 4214 autem
518 4153 638 4214 Lucam
664 4165 818 4214 sartorem
852 4172 924 4214 cum
959 4153 1025 4234 ipsa
1059 4171 1157 4214 uxore
1181 4171 1237 4214 sua
1262 4152 1293 4213 in
1319 4151 1432 4214 eadem
1465 4169 1557 4212 cause
1590 4169 1659 4212 sua

385 4257 586 4320 reddidimus
610 4257 678 4321 fore
703 4257 899 4341 expeditum.

479 4495 576 4571 Feria
606 4505 704 4570 sexta
733 4501 885 4586 proxima
914 4505 990 4587 post
1018 4498 1140 4568 festum
1171 4497 1386 4570 decessionis
1413 4496 1553 4568 Domini.

935 4678 976 4746 (7-
1000 4668 1098 4744 mair·

491 4829 569 4890 ltem
597 4827 764 4910 Philippus
787 4841 875 4892 sutor
899 4841 1010 4890 contra
1035 4827 1176 4892 Blasium
1202 4839 1344 4891 sutorem
1368 4826 1510 4890 secundo
1534 4827 1664 4894 citatus

385 4956 451 5000 non
478 4935 668 5017 comparuit.
