3694 5782
558 625 643 680 Anno
665 618 757 700 1467.
787 655 828 664 -
852 618 882 682 6.
907 623 1074 682 novembris.
1378 641 1437 704 3²3

283 833 360 895 Item
386 853 513 894 causam
539 833 621 895 inter
645 833 834 895 Thomaslto
851 847 1016 912 sartorem,
1040 835 1200 896 seniorem
1219 833 1384 916 (iuratum)
1410 849 1441 896 et

172 940 342 1001 concivem
367 953 523 1018 nostrum,
547 940 587 1000 ab
611 959 674 1001 una
699 953 733 1001 ut
757 954 908 1018 actorem,
933 961 969 1002 ac
1002 939 1194 1002 Michaelem
1219 939 1391 1022 pellificem
1410 955 1440 1003 et

174 1049 367 1124 institorem,
392 1046 584 1108 modernum
609 1045 759 1126 juratum,
785 1067 843 1108 nec
868 1067 933 1108 non
959 1047 1101 1108 Blasium
1125 1061 1278 1108 sartorem
1305 1061 1335 1108 et
1360 1047 1440 1109 Gre-

172 1154 302 1234 gorium
334 1153 552 1236 Wrabchych,
585 1153 733 1214 concives
757 1167 894 1232 nostros,
926 1169 961 1214 ut
993 1154 1025 1214 in
1058 1174 1186 1215 causam
1211 1167 1371 1232 attractos,
1393 1175 1440 1216 ra·

173 1261 268 1322 cione
295 1261 444 1322 videlicet
476 1260 733 1321 conservationis
766 1260 797 1320 in
830 1261 928 1322 domo
953 1281 1009 1321 sua
1035 1259 1165 1322 Grande
1198 1260 1353 1340 mulieris,
1377 1281 1439 1342 que

173 1365 234 1428 luit
260 1380 291 1428 et
316 1380 362 1428 est
386 1367 516 1428 bannita
540 1386 612 1426 cum
630 1367 699 1428 viro
724 1384 782 1427 suo
805 1366 844 1428 de
869 1367 937 1448 ipsa
954 1367 1081 1427 civitate
1100 1380 1228 1448 propter
1253 1381 1337 1428 certa
1355 1367 1439 1428 mala

173 1471 256 1535 lacta
283 1473 425 1554 ipsorum
452 1473 644 1534 multociens
676 1485 808 1554 patrata,
832 1491 930 1554 quam
965 1473 1165 1534 conservavit
1189 1492 1269 1533 uxor
1294 1471 1438 1534 eiusdem

172 1578 364 1640 Thomasto
389 1579 420 1640 in
446 1578 544 1640 domo
569 1599 636 1658 sua,
669 1591 779 1640 contra
804 1598 901 1660 quam
935 1578 1127 1641 multociens
1157 1579 1261 1640 eidem
1288 1578 1438 1640 Michaeli

171 1685 277 1764 jurato
302 1699 513 1766 conquestum
548 1683 608 1746 fuit
632 1705 688 1767 per
719 1686 852 1764 vicinos,
885 1705 948 1766 que
973 1685 1075 1747 eciam
1101 1684 1230 1747 Granda
1265 1683 1324 1746 fuit
1348 1699 1438 1766 capta

171 1810 245 1851 cum
272 1791 411 1852 Martino
436 1792 613 1873 presbitero
647 1790 686 1852 de
712 1791 860 1874 lwanych
894 1791 924 1852 in
951 1789 1109 1852 maleficio
1142 1805 1173 1852 et
1196 1791 1379 1852 meretricio
1405 1791 1437 1851 in

171 1897 273 1958 domo
306 1897 450 1959 eiusdem
483 1898 682 1976 Thomasko,
715 1917 812 1979 quam
846 1896 1010 1959 Grandem
1041 1897 1106 1980 ipsa
1140 1916 1270 1958 consors
1294 1896 1438 1958 eiusdem

171 2001 302 2064 Thome
327 2017 437 2065 contra
462 2003 719 2086 prohibicionem
745 2003 984 2064 communitatis
1011 2002 1094 2064 dicte
1120 2001 1257 2064 civitatis
1282 2003 1312 2064 in
1339 2003 1437 2064 domo

169 2129 227 2170 sua
253 2111 453 2172 conservavit
478 2123 508 2170 et
532 2110 671 2192 predicta
693 2109 849 2172 maleficia
866 2107 968 2172 facere
994 2123 1025 2171 et
1049 2111 1249 2172 committere
1274 2111 1436 2192 permisit;

170 2215 249 2276 ideo
274 2215 367 2296 jurati
393 2215 477 2278 lacto
502 2217 533 2278 in
567 2219 723 2299 premisso
754 2217 858 2279 taliter
889 2217 1124 2298 adjudicarunt,
1157 2217 1245 2298 quod
1271 2217 1337 2298 ipsa
1362 2236 1436 2278 con·

168 2341 239 2382 sors
264 2321 408 2383 eiusdem
427 2323 616 2384 Thomasko
640 2323 777 2384 similem
803 2342 919 2405 penam
937 2323 1044 2384 subire
1068 2337 1195 2384 tenetur
1212 2323 1303 2384 sicuti
1322 2323 1436 2403 etipsa

169 2427 314 2506 Grande,
339 2429 397 2510 ipsi
431 2443 537 2489 autem
571 2427 708 2495 Michael
740 2428 871 2511 pellifex
906 2443 937 2490 et
970 2429 1095 2490 institor
1128 2449 1164 2490 ac
1189 2429 1313 2490 Blasius
1337 2442 1437 2489 sartor

168 2547 200 2596 et
226 2533 404 2614 Gregorius
428 2535 633 2617 Wrabchych
650 2555 723 2596 cum
750 2536 892 2616 ipsorum
911 2535 1070 2596 consociis
1093 2532 1170 2596 feria
1189 2549 1274 2596 sexta
1292 2534 1435 2616 proxime

167 2654 305 2702 ventura
337 2642 466 2703 racione
499 2643 698 2724 recepcionis
737 2642 951 2723 quarumdam
984 2661 1113 2704 suarum
1147 2642 1373 2723 peccuniarum
1406 2655 1436 2702 et

165 2747 307 2808 aliarum
332 2767 435 2809 rerum
455 2767 511 2830 per
536 2748 621 2830 ipsos
646 2748 677 2808 in
696 2748 794 2808 domo
819 2767 874 2808 sua
899 2761 994 2829 prout
1012 2748 1078 2830 ipse
1100 2747 1288 2808 Thomasko
1306 2747 1435 2808 dicebat

166 2854 361 2932 ablatarum,
386 2855 491 2916 taliter
515 2867 655 2936 prestare
680 2867 711 2916 et
736 2855 898 2937 deponere
932 2854 1106 2932 debebunt,
1132 2853 1220 2934 quod
1246 2853 1304 2936 ipsi
1330 2853 1435 2914 nullas

165 2961 341 3041 peccunias
362 2975 416 3021 aut
441 2981 490 3022 res
515 2961 657 3021 eiusdem
683 2960 871 3022 Thomasko
900 2980 964 3021 non
998 2973 1205 3042 receperunt;
1231 2959 1270 3020 de
1295 2979 1360 3041 quo
1385 2959 1433 3040 ju·
1504 2995 1507 3006 ·

165 3065 257 3126 dicio
289 3066 431 3148 ipsorum
464 3067 642 3148 juratorum
675 3067 740 3148 ipse
774 3066 963 3128 Thomasko
995 3085 1061 3126 non
1097 3079 1266 3128 contentus
1297 3064 1433 3127 eandem

164 3191 300 3233 causam
324 3172 363 3232 ad
388 3172 529 3234 seniores
553 3173 727 3255 appellavit
751 3171 882 3254 judices.

278 3277 355 3339 ltem
382 3297 509 3340 causam
542 3279 624 3340 inter
655 3277 856 3340 Anthonium
882 3277 1095 3360 Thermsych,
1127 3279 1166 3339 ab
1198 3297 1273 3357 una,
1297 3290 1327 3338 et
1351 3277 1433 3338 inter

165 3385 337 3447 Thomam
361 3399 502 3447 sutorem
540 3405 694 3466 generum
725 3383 902 3446 Clementis
936 3383 1103 3467 freniparis
1126 3383 1253 3444 racione
1278 3403 1431 3465 quorum·

163 3492 244 3553 dam
269 3491 502 3572 vituperiorum
536 3505 644 3552 contra
678 3491 782 3572 ipsum
815 3491 1016 3552 Anthonium
1049 3489 1250 3573 Thermsych
1283 3491 1430 3551 commis·

161 3617 290 3676 sorum,
315 3611 345 3658 et
369 3597 444 3679 quia
469 3597 534 3679 ipse
560 3597 743 3659 Anthonius
768 3596 980 3678 Thermsych,
1005 3597 1178 3658 modernus
1202 3595 1332 3677 juratus,
1357 3615 1430 3656 cum

161 3704 263 3767 certis
290 3703 413 3765 idoneis
437 3705 583 3786 personis
607 3705 839 3785 comprobavit,
864 3703 952 3785 quod
981 3705 1047 3786 ipse
1073 3703 1218 3764 Thomas
1241 3717 1329 3764 sutor
1353 3724 1430 3765 eun·

161 3812 243 3873 dem
270 3809 472 3872 Anthonium
496 3823 681 3872 ventrosum
706 3830 816 3872 canem
842 3810 1042 3892 appellasset,
1076 3809 1149 3871 ideo
1173 3809 1265 3888 jurati
1291 3808 1429 3870 eundem

160 3919 334 3980 Thomam
358 3933 498 3979 sutorem
532 3931 640 3979 contra
673 3917 813 3979 eundem
845 3916 1045 3977 Anthonium
1077 3915 1277 3997 Thermsych
1310 3915 1341 3975 in
1367 3915 1429 3976 bir-

159 4026 256 4105 sagio
283 4023 396 4105 viginti
423 4044 594 4106 pensarum
614 4023 819 4085 denariorum
845 4037 875 4084 et
898 4037 1008 4084 contra
1025 4022 1290 4084 communitatem
1315 4021 1346 4081 in
1372 4023 1429 4082 du-

159 4131 271 4193 centis
297 4129 435 4190 denariis
452 4131 699 4206 commiserunt;
725 4129 763 4191 de
789 4149 854 4210 quo
872 4129 991 4210 judicio
1009 4130 1150 4211 ipsorum
1169 4128 1344 4208 juratorum
1364 4127 1430 4209 ipse

160 4239 318 4300 Thomas
342 4251 431 4298 sutor
454 4237 531 4318 (non
557 4235 737 4318 contentus)
770 4235 905 4297 eandem
938 4255 1065 4297 causam
1090 4235 1129 4296 ad
1155 4235 1296 4296 seniores
1320 4235 1429 4316 appel-

157 4344 245 4406 lavit
269 4342 401 4423 judices.

275 4449 353 4511 ltem
379 4469 506 4512 causam
531 4451 613 4511 inter
637 4449 826 4511 Conradum
848 4450 991 4526 llawsar,
1015 4449 1087 4509 loco
1113 4447 1249 4508 condam
1274 4445 1429 4508 Anthonii

157 4559 246 4618 Rott
278 4555 403 4637 pridem
436 4557 560 4637 judicis,
592 4556 742 4636 judicem,
775 4571 806 4617 et
836 4555 918 4616 inter
950 4555 1115 4615 dominam
1150 4553 1357 4613 Katherinam
1383 4573 1429 4613 re·

154 4663 277 4724 lictam
303 4661 443 4742 primum
468 4663 605 4723 condam
632 4661 810 4723 Sebastinni
838 4661 988 4722 Soldinar
1021 4675 1050 4720 et
1076 4660 1203 4720 tandem
1230 4659 1329 4740 ipsius
1354 4679 1429 4719 con·

155 4771 242 4830 dam
274 4767 430 4829 Anthonii
465 4769 552 4846 Rott,
585 4769 713 4830 racione
745 4767 960 4848 quorumdam
994 4766 1105 4827 decem
1134 4765 1203 4826 flor.
1236 4765 1315 4842 auri,
1349 4783 1431 4846 quos

154 4874 306 4938 condam
333 4873 507 4954 Gregorius
531 4875 692 4936 colorator
716 4893 896 4956 pannorum
920 4874 998 4934 olim
1024 4873 1101 4933 civis
1125 4872 1208 4932 dicte
1234 4871 1370 4932 civitatis
1394 4891 1436 4932 ac

152 5001 267 5066 gener
293 4981 392 5062 ipsius
416 4981 552 5042 condam
571 4981 701 5041 domine
721 4980 893 5042 Katherine
913 4979 1123 5056 Soldinaricc,
1140 4991 1234 5059 prout
1259 4977 1325 5058 ipse
1343 4977 1429 5038 Con·

155 5087 266 5152 radus
292 5087 424 5148 Rausar
446 5087 540 5166 judex
568 5089 660 5150 nobis
677 5087 794 5165 retulit,
816 5087 1022 5168 obligaretur,
1046 5099 1075 5146 et
1093 5086 1168 5167 quia
1187 5082 1326 5210 prelatup
1343 5084 1429 5146 Con-
