3738 5786
610 509 808 584 Ann01457.
834 541 875 553 -
899 521 947 584 27.
970 511 1050 567 maii.

745 613 1007 620 --.--——.--.—
1109 615 1139 620 —

1403 526 1460 590 ¹²7

194 723 291 798 Faria
321 735 423 798 sexta
451 729 605 814 proxima
625 735 701 816 post
729 727 851 800 festum
872 727 1107 818 lipparicionis
1136 731 1246 800 sancti
1278 729 1460 801 Michaelis.

733 888 795 958 (13.
819 879 917 956 maci').

297 1020 379 1083 Item
397 1019 530 1082 domina
544 1021 582 1086 K.
596 1020 706 1082 relicta
727 1020 865 1084 condam
885 1021 1027 1102 magistri
1042 1019 1198 1082 Anthonii
1216 1020 1292 1083 dicti
1311 1020 1459 1101 Chonlra,

191 1127 279 1209 olym
305 1126 542 1209 prothonotarii
568 1127 693 1189 domini
718 1127 816 1190 Vlrici
842 1127 979 1206 comitis,
1007 1127 1104 1194 hodie
1129 1129 1231 1210 prima
1257 1129 1325 1191 vice
1350 1142 1458 1190 contra

190 1233 363 1296 dominum
396 1234 614 1314 Augustinum
647 1233 788 1316 priorem
819 1233 946 1296 claustri
971 1235 1071 1296 sancti
1105 1233 1230 1296 Nicolai
1263 1235 1404 1316 episcopi
1429 1247 1460 1296 et

190 1337 385 1402 confessoris
420 1353 467 1402 est
499 1359 657 1422 supereo
688 1341 895 1423 proclamata,
930 1353 964 1403 ut
992 1341 1060 1424 ipsa
1084 1356 1138 1403 aut
1171 1357 1361 1423 procurator
1383 1361 1460 1402 suus

191 1447 290 1506 nostri
317 1446 349 1506 in
367 1447 566 1528 presenciam
584 1467 686 1528 usque
711 1447 893 1529 quindenas
909 1447 1017 1508 venire
1035 1447 1150 1509 debeat
1167 1462 1197 1509 et
1221 1447 1289 1529 jura
1314 1467 1371 1509 seu
1387 1447 1457 1510 lite·

191 1551 268 1613 ralia
282 1552 507 1632 instrumenta,
521 1573 584 1636 que
598 1553 665 1636 ipse
678 1553 816 1616 condam
835 1553 985 1635 magister
1002 1553 1186 1615 Anthoniua
1203 1573 1297 1636 super
1315 1553 1455 1634 quadarn

191 1658 290 1719 domo
316 1673 347 1720 et
371 1659 459 1720 curia
483 1659 515 1721 in
527 1659 687 1722 territorio
711 1659 848 1722 civitatis
872 1659 1013 1742 predicte
1038 1659 1070 1721 in
1095 1659 1307 1742 pertinenciis
1331 1659 1458 1722 claustri

189 1765 289 1826 macti
323 1765 449 1827 Nicolai
473 1765 646 1848 supradicti
671 1763 813 1844 lundata,
838 1765 950 1827 habuit
966 1763 1122 1844 conlecta,
1143 1779 1313 1848 apportare
1338 1779 1369 1828 et
1385 1785 1457 1848 pro·

191 1870 309 1932 ducere
327 1871 462 1949 debeat;
486 1891 549 1954 que
572 1872 597 1932 si
623 1870 743 1951 lecerit,
768 1874 850 1934 bene
874 1872 1019 1953 quidem,
1042 1873 1067 1932 si
1100 1885 1207 1934 autem
1242 1890 1319 1950 non,
1344 1886 1458 1934 extunc

190 1976 221 2038 id
246 1978 337 2058 quod
362 1978 423 2059 juri
437 1977 598 2040 videbitur
622 1997 800 2040 consonum
825 1976 978 2040 faciemus
994 1977 1118 2060 justicia
1137 1992 1244 2040 nostra
1264 1979 1456 2060 requirente.

296 2083 376 2146 ltem
400 2083 564 2146 lohannes
580 2083 675 2164 judex
695 2083 868 2167 Perowych
892 2098 1003 2146 contra
1022 2084 1232 2146 benedictum
1256 2081 1454 2146 aurifabrum

189 2191 296 2272 primo
321 2189 437 2252 citatus
460 2209 525 2252 non
549 2190 739 2273 comparuit.

296 2297 375 2360 Item
401 2295 548 2380 Mathyas
570 2297 705 2358 servitor
721 2295 859 2358 condam
884 2295 1028 2374 Seboldi,
1045 2296 1186 2358 concivis
1205 2309 1323 2376 noster,
1341 2297 1457 2378 jurabit

187 2423 244 2486 per
268 2403 548 2485 adjudicacionem
572 2401 750 2485 juratorum
775 2417 889 2464 octavo
915 2403 966 2464 die
991 2417 1100 2466 contra
1118 2403 1281 2486 Mathyam
1306 2403 1457 2484 juratum,

188 2529 389 2592 arcuparem,
412 2529 507 2592 super
531 2530 569 2572 eo
594 2511 625 2572 in
651 2507 734 2572 lacto
758 2509 925 2572 cuiusdam
944 2509 1043 2590 gladii
1070 2509 1168 2592 ipsius
1193 2509 1322 2593 Mathye
1347 2509 1452 2590 jurati,

189 2629 223 2678 ut
247 2617 317 2700 ipse
341 2616 521 2699 predictum
544 2615 690 2697 gladium
715 2616 791 2678 dicti
821 2615 950 2699 Mathye
981 2615 1075 2696 jurati
1101 2635 1166 2677 non
1191 2615 1322 2698 recepit,
1347 2635 1452 2697 neque

188 2722 332 2805 prelatus
357 2722 519 2786 Seboldus
550 2724 654 2806 ipsum
687 2723 830 2804 gladium
865 2722 1009 2805 predicto
1034 2721 1163 2804 Mathye
1195 2720 1298 2803 jurato
1323 2722 1454 2784 reddere

189 2845 219 2892 et
242 2829 412 2892 restituere
440 2827 522 2892 lecit.

294 2935 373 2997 item
399 2935 510 2998 Petrus
534 2934 654 3018 lwsych
678 2955 734 3019 per
755 2934 1032 3018 adjudicacionem
1058 2935 1237 3016 juratorum
1263 2947 1377 2996 octavo
1403 2935 1454 2997 die

189 3055 298 3104 contra
326 3041 500 3103 Martinam
533 3055 685 3105 sartorem
711 3041 828 3124 jurabit
857 3061 953 3124 super
977 3061 1027 3119 e0,
1052 3054 1086 3103 ut
1119 3041 1184 3123 ipse
1211 3061 1276 3102 non
1310 3041 1456 3122 promisit

190 3167 318 3210 usuram
343 3147 468 3210 solvere
493 3148 573 3232 Elye
597 3149 701 3212 Judeo
725 3168 784 3232 pro
808 3147 932 3230 prelato
958 3149 1096 3210 Martino
1121 3161 1251 3210 sartore.

295 3272 375 3335 ltem
405 3272 531 3354 Agatha
554 3293 635 3334 uxor
667 3271 819 3356 Stephani
853 3271 892 3334 de
925 3271 1103 3356 Gorymlya
1135 3286 1221 3334 sexta
1246 3292 1278 3334 se
1310 3271 1455 3354 personis

187 3379 249 3439 sibi
274 3377 437 3440 similibus
461 3379 493 3440 in
510 3379 644 3441 ecclesia
668 3379 767 3440 sancti
785 3379 884 3441 Marci
902 3379 1108 3460 ewangeliste
1125 3398 1220 3462 super
1237 3397 1323 3440 ararn
1343 3391 1453 3440 contra

189 3485 426 3566 Margaretham
444 3485 596 3547 inclinant
614 3485 749 3548 civitatis
774 3499 888 3548 octavo
908 3486 960 3547 die
978 3485 1080 3568 jurare
1105 3485 1267 3548 tenebitur
1291 3505 1454 3568 superse,

189 3603 223 3652 ut
258 3592 326 3674 ipsa
357 3611 506 3674 suparam
531 3591 705 3674 quamdam
738 3591 913 3674 litigiosam
937 3591 1037 3672 vulgo
1068 3591 1212 3673 surlycza
1238 3591 1355 3654 dictam
1388 3611 1453 3652 non

186 3698 343 3760 subtraxit
367 3717 472 3780 neque
495 3699 588 3760 scivit
611 3699 712 3781 ipsam
738 3718 805 3760 esse
831 3699 1038 3760 subtractam.

294 3821 371 3884 ltem
398 3822 499 3885 Lucas
524 3821 666 3906 Pedsych
691 3822 795 3904 jurare
816 3823 980 3886 tenebitur
1004 3835 1119 3885 octavo
1143 3822 1195 3884 die
1221 3836 1329 3884 contra
1356 3822 1451 3884 Nico·

186 3928 275 3988 laum
299 3943 439 3990 sutorem
466 3949 521 4011 per
544 3929 823 4012 adjudicationem
843 3929 1020 4008 juratorum
1045 3929 1149 4010 jurare
1173 3928 1334 3990 tenebitur
1359 3947 1453 4010 super

186 4053 238 4113 eo,
264 4049 297 4096 ut
320 4035 386 4118 ipse
412 4035 485 4097 illos
517 4035 608 4119 palos
639 4036 797 4118 litigiosos
829 4055 912 4118 quos
942 4034 1082 4117 prelatus
1114 4035 1268 4096 Nicolaus
1292 4049 1381 4097 sutor
1405 4055 1452 4095 re-

184 4141 360 4223 captiverat
392 4162 451 4224 pro
484 4141 633 4204 habendo
665 4162 761 4225 super
793 4143 837 4203 eis
868 4141 992 4222 justicie
1028 4141 1277 4223 complemento,
1308 4141 1339 4201 in
1373 4141 1451 4201 silva

184 4247 329 4309 eiusdem
354 4249 481 4310 Nicolai
506 4249 623 4311 sutoris
646 4268 712 4310 non
737 4249 848 4328 secuit,
873 4247 928 4308 sed
953 4249 1108 4310 innocens
1133 4261 1215 4308 esset
1239 4248 1272 4308 in
1297 4246 1351 4308 eis.

269 4483 360 4559 Feria
400 4495 498 4559 sexta
534 4491 689 4578 proxima
728 4497 803 4576 post
839 4487 962 4559 lestum
991 4485 1202 4558 ascensionis
1231 4484 1371 4556 Domini.

731 4645 792 4718 (27.
817 4641 911 4714 maii).

295 4779 369 4842 Item
396 4782 551 4863 magistro
577 4781 670 4843 Petro
695 4781 822 4843 literato
847 4781 887 4841 de
905 4779 1071 4842 Gudowcz
1097 4796 1168 4863 post
1193 4779 1308 4842 festum
1333 4785 1450 4840 Ascen-

186 4886 290 4947 sionis
312 4887 445 4951 Domini
470 4887 689 4972 supradictum
722 4887 862 4970 predicta
888 4885 966 4948 feria
990 4901 1076 4950 sexta
1109 4903 1154 4950 est
1180 4888 1272 4948 datus
1296 4886 1451 4948 terminus

183 4993 411 5076 quindecimus
435 4994 503 5056 dies
529 4994 569 5056 ad
594 4994 845 5078 comparendum
870 5007 901 5054 ct
926 4993 1170 5076 producendum
1195 4993 1264 5074 jura
1288 5007 1318 5054 et
1343 4993 1450 5054 literas
