<?xml version="1.0" encoding="UTF-8"?>
<!DOCTYPE html PUBLIC "-//W3C//DTD XHTML 1.0 Transitional//EN"
    "http://www.w3.org/TR/xhtml1/DTD/xhtml1-transitional.dtd">
<html xmlns="http://www.w3.org/1999/xhtml" xml:lang="en" lang="en">
 <head>
  <title>
</title>
<meta http-equiv="Content-Type" content="text/html;charset=utf-8" />
  <meta name='ocr-system' content='tesseract 3.04.00' />
  <meta name='ocr-capabilities' content='ocr_page ocr_carea ocr_par ocr_line ocrx_word'/>
</head>
<body>
  <div class='ocr_page' id='page_1' title='image "./monumentahistor13laszgoog_0272.png"; bbox 0 0 3644 5788; ppageno 0'>
   <div class='ocr_carea' id='block_1_1' title="bbox 405 581 466 624">
    <p class='ocr_par' dir='ltr' id='par_1_1' title="bbox 405 581 466 624">
     <span class='ocr_line' id='line_1_1' title="bbox 405 581 466 624; baseline 0 0"><span class='ocrx_word' id='word_1_1' title='bbox 405 581 466 624; x_wconf 84' lang='lat'>212</span> 
     </span>
    </p>
   </div>
   <div class='ocr_carea' id='block_1_2' title="bbox 778 563 1279 643">
    <p class='ocr_par' dir='ltr' id='par_1_2' title="bbox 778 563 1279 643">
     <span class='ocr_line' id='line_1_2' title="bbox 778 563 1279 643; baseline 0.004 -19"><span class='ocrx_word' id='word_1_2' title='bbox 778 567 865 624; x_wconf 75' lang='lat' dir='ltr'>Amao</span> <span class='ocrx_word' id='word_1_3' title='bbox 888 563 978 643; x_wconf 77' lang='lat'><em>1461.</em></span> <span class='ocrx_word' id='word_1_4' title='bbox 1005 599 1044 608; x_wconf 94' lang='lat'>-</span> <span class='ocrx_word' id='word_1_5' title='bbox 1069 579 1096 625; x_wconf 92' lang='lat'>1.</span> <span class='ocrx_word' id='word_1_6' title='bbox 1120 565 1279 627; x_wconf 69' lang='lat' dir='ltr'>decembris.</span> 
     </span>
    </p>
   </div>
   <div class='ocr_carea' id='block_1_3' title="bbox 400 776 1674 3923">
    <p class='ocr_par' dir='ltr' id='par_1_3' title="bbox 404 776 1665 1159">
     <span class='ocr_line' id='line_1_3' title="bbox 404 776 1664 862; baseline 0.002 -25"><span class='ocrx_word' id='word_1_7' title='bbox 404 777 506 837; x_wconf 83' lang='lat' dir='ltr'>dictus</span> <span class='ocrx_word' id='word_1_8' title='bbox 531 776 697 838; x_wconf 87' lang='lat' dir='ltr'>Terbusch</span> <span class='ocrx_word' id='word_1_9' title='bbox 725 777 860 854; x_wconf 83' lang='lat' dir='ltr'>institor,</span> <span class='ocrx_word' id='word_1_10' title='bbox 886 777 965 837; x_wconf 91' lang='lat' dir='ltr'>olim</span> <span class='ocrx_word' id='word_1_11' title='bbox 990 777 1068 838; x_wconf 88' lang='lat' dir='ltr'>civis</span> <span class='ocrx_word' id='word_1_12' title='bbox 1089 790 1206 854; x_wconf 89' lang='lat' dir='ltr'>noster,</span> <span class='ocrx_word' id='word_1_13' title='bbox 1222 777 1365 838; x_wconf 90' lang='lat' dir='ltr'>sororius</span> <span class='ocrx_word' id='word_1_14' title='bbox 1388 777 1532 839; x_wconf 89' lang='lat' dir='ltr'>eiusdem</span> <span class='ocrx_word' id='word_1_15' title='bbox 1552 779 1664 862; x_wconf 88' lang='lat' dir='ltr'>Elyza·</span> 
     </span>
     <span class='ocr_line' id='line_1_4' title="bbox 406 883 1665 962; baseline 0 -16"><span class='ocrx_word' id='word_1_16' title='bbox 406 884 492 962; x_wconf 89' lang='lat' dir='ltr'>beth,</span> <span class='ocrx_word' id='word_1_17' title='bbox 517 885 548 945; x_wconf 88' lang='lat' dir='ltr'>In</span> <span class='ocrx_word' id='word_1_18' title='bbox 582 903 640 946; x_wconf 89' lang='lat' dir='ltr'>suo</span> <span class='ocrx_word' id='word_1_19' title='bbox 665 883 780 944; x_wconf 88' lang='lat' dir='ltr'>uItImo</span> <span class='ocrx_word' id='word_1_20' title='bbox 812 897 888 945; x_wconf 92' lang='lat' dir='ltr'>voto</span> <span class='ocrx_word' id='word_1_21' title='bbox 921 883 1126 944; x_wconf 88' lang='lat' dir='ltr'>medietatem</span> <span class='ocrx_word' id='word_1_22' title='bbox 1159 884 1262 944; x_wconf 91' lang='lat' dir='ltr'>civilis</span> <span class='ocrx_word' id='word_1_23' title='bbox 1293 884 1341 944; x_wconf 88' lang='lat' dir='ltr'>sui</span> <span class='ocrx_word' id='word_1_24' title='bbox 1375 884 1406 944; x_wconf 93' lang='lat' dir='ltr'>in</span> <span class='ocrx_word' id='word_1_25' title='bbox 1432 885 1514 946; x_wconf 85' lang='lat' dir='ltr'>dIcta</span> <span class='ocrx_word' id='word_1_26' title='bbox 1541 885 1665 946; x_wconf 84' lang='lat' dir='ltr'>clvitate</span> 
     </span>
     <span class='ocr_line' id='line_1_5' title="bbox 404 989 1663 1070; baseline 0.002 -19"><span class='ocrx_word' id='word_1_27' title='bbox 404 989 503 1052; x_wconf 89' lang='lat' dir='ltr'>habiti</span> <span class='ocrx_word' id='word_1_28' title='bbox 528 990 708 1070; x_wconf 65' lang='lat' dir='ltr'>legavisse,</span> <span class='ocrx_word' id='word_1_29' title='bbox 733 1008 830 1070; x_wconf 92' lang='lat' dir='ltr'>quam</span> <span class='ocrx_word' id='word_1_30' title='bbox 865 989 998 1050; x_wconf 86' lang='lat' dir='ltr'>domurn</span> <span class='ocrx_word' id='word_1_31' title='bbox 1025 990 1091 1070; x_wconf 89' lang='lat' dir='ltr'>Ipsa</span> <span class='ocrx_word' id='word_1_32' title='bbox 1118 989 1294 1070; x_wconf 87' lang='lat' dir='ltr'>Elyzabeth</span> <span class='ocrx_word' id='word_1_33' title='bbox 1322 990 1551 1055; x_wconf 87' lang='lat' dir='ltr'>Bartholomeo</span> <span class='ocrx_word' id='word_1_34' title='bbox 1575 993 1663 1054; x_wconf 93' lang='lat' dir='ltr'>insti-</span> 
     </span>
     <span class='ocr_line' id='line_1_6' title="bbox 406 1096 980 1159; baseline 0 -2"><span class='ocrx_word' id='word_1_35' title='bbox 406 1098 466 1159; x_wconf 89' lang='lat' dir='ltr'>tori</span> <span class='ocrx_word' id='word_1_36' title='bbox 492 1097 616 1158; x_wconf 87' lang='lat' dir='ltr'>concivi</span> <span class='ocrx_word' id='word_1_37' title='bbox 642 1110 750 1157; x_wconf 89' lang='lat' dir='ltr'>nostro</span> <span class='ocrx_word' id='word_1_38' title='bbox 775 1096 980 1158; x_wconf 90' lang='lat' dir='ltr'>vendidisset.</span> 
     </span>
    </p>

    <p class='ocr_par' dir='ltr' id='par_1_4' title="bbox 408 1202 1665 1390">
     <span class='ocr_line' id='line_1_7' title="bbox 513 1202 1665 1284; baseline 0.004 -22"><span class='ocrx_word' id='word_1_39' title='bbox 513 1203 589 1264; x_wconf 84' lang='lat' dir='ltr'>Item</span> <span class='ocrx_word' id='word_1_40' title='bbox 615 1203 762 1264; x_wconf 91' lang='lat' dir='ltr'>terciario</span> <span class='ocrx_word' id='word_1_41' title='bbox 788 1215 834 1264; x_wconf 90' lang='lat' dir='ltr'>eat</span> <span class='ocrx_word' id='word_1_42' title='bbox 857 1202 1090 1284; x_wconf 89' lang='lat' dir='ltr'>proclamatum</span> <span class='ocrx_word' id='word_1_43' title='bbox 1116 1222 1211 1284; x_wconf 91' lang='lat' dir='ltr'>super</span> <span class='ocrx_word' id='word_1_44' title='bbox 1235 1203 1350 1264; x_wconf 92' lang='lat' dir='ltr'>domos</span> <span class='ocrx_word' id='word_1_45' title='bbox 1375 1205 1511 1265; x_wconf 85' lang='lat' dir='ltr'>condant</span> <span class='ocrx_word' id='word_1_46' title='bbox 1537 1206 1665 1267; x_wconf 89' lang='lat' dir='ltr'>domine</span> 
     </span>
     <span class='ocr_line' id='line_1_8' title="bbox 408 1307 1663 1390; baseline 0.003 -20"><span class='ocrx_word' id='word_1_47' title='bbox 408 1309 506 1370; x_wconf 84' lang='lat' dir='ltr'>Lucis</span> <span class='ocrx_word' id='word_1_48' title='bbox 530 1309 569 1369; x_wconf 94' lang='lat' dir='ltr'>de</span> <span class='ocrx_word' id='word_1_49' title='bbox 587 1309 658 1369; x_wconf 93' lang='lat' dir='ltr'>vico</span> <span class='ocrx_word' id='word_1_50' title='bbox 678 1307 876 1385; x_wconf 89' lang='lat' dir='ltr'>Latinorum,</span> <span class='ocrx_word' id='word_1_51' title='bbox 894 1328 989 1390; x_wconf 90' lang='lat' dir='ltr'>super</span> <span class='ocrx_word' id='word_1_52' title='bbox 1006 1308 1121 1370; x_wconf 88' lang='lat' dir='ltr'>domos</span> <span class='ocrx_word' id='word_1_53' title='bbox 1138 1309 1216 1370; x_wconf 89' lang='lat' dir='ltr'>duas</span> <span class='ocrx_word' id='word_1_54' title='bbox 1236 1309 1265 1370; x_wconf 93' lang='lat' dir='ltr'>in</span> <span class='ocrx_word' id='word_1_55' title='bbox 1285 1309 1368 1372; x_wconf 90' lang='lat' dir='ltr'>dicta</span> <span class='ocrx_word' id='word_1_56' title='bbox 1389 1310 1514 1371; x_wconf 89' lang='lat' dir='ltr'>civitate</span> <span class='ocrx_word' id='word_1_57' title='bbox 1533 1311 1663 1374; x_wconf 89' lang='lat' dir='ltr'>habitas.</span> 
     </span>
    </p>

    <p class='ocr_par' dir='ltr' id='par_1_5' title="bbox 403 1412 1665 1923">
     <span class='ocr_line' id='line_1_9' title="bbox 510 1412 1664 1499; baseline 0.003 -24"><span class='ocrx_word' id='word_1_58' title='bbox 510 1415 588 1475; x_wconf 89' lang='lat' dir='ltr'>Item</span> <span class='ocrx_word' id='word_1_59' title='bbox 613 1433 740 1475; x_wconf 88' lang='lat' dir='ltr'>causam</span> <span class='ocrx_word' id='word_1_60' title='bbox 766 1415 848 1476; x_wconf 90' lang='lat' dir='ltr'>inter</span> <span class='ocrx_word' id='word_1_61' title='bbox 873 1412 1029 1476; x_wconf 83' lang='lat' dir='ltr'>famulum</span> <span class='ocrx_word' id='word_1_62' title='bbox 1056 1414 1176 1476; x_wconf 90' lang='lat' dir='ltr'>Mathie</span> <span class='ocrx_word' id='word_1_63' title='bbox 1201 1416 1396 1496; x_wconf 86' lang='lat' dir='ltr'>panczerarii</span> <span class='ocrx_word' id='word_1_64' title='bbox 1422 1431 1453 1478; x_wconf 91' lang='lat' dir='ltr'>et</span> <span class='ocrx_word' id='word_1_65' title='bbox 1477 1419 1582 1499; x_wconf 90' lang='lat' dir='ltr'>ipsum</span> <span class='ocrx_word' id='word_1_66' title='bbox 1601 1419 1664 1478; x_wconf 89' lang='lat' dir='ltr'>Ma·</span> 
     </span>
     <span class='ocr_line' id='line_1_10' title="bbox 409 1519 1664 1602; baseline 0.002 -19"><span class='ocrx_word' id='word_1_67' title='bbox 409 1521 508 1583; x_wconf 81' lang='lat' dir='ltr'><strong>thiam</strong></span> <span class='ocrx_word' id='word_1_68' title='bbox 523 1521 615 1600; x_wconf 89' lang='lat' dir='ltr'>jurati</span> <span class='ocrx_word' id='word_1_69' title='bbox 633 1519 908 1600; x_wconf 87' lang='lat' dir='ltr'>adjudicaverunt,</span> <span class='ocrx_word' id='word_1_70' title='bbox 922 1520 1010 1601; x_wconf 91' lang='lat' dir='ltr'>quod</span> <span class='ocrx_word' id='word_1_71' title='bbox 1028 1522 1094 1602; x_wconf 87' lang='lat' dir='ltr'>Ipse</span> <span class='ocrx_word' id='word_1_72' title='bbox 1112 1519 1252 1583; x_wconf 84' lang='lat' dir='ltr'>famulus</span> <span class='ocrx_word' id='word_1_73' title='bbox 1270 1522 1493 1584; x_wconf 75' lang='lat' dir='ltr'>vulneraverat</span> <span class='ocrx_word' id='word_1_74' title='bbox 1509 1522 1664 1585; x_wconf 82' lang='lat' dir='ltr'>famulum</span> 
     </span>
     <span class='ocr_line' id='line_1_11' title="bbox 406 1625 1665 1708; baseline 0.002 -20"><span class='ocrx_word' id='word_1_75' title='bbox 406 1627 566 1702; x_wconf 85' lang='lat' dir='ltr'>Plathnar‚</span> <span class='ocrx_word' id='word_1_76' title='bbox 592 1625 679 1708; x_wconf 89' lang='lat' dir='ltr'>quod</span> <span class='ocrx_word' id='word_1_77' title='bbox 706 1627 771 1708; x_wconf 90' lang='lat' dir='ltr'>ipse</span> <span class='ocrx_word' id='word_1_78' title='bbox 798 1626 933 1688; x_wconf 86' lang='lat' dir='ltr'>Mathiaa</span> <span class='ocrx_word' id='word_1_79' title='bbox 965 1627 1172 1688; x_wconf 87' lang='lat' dir='ltr'>medietatem</span> <span class='ocrx_word' id='word_1_80' title='bbox 1200 1628 1340 1689; x_wconf 88' lang='lat' dir='ltr'>solveret</span> <span class='ocrx_word' id='word_1_81' title='bbox 1372 1641 1402 1689; x_wconf 90' lang='lat' dir='ltr'>et</span> <span class='ocrx_word' id='word_1_82' title='bbox 1425 1629 1521 1690; x_wconf 86' lang='lat' dir='ltr'>aliam</span> <span class='ocrx_word' id='word_1_83' title='bbox 1546 1630 1665 1690; x_wconf 86' lang='lat' dir='ltr'>medie·</span> 
     </span>
     <span class='ocr_line' id='line_1_12' title="bbox 404 1733 1665 1817; baseline 0.002 -21"><span class='ocrx_word' id='word_1_84' title='bbox 404 1747 501 1796; x_wconf 92' lang='lat' dir='ltr'>tatem</span> <span class='ocrx_word' id='word_1_85' title='bbox 534 1735 601 1817; x_wconf 87' lang='lat' dir='ltr'>lpse</span> <span class='ocrx_word' id='word_1_86' title='bbox 634 1733 791 1810; x_wconf 85' lang='lat' dir='ltr'>famulus;</span> <span class='ocrx_word' id='word_1_87' title='bbox 831 1734 897 1816; x_wconf 91' lang='lat' dir='ltr'>ipse</span> <span class='ocrx_word' id='word_1_88' title='bbox 938 1753 1014 1794; x_wconf 91' lang='lat' dir='ltr'>vero</span> <span class='ocrx_word' id='word_1_89' title='bbox 1055 1735 1191 1795; x_wconf 86' lang='lat' dir='ltr'>Mathias</span> <span class='ocrx_word' id='word_1_90' title='bbox 1225 1735 1430 1816; x_wconf 89' lang='lat' dir='ltr'>pancerarius</span> <span class='ocrx_word' id='word_1_91' title='bbox 1468 1735 1665 1798; x_wconf 88' lang='lat' dir='ltr'>voluntatem</span> 
     </span>
     <span class='ocr_line' id='line_1_13' title="bbox 403 1840 1019 1923; baseline 0.003 -21"><span class='ocrx_word' id='word_1_92' title='bbox 403 1841 502 1923; x_wconf 88' lang='lat' dir='ltr'>judici</span> <span class='ocrx_word' id='word_1_93' title='bbox 527 1856 558 1902; x_wconf 89' lang='lat' dir='ltr'>et</span> <span class='ocrx_word' id='word_1_94' title='bbox 581 1840 691 1920; x_wconf 88' lang='lat' dir='ltr'>juratis</span> <span class='ocrx_word' id='word_1_95' title='bbox 714 1854 841 1902; x_wconf 90' lang='lat' dir='ltr'>tenetur</span> <span class='ocrx_word' id='word_1_96' title='bbox 866 1841 1019 1904; x_wconf 84' lang='lat' dir='ltr'>InvenIre.</span> 
     </span>
    </p>

    <p class='ocr_par' dir='ltr' id='par_1_6' title="bbox 405 1946 1666 2116">
     <span class='ocr_line' id='line_1_14' title="bbox 510 1946 1666 2030; baseline -0.003 -20"><span class='ocrx_word' id='word_1_97' title='bbox 510 1948 587 2010; x_wconf 89' lang='lat' dir='ltr'>Item</span> <span class='ocrx_word' id='word_1_98' title='bbox 614 1947 741 2010; x_wconf 81' lang='lat' dir='ltr'>Gerltxa</span> <span class='ocrx_word' id='word_1_99' title='bbox 764 1947 930 2009; x_wconf 90' lang='lat' dir='ltr'>convictus</span> <span class='ocrx_word' id='word_1_100' title='bbox 961 1962 1008 2008; x_wconf 88' lang='lat' dir='ltr'>est</span> <span class='ocrx_word' id='word_1_101' title='bbox 1031 1961 1142 2009; x_wconf 88' lang='lat' dir='ltr'>contra</span> <span class='ocrx_word' id='word_1_102' title='bbox 1167 1947 1326 2026; x_wconf 82' lang='lat' dir='ltr'>Agatham</span> <span class='ocrx_word' id='word_1_103' title='bbox 1359 1947 1390 2008; x_wconf 91' lang='lat' dir='ltr'>in</span> <span class='ocrx_word' id='word_1_104' title='bbox 1416 1949 1454 2009; x_wconf 95' lang='lat' dir='ltr'>V.</span> <span class='ocrx_word' id='word_1_105' title='bbox 1479 1948 1595 2030; x_wconf 82' lang='lat' dir='ltr'>pensis,</span> <span class='ocrx_word' id='word_1_106' title='bbox 1619 1946 1666 2026; x_wconf 90' lang='lat' dir='ltr'>ju-</span> 
     </span>
     <span class='ocr_line' id='line_1_15' title="bbox 405 2053 717 2116; baseline 0 0"><span class='ocrx_word' id='word_1_107' title='bbox 405 2055 480 2116; x_wconf 90' lang='lat' dir='ltr'>ratis</span> <span class='ocrx_word' id='word_1_108' title='bbox 505 2053 543 2116; x_wconf 90' lang='lat' dir='ltr'>C.</span> <span class='ocrx_word' id='word_1_109' title='bbox 568 2054 717 2116; x_wconf 87' lang='lat' dir='ltr'>denariis.</span> 
     </span>
    </p>

    <p class='ocr_par' dir='ltr' id='par_1_7' title="bbox 404 2157 1662 2349">
     <span class='ocr_line' id='line_1_16' title="bbox 510 2157 1662 2222; baseline 0 -2"><span class='ocrx_word' id='word_1_110' title='bbox 510 2160 588 2222; x_wconf 88' lang='lat' dir='ltr'>Item</span> <span class='ocrx_word' id='word_1_111' title='bbox 619 2180 711 2221; x_wconf 89' lang='lat' dir='ltr'>causa</span> <span class='ocrx_word' id='word_1_112' title='bbox 745 2160 827 2222; x_wconf 88' lang='lat' dir='ltr'>inter</span> <span class='ocrx_word' id='word_1_113' title='bbox 861 2159 1029 2221; x_wconf 84' lang='lat' dir='ltr'><strong>Nicolaum</strong></span> <span class='ocrx_word' id='word_1_114' title='bbox 1070 2173 1223 2221; x_wconf 85' lang='lat' dir='ltr'>sartorem</span> <span class='ocrx_word' id='word_1_115' title='bbox 1258 2175 1288 2222; x_wconf 91' lang='lat' dir='ltr'>et</span> <span class='ocrx_word' id='word_1_116' title='bbox 1321 2159 1474 2222; x_wconf 85' lang='lat' dir='ltr'>Mathiam</span> <span class='ocrx_word' id='word_1_117' title='bbox 1509 2157 1662 2221; x_wconf 86' lang='lat' dir='ltr'>famulum</span> 
     </span>
     <span class='ocr_line' id='line_1_17' title="bbox 404 2266 1598 2349; baseline 0.001 -21"><span class='ocrx_word' id='word_1_118' title='bbox 404 2267 548 2329; x_wconf 85' lang='lat' dir='ltr'>eiusdem</span> <span class='ocrx_word' id='word_1_119' title='bbox 572 2267 701 2328; x_wconf 76' lang='lat' dir='ltr'>racione</span> <span class='ocrx_word' id='word_1_120' title='bbox 725 2266 940 2327; x_wconf 86' lang='lat' dir='ltr'>ammissionis</span> <span class='ocrx_word' id='word_1_121' title='bbox 964 2267 1039 2348; x_wconf 89' lang='lat' dir='ltr'>palii</span> <span class='ocrx_word' id='word_1_122' title='bbox 1066 2282 1272 2349; x_wconf 84' lang='lat' dir='ltr'>prorogatum</span> <span class='ocrx_word' id='word_1_123' title='bbox 1297 2267 1338 2328; x_wconf 89' lang='lat' dir='ltr'>ad</span> <span class='ocrx_word' id='word_1_124' title='bbox 1362 2267 1598 2330; x_wconf 89' lang='lat' dir='ltr'>sciscitandum.</span> 
     </span>
    </p>

    <p class='ocr_par' dir='ltr' id='par_1_8' title="bbox 403 2371 1665 2774">
     <span class='ocr_line' id='line_1_18' title="bbox 510 2371 1664 2455; baseline -0.001 -22"><span class='ocrx_word' id='word_1_125' title='bbox 510 2372 589 2433; x_wconf 88' lang='lat' dir='ltr'>Item</span> <span class='ocrx_word' id='word_1_126' title='bbox 606 2391 735 2434; x_wconf 89' lang='lat' dir='ltr'>causam</span> <span class='ocrx_word' id='word_1_127' title='bbox 760 2373 843 2434; x_wconf 92' lang='lat' dir='ltr'>inter</span> <span class='ocrx_word' id='word_1_128' title='bbox 860 2372 1013 2434; x_wconf 88' lang='lat' dir='ltr'>Mathiam</span> <span class='ocrx_word' id='word_1_129' title='bbox 1039 2387 1180 2434; x_wconf 90' lang='lat' dir='ltr'>sutorem</span> <span class='ocrx_word' id='word_1_130' title='bbox 1199 2387 1229 2434; x_wconf 93' lang='lat' dir='ltr'>et</span> <span class='ocrx_word' id='word_1_131' title='bbox 1254 2373 1423 2434; x_wconf 84' lang='lat' dir='ltr'>Nicolaum</span> <span class='ocrx_word' id='word_1_132' title='bbox 1450 2371 1664 2455; x_wconf 87' lang='lat' dir='ltr'>Wrecharych</span> 
     </span>
     <span class='ocr_line' id='line_1_19' title="bbox 403 2477 1665 2560; baseline -0.001 -21"><span class='ocrx_word' id='word_1_133' title='bbox 403 2478 496 2559; x_wconf 89' lang='lat' dir='ltr'>jurati</span> <span class='ocrx_word' id='word_1_134' title='bbox 522 2477 788 2560; x_wconf 86' lang='lat' dir='ltr'>adjudicaverunt</span> <span class='ocrx_word' id='word_1_135' title='bbox 811 2479 941 2540; x_wconf 85' lang='lat' dir='ltr'>racione</span> <span class='ocrx_word' id='word_1_136' title='bbox 973 2479 1208 2540; x_wconf 88' lang='lat' dir='ltr'>verbetacionis</span> <span class='ocrx_word' id='word_1_137' title='bbox 1233 2493 1263 2539; x_wconf 91' lang='lat' dir='ltr'>et</span> <span class='ocrx_word' id='word_1_138' title='bbox 1297 2479 1546 2556; x_wconf 89' lang='lat' dir='ltr'>vulneracionis,</span> <span class='ocrx_word' id='word_1_139' title='bbox 1579 2478 1665 2559; x_wconf 92' lang='lat' dir='ltr'>quod</span> 
     </span>
     <span class='ocr_line' id='line_1_20' title="bbox 404 2583 1665 2668; baseline -0.001 -22"><span class='ocrx_word' id='word_1_140' title='bbox 404 2586 472 2668; x_wconf 88' lang='lat' dir='ltr'>ipse</span> <span class='ocrx_word' id='word_1_141' title='bbox 496 2586 649 2648; x_wconf 88' lang='lat' dir='ltr'>Nicolaus</span> <span class='ocrx_word' id='word_1_142' title='bbox 674 2587 733 2667; x_wconf 93' lang='lat' dir='ltr'>ipsi</span> <span class='ocrx_word' id='word_1_143' title='bbox 759 2585 879 2648; x_wconf 90' lang='lat' dir='ltr'>Mathie</span> <span class='ocrx_word' id='word_1_144' title='bbox 901 2599 1026 2647; x_wconf 91' lang='lat' dir='ltr'>tenetur</span> <span class='ocrx_word' id='word_1_145' title='bbox 1050 2585 1175 2647; x_wconf 89' lang='lat' dir='ltr'>solvere</span> <span class='ocrx_word' id='word_1_146' title='bbox 1192 2604 1294 2665; x_wconf 85' lang='lat' dir='ltr'>usque</span> <span class='ocrx_word' id='word_1_147' title='bbox 1319 2599 1468 2646; x_wconf 89' lang='lat' dir='ltr'>octavum</span> <span class='ocrx_word' id='word_1_148' title='bbox 1493 2584 1579 2646; x_wconf 90' lang='lat' dir='ltr'>diem</span> <span class='ocrx_word' id='word_1_149' title='bbox 1595 2583 1665 2646; x_wconf 89' lang='lat' dir='ltr'>XIII</span> 
     </span>
     <span class='ocr_line' id='line_1_21' title="bbox 403 2692 1025 2774; baseline 0.002 -22"><span class='ocrx_word' id='word_1_150' title='bbox 403 2711 518 2773; x_wconf 87' lang='lat' dir='ltr'>pensas</span> <span class='ocrx_word' id='word_1_151' title='bbox 542 2705 573 2754; x_wconf 90' lang='lat' dir='ltr'>et</span> <span class='ocrx_word' id='word_1_152' title='bbox 596 2693 707 2774; x_wconf 88' lang='lat' dir='ltr'>juratis</span> <span class='ocrx_word' id='word_1_153' title='bbox 731 2692 875 2774; x_wconf 88' lang='lat' dir='ltr'>quinque</span> <span class='ocrx_word' id='word_1_154' title='bbox 900 2711 1025 2773; x_wconf 89' lang='lat' dir='ltr'>pensas.</span> 
     </span>
    </p>

    <p class='ocr_par' dir='ltr' id='par_1_9' title="bbox 403 2797 1668 3199">
     <span class='ocr_line' id='line_1_22' title="bbox 509 2797 1666 2860; baseline 0 -2"><span class='ocrx_word' id='word_1_155' title='bbox 509 2797 587 2860; x_wconf 85' lang='lat' dir='ltr'>Item</span> <span class='ocrx_word' id='word_1_156' title='bbox 612 2818 739 2860; x_wconf 87' lang='lat' dir='ltr'>causam</span> <span class='ocrx_word' id='word_1_157' title='bbox 764 2799 847 2859; x_wconf 87' lang='lat' dir='ltr'>Inter</span> <span class='ocrx_word' id='word_1_158' title='bbox 871 2798 1013 2860; x_wconf 88' lang='lat' dir='ltr'>Blasium</span> <span class='ocrx_word' id='word_1_159' title='bbox 1038 2811 1191 2860; x_wconf 86' lang='lat' dir='ltr'>sertorem</span> <span class='ocrx_word' id='word_1_160' title='bbox 1221 2799 1350 2860; x_wconf 89' lang='lat' dir='ltr'>racione</span> <span class='ocrx_word' id='word_1_161' title='bbox 1382 2797 1486 2858; x_wconf 88' lang='lat' dir='ltr'>dentis</span> <span class='ocrx_word' id='word_1_162' title='bbox 1518 2797 1666 2858; x_wconf 89' lang='lat' dir='ltr'>unicorni</span> 
     </span>
     <span class='ocr_line' id='line_1_23' title="bbox 405 2903 1668 2987; baseline -0.002 -21"><span class='ocrx_word' id='word_1_163' title='bbox 405 2919 436 2968; x_wconf 90' lang='lat' dir='ltr'>et</span> <span class='ocrx_word' id='word_1_164' title='bbox 471 2918 656 2967; x_wconf 82' lang='lat' dir='ltr'>executores</span> <span class='ocrx_word' id='word_1_165' title='bbox 688 2904 827 2967; x_wconf 89' lang='lat' dir='ltr'>condam</span> <span class='ocrx_word' id='word_1_166' title='bbox 860 2905 940 2966; x_wconf 89' lang='lat' dir='ltr'>Pero</span> <span class='ocrx_word' id='word_1_167' title='bbox 972 2905 1064 2986; x_wconf 83' lang='lat' dir='ltr'>jurati</span> <span class='ocrx_word' id='word_1_168' title='bbox 1105 2918 1360 2987; x_wconf 81' lang='lat' dir='ltr'>prorogaverunt</span> <span class='ocrx_word' id='word_1_169' title='bbox 1392 2923 1492 2984; x_wconf 89' lang='lat' dir='ltr'>usque</span> <span class='ocrx_word' id='word_1_170' title='bbox 1526 2903 1668 2984; x_wconf 88' lang='lat' dir='ltr'>primum</span> 
     </span>
     <span class='ocr_line' id='line_1_24' title="bbox 403 3009 1668 3093; baseline -0.002 -21"><span class='ocrx_word' id='word_1_171' title='bbox 403 3010 558 3091; x_wconf 86' lang='lat' dir='ltr'>judicIum</span> <span class='ocrx_word' id='word_1_172' title='bbox 583 3025 654 3093; x_wconf 90' lang='lat' dir='ltr'>post</span> <span class='ocrx_word' id='word_1_173' title='bbox 679 3012 827 3072; x_wconf 88' lang='lat' dir='ltr'>Natalem</span> <span class='ocrx_word' id='word_1_174' title='bbox 852 3010 982 3089; x_wconf 79' lang='lat' dir='ltr'>christi,</span> <span class='ocrx_word' id='word_1_175' title='bbox 1007 3025 1037 3072; x_wconf 92' lang='lat' dir='ltr'>et</span> <span class='ocrx_word' id='word_1_176' title='bbox 1066 3011 1133 3093; x_wconf 88' lang='lat' dir='ltr'>ipse</span> <span class='ocrx_word' id='word_1_177' title='bbox 1150 3025 1296 3073; x_wconf 89' lang='lat' dir='ltr'>teneatur</span> <span class='ocrx_word' id='word_1_178' title='bbox 1320 3009 1492 3072; x_wconf 88' lang='lat' dir='ltr'>literatorie</span> <span class='ocrx_word' id='word_1_179' title='bbox 1518 3027 1668 3090; x_wconf 90' lang='lat' dir='ltr'>compro·</span> 
     </span>
     <span class='ocr_line' id='line_1_25' title="bbox 403 3115 1296 3199; baseline 0 -21"><span class='ocrx_word' id='word_1_180' title='bbox 403 3119 478 3178; x_wconf 90' lang='lat' dir='ltr'>bare</span> <span class='ocrx_word' id='word_1_181' title='bbox 503 3118 548 3179; x_wconf 92' lang='lat' dir='ltr'>uti</span> <span class='ocrx_word' id='word_1_182' title='bbox 574 3117 662 3199; x_wconf 88' lang='lat' dir='ltr'>prius</span> <span class='ocrx_word' id='word_1_183' title='bbox 686 3115 746 3179; x_wconf 86' lang='lat' dir='ltr'>luit</span> <span class='ocrx_word' id='word_1_184' title='bbox 769 3118 829 3178; x_wconf 89' lang='lat' dir='ltr'>sibi</span> <span class='ocrx_word' id='word_1_185' title='bbox 855 3118 1073 3178; x_wconf 90' lang='lat' dir='ltr'>commissum.</span> <span class='ocrx_word' id='word_1_186' title='bbox 1289 3182 1296 3198; x_wconf 55' lang='grc'><strong>,</strong></span> 
     </span>
    </p>

    <p class='ocr_par' dir='ltr' id='par_1_10' title="bbox 400 3223 1674 3923">
     <span class='ocr_line' id='line_1_26' title="bbox 508 3223 1669 3306; baseline -0.003 -20"><span class='ocrx_word' id='word_1_187' title='bbox 508 3225 587 3286; x_wconf 92' lang='lat' dir='ltr'>Item</span> <span class='ocrx_word' id='word_1_188' title='bbox 600 3225 675 3306; x_wconf 86' lang='lat' dir='ltr'>quia</span> <span class='ocrx_word' id='word_1_189' title='bbox 690 3225 774 3286; x_wconf 89' lang='lat' dir='ltr'>Dora</span> <span class='ocrx_word' id='word_1_190' title='bbox 790 3223 1082 3306; x_wconf 87' lang='lat' dir='ltr'>Kwhynachychna</span> <span class='ocrx_word' id='word_1_191' title='bbox 1095 3224 1204 3284; x_wconf 87' lang='lat' dir='ltr'>reIIcta</span> <span class='ocrx_word' id='word_1_192' title='bbox 1221 3224 1359 3285; x_wconf 84' lang='lat' dir='ltr'>condam</span> <span class='ocrx_word' id='word_1_193' title='bbox 1374 3223 1501 3284; x_wconf 86' lang='lat' dir='ltr'>Martini</span> <span class='ocrx_word' id='word_1_194' title='bbox 1521 3223 1669 3283; x_wconf 86' lang='lat' dir='ltr'>Kranecz</span> 
     </span>
     <span class='ocr_line' id='line_1_27' title="bbox 403 3328 1671 3413; baseline 0 -23"><span class='ocrx_word' id='word_1_195' title='bbox 403 3345 532 3413; x_wconf 90' lang='lat' dir='ltr'>propter</span> <span class='ocrx_word' id='word_1_196' title='bbox 549 3330 751 3392; x_wconf 90' lang='lat' dir='ltr'>malici0sum</span> <span class='ocrx_word' id='word_1_197' title='bbox 769 3350 850 3411; x_wconf 90' lang='lat' dir='ltr'>opus</span> <span class='ocrx_word' id='word_1_198' title='bbox 867 3331 1098 3392; x_wconf 88' lang='lat' dir='ltr'>concubinatus</span> <span class='ocrx_word' id='word_1_199' title='bbox 1115 3331 1222 3412; x_wconf 89' lang='lat' dir='ltr'>sepius</span> <span class='ocrx_word' id='word_1_200' title='bbox 1239 3345 1361 3412; x_wconf 88' lang='lat' dir='ltr'>reperta</span> <span class='ocrx_word' id='word_1_201' title='bbox 1383 3328 1443 3390; x_wconf 87' lang='lat' dir='ltr'>fuit</span> <span class='ocrx_word' id='word_1_202' title='bbox 1467 3343 1498 3391; x_wconf 91' lang='lat' dir='ltr'>et</span> <span class='ocrx_word' id='word_1_203' title='bbox 1515 3330 1671 3390; x_wconf 85' lang='lat' dir='ltr'>desistere</span> 
     </span>
     <span class='ocr_line' id='line_1_28' title="bbox 403 3427 1671 3518; baseline 0 -22"><span class='ocrx_word' id='word_1_204' title='bbox 403 3437 510 3498; x_wconf 90' lang='lat' dir='ltr'>noluit</span> <span class='ocrx_word' id='word_1_205' title='bbox 523 3451 554 3498; x_wconf 91' lang='lat' dir='ltr'>et</span> <span class='ocrx_word' id='word_1_206' title='bbox 567 3435 733 3498; x_wconf 88' lang='lat' dir='ltr'>maniIeste</span> <span class='ocrx_word' id='word_1_207' title='bbox 747 3449 870 3518; x_wconf 88' lang='lat' dir='ltr'>reperta</span> <span class='ocrx_word' id='word_1_208' title='bbox 885 3435 955 3515; x_wconf 88' lang='lat' dir='ltr'>luit,</span> <span class='ocrx_word' id='word_1_209' title='bbox 971 3453 1001 3496; x_wconf 90' lang='lat' dir='ltr'>et</span> <span class='ocrx_word' id='word_1_210' title='bbox 1018 3427 1092 3498; x_wconf 75' lang='lat' dir='ltr'>lic&#39;et</span> <span class='ocrx_word' id='word_1_211' title='bbox 1109 3437 1175 3517; x_wconf 89' lang='lat' dir='ltr'>Ipsa</span> <span class='ocrx_word' id='word_1_212' title='bbox 1189 3437 1431 3518; x_wconf 90' lang='lat' dir='ltr'>propteripsum</span> <span class='ocrx_word' id='word_1_213' title='bbox 1450 3435 1570 3496; x_wconf 89' lang='lat' dir='ltr'>lactum</span> <span class='ocrx_word' id='word_1_214' title='bbox 1593 3455 1671 3496; x_wconf 89' lang='lat' dir='ltr'>con·</span> 
     </span>
     <span class='ocr_line' id='line_1_29' title="bbox 402 3542 1671 3626; baseline -0.001 -22"><span class='ocrx_word' id='word_1_215' title='bbox 402 3544 570 3605; x_wconf 87' lang='lat' dir='ltr'>cubinatus</span> <span class='ocrx_word' id='word_1_216' title='bbox 588 3543 720 3604; x_wconf 88' lang='lat' dir='ltr'>introitu</span> <span class='ocrx_word' id='word_1_217' title='bbox 738 3543 873 3604; x_wconf 91' lang='lat' dir='ltr'>civitatis</span> <span class='ocrx_word' id='word_1_218' title='bbox 890 3542 1051 3623; x_wconf 89' lang='lat' dir='ltr'>prohibita</span> <span class='ocrx_word' id='word_1_219' title='bbox 1069 3542 1137 3620; x_wconf 75' lang='lat' dir='ltr'>luit,</span> <span class='ocrx_word' id='word_1_220' title='bbox 1159 3543 1213 3603; x_wconf 90' lang='lat' dir='ltr'>sed</span> <span class='ocrx_word' id='word_1_221' title='bbox 1239 3557 1369 3626; x_wconf 91' lang='lat' dir='ltr'>propter</span> <span class='ocrx_word' id='word_1_222' title='bbox 1387 3542 1671 3624; x_wconf 87' lang='lat' dir='ltr'>supplicacionem</span> 
     </span>
     <span class='ocr_line' id='line_1_30' title="bbox 402 3649 1672 3732; baseline 0 -22"><span class='ocrx_word' id='word_1_223' title='bbox 402 3650 544 3732; x_wconf 90' lang='lat' dir='ltr'>plurium</span> <span class='ocrx_word' id='word_1_224' title='bbox 577 3651 718 3711; x_wconf 82' lang='lat' dir='ltr'>vitorum</span> <span class='ocrx_word' id='word_1_225' title='bbox 744 3649 849 3709; x_wconf 89' lang='lat' dir='ltr'>eidem</span> <span class='ocrx_word' id='word_1_226' title='bbox 880 3650 1020 3730; x_wconf 81' lang='lat' dir='ltr'>graciam</span> <span class='ocrx_word' id='word_1_227' title='bbox 1055 3649 1198 3728; x_wconf 88' lang='lat' dir='ltr'>lecImus,</span> <span class='ocrx_word' id='word_1_228' title='bbox 1231 3650 1287 3711; x_wconf 89' lang='lat' dir='ltr'>sed</span> <span class='ocrx_word' id='word_1_229' title='bbox 1318 3649 1343 3710; x_wconf 95' lang='lat' dir='ltr'>si</span> <span class='ocrx_word' id='word_1_230' title='bbox 1376 3649 1517 3731; x_wconf 90' lang='lat' dir='ltr'>amplius</span> <span class='ocrx_word' id='word_1_231' title='bbox 1541 3663 1672 3732; x_wconf 89' lang='lat' dir='ltr'>reperta</span> 
     </span>
     <span class='ocr_line' id='line_1_31' title="bbox 401 3755 1674 3837; baseline 0 -21"><span class='ocrx_word' id='word_1_232' title='bbox 401 3755 507 3834; x_wconf 86' lang='lat' dir='ltr'>fuerit,</span> <span class='ocrx_word' id='word_1_233' title='bbox 533 3769 647 3817; x_wconf 83' lang='lat' dir='ltr'>extunc</span> <span class='ocrx_word' id='word_1_234' title='bbox 673 3757 716 3817; x_wconf 90' lang='lat' dir='ltr'>uti</span> <span class='ocrx_word' id='word_1_235' title='bbox 751 3755 838 3836; x_wconf 90' lang='lat' dir='ltr'>prius</span> <span class='ocrx_word' id='word_1_236' title='bbox 867 3756 1020 3837; x_wconf 88' lang='lat' dir='ltr'>scriptum</span> <span class='ocrx_word' id='word_1_237' title='bbox 1053 3757 1154 3817; x_wconf 90' lang='lat' dir='ltr'>estin</span> <span class='ocrx_word' id='word_1_238' title='bbox 1188 3756 1327 3837; x_wconf 91' lang='lat' dir='ltr'>presenti</span> <span class='ocrx_word' id='word_1_239' title='bbox 1360 3755 1516 3816; x_wconf 85' lang='lat' dir='ltr'>katherno</span> <span class='ocrx_word' id='word_1_240' title='bbox 1549 3775 1674 3836; x_wconf 88' lang='lat' dir='ltr'>penam</span> 
     </span>
     <span class='ocr_line' id='line_1_32' title="bbox 400 3861 687 3923; baseline 0 -1"><span class='ocrx_word' id='word_1_241' title='bbox 400 3861 507 3922; x_wconf 87' lang='lat' dir='ltr'>subire</span> <span class='ocrx_word' id='word_1_242' title='bbox 531 3875 687 3923; x_wconf 90' lang='lat' dir='ltr'>teneatur.</span> 
     </span>
    </p>
   </div>
   <div class='ocr_carea' id='block_1_4' title="bbox 779 4010 1281 4242">
    <p class='ocr_par' dir='ltr' id='par_1_11' title="bbox 779 4010 1281 4242">
     <span class='ocr_line' id='line_1_33' title="bbox 779 4010 1281 4100; baseline 0 -17"><span class='ocrx_word' id='word_1_243' title='bbox 779 4010 873 4084; x_wconf 85' lang='lat' dir='ltr'>Fetia</span> <span class='ocrx_word' id='word_1_244' title='bbox 902 4011 1007 4084; x_wconf 85' lang='lat' dir='ltr'>tercia</span> <span class='ocrx_word' id='word_1_245' title='bbox 1035 4020 1112 4100; x_wconf 87' lang='lat' dir='ltr'>post</span> <span class='ocrx_word' id='word_1_246' title='bbox 1142 4010 1281 4084; x_wconf 78' lang='lat' dir='ltr'>Andtee.</span> 
     </span>
     <span class='ocr_line' id='line_1_34' title="bbox 909 4166 1147 4242; baseline 0.013 -19"><span class='ocrx_word' id='word_1_247' title='bbox 909 4167 950 4242; x_wconf 84' lang='lat' dir='ltr'>(l.</span> <span class='ocrx_word' id='word_1_248' title='bbox 974 4166 1147 4240; x_wconf 81' lang='lat' dir='ltr'>decembris).</span> 
     </span>
    </p>
   </div>
   <div class='ocr_carea' id='block_1_5' title="bbox 399 4306 1679 5133">
    <p class='ocr_par' dir='ltr' id='par_1_12' title="bbox 399 4306 1678 4600">
     <span class='ocr_line' id='line_1_35' title="bbox 506 4306 1678 4388; baseline 0.003 -22"><span class='ocrx_word' id='word_1_249' title='bbox 506 4307 583 4368; x_wconf 89' lang='lat' dir='ltr'>Item</span> <span class='ocrx_word' id='word_1_250' title='bbox 610 4327 701 4368; x_wconf 88' lang='lat' dir='ltr'>causa</span> <span class='ocrx_word' id='word_1_251' title='bbox 734 4307 815 4367; x_wconf 91' lang='lat' dir='ltr'>inter</span> <span class='ocrx_word' id='word_1_252' title='bbox 841 4306 1033 4388; x_wconf 87' lang='lat' dir='ltr'>Dyonisium</span> <span class='ocrx_word' id='word_1_253' title='bbox 1066 4319 1219 4367; x_wconf 85' lang='lat' dir='ltr'>sartorem</span> <span class='ocrx_word' id='word_1_254' title='bbox 1248 4319 1278 4366; x_wconf 93' lang='lat' dir='ltr'>et</span> <span class='ocrx_word' id='word_1_255' title='bbox 1302 4306 1490 4368; x_wconf 83' lang='lat' dir='ltr'>Thomaska</span> <span class='ocrx_word' id='word_1_256' title='bbox 1526 4307 1678 4388; x_wconf 85' lang='lat' dir='ltr'>juratum</span> 
     </span>
     <span class='ocr_line' id='line_1_36' title="bbox 399 4411 1676 4496; baseline 0.001 -22"><span class='ocrx_word' id='word_1_257' title='bbox 399 4428 445 4474; x_wconf 89' lang='lat' dir='ltr'>est</span> <span class='ocrx_word' id='word_1_258' title='bbox 469 4427 638 4494; x_wconf 84' lang='lat' dir='ltr'>prorogata</span> <span class='ocrx_word' id='word_1_259' title='bbox 665 4413 704 4473; x_wconf 93' lang='lat' dir='ltr'>de</span> <span class='ocrx_word' id='word_1_260' title='bbox 729 4413 895 4474; x_wconf 82' lang='lat' dir='ltr'>ambarum</span> <span class='ocrx_word' id='word_1_261' title='bbox 929 4412 1072 4492; x_wconf 87' lang='lat' dir='ltr'>parcium</span> <span class='ocrx_word' id='word_1_262' title='bbox 1101 4412 1265 4473; x_wconf 86' lang='lat' dir='ltr'>voluntate</span> <span class='ocrx_word' id='word_1_263' title='bbox 1298 4411 1322 4472; x_wconf 91' lang='lat' dir='ltr'>si</span> <span class='ocrx_word' id='word_1_264' title='bbox 1349 4413 1554 4475; x_wconf 84' lang='lat' dir='ltr'>concordare</span> <span class='ocrx_word' id='word_1_265' title='bbox 1583 4429 1676 4496; x_wconf 90' lang='lat' dir='ltr'>pote-</span> 
     </span>
     <span class='ocr_line' id='line_1_37' title="bbox 399 4518 909 4600; baseline 0.002 -22"><span class='ocrx_word' id='word_1_266' title='bbox 399 4519 472 4597; x_wconf 88' lang='lat' dir='ltr'>rint,</span> <span class='ocrx_word' id='word_1_267' title='bbox 497 4519 640 4600; x_wconf 90' lang='lat' dir='ltr'>alioquin</span> <span class='ocrx_word' id='word_1_268' title='bbox 667 4518 720 4580; x_wconf 89' lang='lat' dir='ltr'>Iiet</span> <span class='ocrx_word' id='word_1_269' title='bbox 743 4518 909 4598; x_wconf 87' lang='lat' dir='ltr'>judicIum.</span> 
     </span>
    </p>

    <p class='ocr_par' dir='ltr' id='par_1_13' title="bbox 399 4623 1678 4814">
     <span class='ocr_line' id='line_1_38' title="bbox 505 4623 1678 4703; baseline 0.003 -16"><span class='ocrx_word' id='word_1_270' title='bbox 505 4626 582 4687; x_wconf 89' lang='lat' dir='ltr'>Item</span> <span class='ocrx_word' id='word_1_271' title='bbox 608 4625 795 4687; x_wconf 87' lang='lat' dir='ltr'>Valentinus</span> <span class='ocrx_word' id='word_1_272' title='bbox 826 4639 914 4686; x_wconf 85' lang='lat' dir='ltr'>sutor</span> <span class='ocrx_word' id='word_1_273' title='bbox 945 4637 1054 4686; x_wconf 89' lang='lat' dir='ltr'>contra</span> <span class='ocrx_word' id='word_1_274' title='bbox 1081 4623 1242 4685; x_wconf 89' lang='lat' dir='ltr'>Thomam</span> <span class='ocrx_word' id='word_1_275' title='bbox 1276 4637 1417 4684; x_wconf 88' lang='lat' dir='ltr'>sutorem</span> <span class='ocrx_word' id='word_1_276' title='bbox 1444 4623 1678 4703; x_wconf 83' lang='lat' dir='ltr'>juramentum</span> 
     </span>
     <span class='ocr_line' id='line_1_39' title="bbox 399 4731 737 4814; baseline -0.006 -20"><span class='ocrx_word' id='word_1_277' title='bbox 399 4733 535 4814; x_wconf 89' lang='lat' dir='ltr'>prestitit</span> <span class='ocrx_word' id='word_1_278' title='bbox 559 4746 592 4792; x_wconf 94' lang='lat' dir='ltr'>ut</span> <span class='ocrx_word' id='word_1_279' title='bbox 616 4731 737 4793; x_wconf 91' lang='lat' dir='ltr'>debuit.</span> 
     </span>
    </p>

    <p class='ocr_par' dir='ltr' id='par_1_14' title="bbox 399 4833 1679 5133">
     <span class='ocr_line' id='line_1_40' title="bbox 504 4833 1679 4917; baseline 0.005 -19"><span class='ocrx_word' id='word_1_280' title='bbox 504 4838 580 4898; x_wconf 91' lang='lat' dir='ltr'>Item</span> <span class='ocrx_word' id='word_1_281' title='bbox 615 4837 706 4916; x_wconf 83' lang='lat' dir='ltr'>jurati</span> <span class='ocrx_word' id='word_1_282' title='bbox 739 4836 1004 4916; x_wconf 83' lang='lat' dir='ltr'>adjudicaverunt</span> <span class='ocrx_word' id='word_1_283' title='bbox 1035 4837 1117 4898; x_wconf 87' lang='lat' dir='ltr'>Inter</span> <span class='ocrx_word' id='word_1_284' title='bbox 1149 4835 1305 4897; x_wconf 89' lang='lat' dir='ltr'>Iacobum</span> <span class='ocrx_word' id='word_1_285' title='bbox 1336 4833 1484 4917; x_wconf 85' lang='lat' dir='ltr'>Wythyn</span> <span class='ocrx_word' id='word_1_286' title='bbox 1525 4853 1559 4901; x_wconf 90' lang='lat' dir='ltr'>et</span> <span class='ocrx_word' id='word_1_287' title='bbox 1595 4839 1679 4903; x_wconf 89' lang='lat' dir='ltr'>inter</span> 
     </span>
     <span class='ocr_line' id='line_1_41' title="bbox 399 4941 1678 5024; baseline 0.003 -19"><span class='ocrx_word' id='word_1_288' title='bbox 399 4945 577 5006; x_wconf 88' lang='lat' dir='ltr'>Iohannem</span> <span class='ocrx_word' id='word_1_289' title='bbox 602 4945 763 5004; x_wconf 84' lang='lat' dir='ltr'>Wetchek</span> <span class='ocrx_word' id='word_1_290' title='bbox 789 4944 888 5020; x_wconf 88' lang='lat' dir='ltr'>ineu,</span> <span class='ocrx_word' id='word_1_291' title='bbox 914 4943 1000 5023; x_wconf 91' lang='lat' dir='ltr'>quod</span> <span class='ocrx_word' id='word_1_292' title='bbox 1023 4943 1089 5024; x_wconf 91' lang='lat' dir='ltr'>ipse</span> <span class='ocrx_word' id='word_1_293' title='bbox 1108 4943 1269 5004; x_wconf 89' lang='lat' dir='ltr'>Iohannes</span> <span class='ocrx_word' id='word_1_294' title='bbox 1287 4941 1448 5002; x_wconf 89' lang='lat' dir='ltr'>Wetchek</span> <span class='ocrx_word' id='word_1_295' title='bbox 1473 4947 1574 5024; x_wconf 92' lang='lat' dir='ltr'>quod</span> <span class='ocrx_word' id='word_1_296' title='bbox 1594 4949 1678 5009; x_wconf 90' lang='lat' dir='ltr'>vitu·</span> 
     </span>
     <span class='ocr_line' id='line_1_42' title="bbox 399 5049 1678 5133; baseline 0.005 -22"><span class='ocrx_word' id='word_1_297' title='bbox 399 5051 521 5132; x_wconf 87' lang='lat' dir='ltr'>peravit</span> <span class='ocrx_word' id='word_1_298' title='bbox 546 5051 576 5110; x_wconf 91' lang='lat' dir='ltr'>in</span> <span class='ocrx_word' id='word_1_299' title='bbox 601 5051 721 5133; x_wconf 89' lang='lat' dir='ltr'>judicio</span> <span class='ocrx_word' id='word_1_300' title='bbox 754 5049 892 5111; x_wconf 86' lang='lat' dir='ltr'>eundem</span> <span class='ocrx_word' id='word_1_301' title='bbox 926 5051 1079 5110; x_wconf 83' lang='lat' dir='ltr'>Iacobum</span> <span class='ocrx_word' id='word_1_302' title='bbox 1107 5049 1271 5109; x_wconf 88' lang='lat' dir='ltr'>convictus</span> <span class='ocrx_word' id='word_1_303' title='bbox 1303 5061 1349 5108; x_wconf 89' lang='lat' dir='ltr'>est</span> <span class='ocrx_word' id='word_1_304' title='bbox 1374 5053 1487 5109; x_wconf 83' lang='lat' dir='ltr'>contra</span> <span class='ocrx_word' id='word_1_305' title='bbox 1518 5053 1678 5132; x_wconf 84' lang='lat' dir='ltr'>judicem,</span> 
     </span>
    </p>
   </div>
   <div class='ocr_carea' id='block_1_6' title="bbox 0 0 1826 5788">
    <p class='ocr_par' dir='ltr' id='par_1_15' title="bbox 0 0 1826 5788">
     <span class='ocr_line' id='line_1_43' title="bbox 0 0 1826 5788; baseline 0 0"><span class='ocrx_word' id='word_1_306' title='bbox 0 0 1826 5788; x_wconf 95' lang='lat' dir='ltr'> </span> 
     </span>
    </p>
   </div>
  </div>
 </body>
</html>
