3738 5786
405 579 447 656 84
777 583 864 640 Anno
887 595 976 660 1455·
1002 618 1042 626 -
1070 598 1118 661 14.
1134 583 1294 658 januani'.

403 792 512 854 medio
537 791 607 855 flor.
641 793 721 872 auri,
746 813 828 875 quos
861 795 926 876 ipse
958 795 1090 857 Mathho
1122 797 1224 857 abeo
1249 816 1305 878 per
1338 797 1443 878 ipsum
1468 796 1670 858 Anthonium

403 902 583 960 subtractos
607 897 675 962 fore
700 901 834 962 asseruit
858 901 1003 979 dubiose‚
1029 922 1094 963 non
1119 903 1283 965 subtraxit.

511 1005 590 1068 Item
615 1005 762 1090 Mathyas
779 1007 920 1087 agricola
944 1007 984 1068 de
1009 1008 1093 1089 Vgra
1111 1009 1254 1070 secundo
1278 1029 1312 1070 se
1329 1009 1473 1091 personis
1497 1009 1556 1070 sibi
1581 1009 1669 1070 simi-

402 1113 487 1175 libus
511 1134 609 1196 penes
634 1113 796 1176 cicatrices
821 1126 853 1176 et
879 1115 1136 1196 vituperaciones
1165 1135 1222 1197 per
1248 1114 1440 1197 Gregorium
1474 1113 1669 1196 lutifigulum

403 1220 523 1282 dictum
550 1221 659 1302 Zayko
684 1239 779 1302 super
804 1239 878 1281 eum
903 1219 1010 1298 factas,
1033 1219 1110 1282 feria
1135 1235 1220 1282 sexta
1246 1222 1388 1303 proxime
1413 1235 1548 1283 ventura
1565 1220 1668 1303 jurare

403 1328 564 1390 tenebitur
587 1347 682 1409 super
707 1347 758 1406 eo,
790 1341 825 1389 ut
857 1328 923 1409 ipse
959 1326 1135 1408 Gregorius
1164 1327 1343 1409 lutifigulus
1375 1329 1480 1410 ipsum
1506 1325 1668 1410 Mathyam

402 1433 441 1495 ad
467 1435 549 1496 latus
574 1435 729 1516 percussit
753 1448 784 1496 et
808 1434 1012 1516 vituperavit,
1038 1446 1069 1494 et
1093 1433 1171 1494 dum
1197 1433 1361 1508 juraverit.
1386 1437 1496 1512 (deest).

509 1539 586 1601 ltem
611 1541 687 1621 quia
704 1539 889 1602 Anthonius
905 1559 1039 1622 arcupar
1056 1540 1159 1601 dictus
1182 1541 1284 1602 lanko
1302 1539 1471 1600 dominum
1496 1540 1667 1602 Nicolaum

402 1647 613 1728 presbiterum
638 1647 812 1728 plebanum
839 1647 970 1708 ecclesie
988 1661 1094 1708 nostre
1119 1646 1312 1729 parochialis
1334 1647 1417 1708 beati
1444 1646 1542 1708 Marci
1562 1667 1668 1708 ewan-

401 1754 514 1834 geliste
539 1767 569 1815 et
603 1765 748 1815 nostrum
780 1754 915 1835 turpiter
948 1753 1140 1836 vituperavit
1168 1768 1198 1815 et
1230 1752 1409 1815 diffamavit
1432 1753 1553 1831 dicens,
1577 1753 1667 1834 quod

401 1861 468 1942 ipse
494 1860 645 1922 dominus
669 1860 824 1922 Nicolaus
847 1860 1005 1942 plebanus
1022 1860 1205 1921 terciusmet
1230 1859 1335 1941 ipsum
1359 1858 1561 1921 Anthonium
1579 1879 1668 1921 arcu·

400 1986 509 2048 parem
543 1967 695 2048 captivari
729 1965 855 2028 fecisset
889 1979 920 2027 et
954 1966 1042 2047 quod
1076 1966 1176 2027 eciam
1209 1965 1296 2026 idem
1328 1965 1481 2027 dominus
1512 1964 1669 2047 plebanus

400 2074 554 2137 Nicolaus
586 2094 658 2136 cum
682 2087 804 2156 septem
836 2074 931 2135 sociis
966 2074 1041 2152 suis,
1074 2093 1213 2154 quorum
1241 2073 1308 2155 ipse
1340 2073 1492 2134 dominus
1515 2073 1668 2135 Nicolaus

400 2181 558 2262 plebanus
575 2195 655 2242 esset
681 2197 823 2259 octavus,
848 2201 921 2242 cum
939 2182 1057 2262 quibus
1074 2181 1140 2262 ipse
1164 2180 1316 2242 dominus
1331 2181 1489 2263 plebanus
1514 2163 1668 2242 Nicolau's

401 2288 487 2348 cives
511 2287 606 2349 huius
634 2287 770 2350 civitatis
795 2287 949 2348 devorare
974 2301 1005 2348 et
1021 2286 1168 2348 desolare
1186 2286 1329 2362 lecisset;
1354 2299 1385 2347 et
1407 2287 1537 2369 insuper
1562 2287 1667 2350 eidem

400 2393 535 2454 domino
560 2393 698 2455 Nicolao
721 2394 862 2476 plebano
895 2394 933 2454 ad
968 2407 1062 2475 caput
1086 2413 1179 2454 suum
1212 2393 1298 2455 idem
1324 2393 1507 2454 Anthonius
1532 2413 1667 2477 arcupar

400 2500 503 2561 dictus
528 2501 630 2560 lanko
647 2501 920 2578 abrenunciasset,
945 2514 1040 2581 prout
1064 2499 1151 2560 idem
1168 2499 1320 2560 dominus
1338 2499 1491 2561 Nicolaus
1507 2500 1667 2581 plebanus

400 2606 463 2668 hoc
488 2606 573 2668 idem
599 2607 721 2667 dictum
746 2605 846 2688 ipsius
870 2605 1025 2666 Anthonii
1059 2606 1221 2686 arcuparis
1253 2625 1326 2666 cum
1351 2604 1513 2686 fidedigna
1539 2619 1661 2668 attesta-

401 2713 495 2774 cione
519 2713 683 2774 seniorum
703 2712 878 2793 juratorum
905 2725 936 2773 et
953 2711 1134 2773 concivium
1160 2725 1342 2772 nostrorum
1360 2711 1512 2773 videlicet
1536 2711 1666 2773 Thome

399 2818 569 2901 freniparis
593 2833 623 2880 et
648 2818 826 2881 Clementis
850 2819 997 2880 similiter
1024 2817 1192 2899 freniparis
1220 2837 1329 2878 coram
1355 2817 1448 2878 nobis
1473 2815 1668 2878 sufficienter

400 2926 632 3007 comprobavit,
667 2925 740 2986 ideo
764 2925 858 3006 jurati
883 2925 987 3006 ipsum
1014 2923 1216 2984 Anthonium
1249 2942 1435 3004 arcuparem
1461 2937 1571 2984 contra
1596 2943 1665 3005 pre·

399 3031 499 3093 fatum
525 3032 695 3094 dominum
719 3032 890 3094 Nicolaum
908 3033 1082 3112 plebanum
1109 3031 1140 3090 in
1167 3031 1241 3091 vivo
1259 3028 1436 3111 (h)omagio
1453 3029 1667 3111 birsagialiter

399 3138 666 3220 adjudicaverunt
698 3137 766 3199 fore
799 3138 983 3198 convictum
1016 3152 1046 3198 et
1079 3151 1266 3217 agravatum
1298 3137 1428 3197 racione
1452 3136 1552 3217 ipsius
1576 3137 1667 3197 abre-

400 3245 631 3322 nunciacionis‚
665 3246 794 3305 racione
826 3258 933 3304 autem
967 3243 1108 3326 predicte
1142 3242 1376 3304 diffamacionis
1409 3243 1509 3325 ipsius
1542 3243 1666 3304 domini

398 3352 528 3433 plebani
553 3352 691 3414 eundem
717 3351 887 3425 dominum
912 3351 1083 3411 Nicolaum
1105 3349 1281 3432 plebanum
1306 3350 1339 3410 in
1364 3349 1481 3411 eodem
1506 3349 1666 3432 vituperio

399 3471 430 3518 et
455 3457 679 3519 diffamacione
705 3457 801 3518 debet
824 3459 1046 3538 comprobare.

504 3565 683 3645 Itemquia
709 3565 774 3644 ipse
801 3562 984 3624 Anthonius
1018 3582 1152 3644 arcupar
1184 3563 1287 3624 dictus
1312 3563 1415 3623 lanko
1439 3561 1592 3644 judicem,
1616 3562 1666 3643 ju-

399 3684 484 3732 ratos
506 3683 536 3730 et
559 3671 726 3731 universos
751 3669 836 3730 cives
868 3689 903 3729 ac
928 3683 1030 3730 totam
1065 3669 1330 3731 communitatem
1363 3669 1500 3730 civitatis
1532 3669 1667 3730 Montis-

398 3777 559 3858 greeensis
583 3791 614 3836 et
638 3776 770 3857 insuper
786 3776 895 3836 sedem
920 3775 1121 3855 judiciariam
1141 3776 1278 3836 civitatis
1298 3775 1441 3856 predicte
1467 3775 1498 3836 in
1523 3775 1666 3856 generali

398 3899 429 3946 et
453 3883 616 3945 communi
642 3897 748 3944 nostra
773 3883 1028 3963 congregacione
1054 3883 1084 3943 in
1114 3883 1256 3964 pretorio
1282 3882 1524 3944 communitatis
1548 3881 1666 3943 stando

398 3989 593 4053 horribiliter
617 3988 809 4070 vituperavit
834 3989 880 4048 sic
896 3989 1017 4065 dicens,
1042 3989 1130 4069 quod
1151 3989 1232 4050 inter
1257 3989 1359 4050 dictos
1377 3989 1530 4068 judicem,
1546 3987 1668 4068 juratos

399 4110 430 4158 et
454 4097 535 4158 inter
559 4097 643 4156 cives
660 4115 696 4156 ac
720 4108 820 4155 totam
843 4096 1108 4156 communitatem
1126 4096 1304 4178 predictam
1322 4095 1411 4156 nulla
1428 4094 1553 4176 justicia
1573 4107 1667 4172 esset,

399 4203 473 4263 ideo
497 4201 591 4283 jurati
616 4201 881 4282 adjudicaverunt
906 4202 1010 4282 ipsum
1029 4201 1232 4262 Anthonium
1257 4221 1443 4284 arcuparem
1462 4216 1572 4264 contra
1596 4222 1668 4284 pre·

400 4309 499 4371 latum
531 4309 690 4390 judicem,
720 4309 839 4390 juratos
871 4323 901 4370 et
924 4309 1044 4388 juratos
1075 4309 1160 4370 cives
1192 4310 1360 4371 universos
1392 4329 1428 4370 ac
1452 4323 1553 4371 totam
1579 4328 1668 4372 com-

399 4415 588 4476 munitatem
613 4415 749 4477 civitatis
773 4415 977 4495 singulariter
993 4429 1104 4476 contra
1125 4415 1305 4496 quemlibet
1329 4416 1361 4476 in
1388 4415 1461 4476 vivo
1488 4414 1668 4498 (h)omagio

398 4535 428 4581 et
452 4534 560 4582 contra
586 4521 686 4602 ipsam
711 4521 819 4582 sedem
845 4535 987 4582 nostram
1024 4520 1226 4602 judiciariam
1252 4523 1283 4582 in
1319 4535 1447 4583 centum
1473 4522 1588 4583 marcis
1612 4521 1668 4583 de·

398 4627 562 4688 nariorum
588 4627 797 4708 birsagialiter
824 4629 1005 4689 convictum
1039 4643 1070 4689 et
1102 4643 1289 4709 agravatum
1315 4628 1440 4710 justicia
1465 4643 1496 4690 et
1519 4629 1668 4691 libertate

399 4733 534 4793 civitatis
558 4733 758 4814 privilegiata
776 4735 975 4814 requirente;
1005 4754 1063 4815 pro
1081 4735 1198 4814 quibus
1216 4735 1363 4816 birsagiis
1387 4736 1413 4796 si
1438 4736 1505 4817 ipse
1531 4755 1668 4818 arcupar

398 4838 598 4900 solucionem
610 4838 712 4900 lacere
730 4859 794 4899 non
809 4840 925 4920 poterit
942 4853 1056 4900 extunc
1074 4860 1146 4900 cum
1165 4843 1312 4902 membro
1329 4862 1385 4902 seu
1404 4861 1538 4923 corpore
1552 4842 1666 4906 solvat.

505 4943 582 5006 ltem
602 4945 676 5024 quia
694 4945 761 5024 ipse
780 4943 962 5005 Anthonius
980 4965 1113 5026 arcupar
1131 4946 1311 5008 lohannem
1329 4946 1469 5026 judicem
1488 4947 1666 5029 Perowych

399 5048 519 5110 dictum
546 5063 576 5111 et
600 5050 742 5112 Blasium
766 5047 905 5128 judicem
931 5070 966 5110 ac
991 5052 1179 5131 magistrum
1206 5052 1371 5115 Matheum
1398 5053 1559 5115 notarium
1585 5053 1663 5114 civi-
