3852 5814
416 503 481 565 474
822 489 907 544 Anno
930 483 1022 563 1478.
1048 521 1089 529 -
1114 483 1162 546 16.
1180 487 1272 562 junii.

418 697 479 759 luit
502 699 540 758 ad
568 717 677 780 pacem
704 714 878 780 receptum,
903 699 958 760 sed
984 717 1047 760 non
1074 699 1134 761 luit
1157 719 1217 782 pax
1242 699 1350 760 medio
1377 713 1533 781 tempore,
1558 713 1588 760 et
1613 699 1679 780 ipse

419 805 521 866 Lucas
545 825 609 866 non
635 807 823 887 comparuit.

522 911 599 972 Item
625 911 655 972 io
682 931 774 973 causa
800 913 882 974 Inter
907 913 1086 974 Iohannem
1104 913 1256 974 claudum
1280 927 1434 974 sartorem
1460 927 1491 975 et
1515 912 1677 993 Filippum

415 1031 556 1078 sutorem
582 1037 639 1099 pro
664 1019 774 1095 domo,
808 1019 912 1080 eidem
946 1017 1084 1080 Iohanni
1116 1018 1209 1098 jurati
1241 1018 1506 1099 adjudicaverunt
1539 1031 1677 1099 prestare

414 1123 629 1202 juramentum
655 1125 686 1184 In
712 1145 764 1185 ara
790 1123 867 1186 feria
899 1126 994 1186 tercia
1030 1125 1174 1204 proxime
1197 1139 1340 1204 ventura,
1373 1125 1460 1206 quod
1493 1143 1551 1207 pro
1576 1124 1676 1184 domo

416 1229 476 1290 Iuit
500 1231 676 1291 contencio
700 1231 804 1292 solum
830 1251 887 1312 pro
918 1231 1071 1292 tredecim
1089 1231 1177 1308 llor.;
1202 1232 1278 1294 item
1296 1231 1443 1314 Filippus
1460 1231 1556 1293 debet
1573 1229 1676 1312 jurare

416 1337 446 1396 In
471 1355 523 1397 ara
549 1335 663 1398 eodem
690 1337 741 1399 die
766 1337 915 1398 videIIcet
940 1336 1016 1398 l'eria
1041 1338 1137 1399 tercia
1166 1339 1322 1420 proxima,
1347 1338 1435 1419 quod
1459 1336 1600 1420 prefatus
1624 1337 1676 1397 Io-

413 1442 534 1503 hannes
559 1463 622 1504 non
649 1444 738 1504 dedit
762 1445 789 1504 ei
816 1444 887 1526 plus
911 1445 969 1506 nisi
995 1464 1048 1505 sex
1073 1443 1141 1505 flor.

520 1549 595 1610 Item
623 1551 653 1611 in
679 1571 772 1612 causa
798 1551 922 1612 domim
948 1551 1077 1632 plebani
1094 1571 1166 1612 cum
1186 1551 1304 1614 Gwran
1330 1571 1388 1634 pro
1413 1551 1606 1632 quibusdam
1624 1569 1675 1612 ce-

383 1655 384 1658 ’
413 1658 516 1739 pibus,
542 1656 634 1736 jurati
660 1655 924 1736 adjudicaverunt
948 1657 1053 1718 eidem
1072 1655 1191 1718 Gwran
1213 1658 1316 1738 jurare
1341 1658 1373 1718 in
1398 1677 1451 1718 ara
1476 1655 1553 1718 feria
1578 1656 1675 1717 tercia

413 1763 558 1845 proxime
583 1776 715 1824 ventura
740 1763 933 1840 mettercius,
968 1763 1056 1844 quod
1082 1763 1147 1845 ipse
1173 1783 1236 1824 non
1262 1764 1381 1846 recepit
1406 1782 1511 1844 neque
1536 1762 1676 1824 comedit

413 1868 496 1949 ipsas
520 1887 623 1948 cepes,
648 1887 752 1950 neque
777 1869 834 1929 scit
859 1869 930 1950 quia
954 1869 1083 1950 recepit.

441 2067 536 2141 leria
566 2073 671 2140 tercia
699 2068 850 2160 proxima
880 2079 955 2159 post
980 2071 1102 2142 festum
1130 2073 1306 2143 beatorum
1335 2070 1404 2142 Viti
1433 2079 1467 2142 et
1494 2072 1647 2143 Modesti.

942 2221 1007 2302 (16.
1025 2227 1133 2300 suuis).

517 2363 592 2424 Item
620 2383 745 2424 causam
780 2363 861 2424 inter
893 2363 1056 2425 Thomam
1090 2377 1229 2426 sutorem
1262 2379 1293 2426 et
1316 2362 1473 2427 famulum
1499 2385 1592 2426 suum
1625 2385 1673 2425 ra-

410 2471 503 2531 cione
528 2484 558 2530 et
583 2485 727 2550 pretextu
753 2469 919 2530 culusdam
946 2471 1019 2550 equi
1046 2491 1101 2552 per
1121 2470 1241 2550 juratos
1264 2471 1491 2552 adjudicatam,
1517 2471 1600 2532 idern
1626 2469 1672 2531 I·

409 2577 516 2638 mulus
541 2577 683 2637 eiusdem
708 2575 838 2638 Thome
872 2576 910 2636 de
943 2576 1062 2656 judicio
1086 2577 1261 2657 juratorum
1294 2597 1359 2639 non
1384 2593 1553 2639 contentus
1577 2579 1671 2639 etad

408 2683 550 2745 seniores
581 2681 702 2762 judIces
733 2683 938 2763 appellatam,
971 2684 1113 2744 seniores
1144 2683 1264 2764 judices
1288 2684 1551 2764 adjudicaverunt
1583 2684 1671 2764 quod

409 2789 475 2869 ipse
499 2788 654 2848 solusmet
678 2788 772 2848 debet
804 2787 907 2864 jurare
940 2790 970 2850 in
997 2808 1049 2850 ara
1073 2803 1179 2850 sancte
1205 2789 1328 2868 Crucis,
1360 2789 1448 2871 quod
1474 2810 1547 2864 cum
1572 2787 1672 2851 ville*

409 2915 464 2976 per
487 2914 577 2955 suam
603 2895 763 2954 maliciam
788 2915 907 2975 equum
937 2895 1081 2956 eiusdem
1107 2895 1235 2956 Thome
1259 2916 1324 2958 non
1349 2895 1497 2977 perdidit.

514 2999 590 3061 Item
616 3019 743 3060 causam
777 3001 858 3062 inter
883 3001 1025 3062 Blasium
1057 3016 1209 3062 sartorem
1242 3016 1273 3063 et
1303 3003 1407 3063 socios
1431 3022 1506 3064 suos
1530 3005 1569 3064 ab
1595 3023 1669 3082 una,

407 3108 446 3167 ab
471 3105 569 3167 altera
587 3127 663 3168 vero
681 3107 865 3189 Philippum
885 3108 1009 3191 Dwdey
1027 3109 1154 3170 racione
1173 3109 1369 3189 recepcionis
1390 3109 1555 3170 cuiusdam
1574 3111 1670 3170 musti

409 3231 464 3293 per
489 3211 608 3291 juratos
632 3211 846 3292 adjudicatam
879 3229 909 3274 et
941 3234 997 3295 per
1028 3215 1167 3275 eundem
1194 3214 1378 3297 PhiIIppum
1411 3216 1527 3298 Dudey
1551 3217 1591 3276 ad
1622 3236 1669 3276 se-

407 3317 513 3378 niores
538 3319 658 3398 judices
683 3321 888 3400 appellatam,
922 3321 1065 3382 seniores
1088 3321 1209 3402 judices
1241 3321 1506 3404 adjudicaverunt
1539 3336 1571 3384 et
1594 3343 1670 3384 con-

407 3423 614 3486 firmaverunt
640 3424 795 3505 judicium
820 3425 1007 3506 juratorum.

512 3529 589 3590 Item
615 3551 743 3591 causam
761 3531 843 3592 inter
859 3532 1022 3593 Andream
1041 3533 1195 3616 (fratrem)
1214 3533 1338 3596 domini
1356 3535 1494 3597 condam
1512 3535 1668 3598 Iohannis

406 3637 584 3716 presbiterI,
609 3639 648 3698 ab
674 3657 747 3715 una,
773 3640 916 3719 partibus
941 3659 1017 3700 vero
1040 3641 1079 3700 ab
1113 3641 1210 3701 altera
1237 3639 1380 3720 Gallum,
1405 3642 1613 3704 ValentInum
1635 3658 1667 3705 et

407 3742 542 3802 condam
571 3743 729 3804 Briccium
754 3744 874 3824 juratos
902 3745 1030 3807 racione
1063 3761 1094 3808 et
1117 3760 1262 3828 pretextu
1296 3748 1461 3810 cuiusdam
1487 3769 1587 3812 avene
1612 3770 1669 3831 per

405 3846 524 3926 juratos
556 3847 770 3929 adjudicatam
804 3865 834 3910 et
865 3871 921 3932 per
952 3853 1091 3914 eundem
1125 3852 1256 3914 Gallum
1289 3854 1427 3936 juratum
1461 3857 1492 3916 in
1517 3877 1572 3918 sua
1597 3877 1667 3938 per·

404 3973 481 4014 sona
507 3954 546 4014 ad
571 3956 713 4017 seniores
737 3955 858 4036 judices
875 3958 1079 4040 appellatam,
1098 3961 1239 4021 seniores
1255 3961 1378 4041 judices
1402 3961 1668 4044 adjudicaverunt

405 4073 435 4119 et
460 4059 729 4123 confirmaverunt
753 4063 907 4142 judicium
933 4063 1121 4143 juratorum.

511 4165 586 4227 Item
614 4187 740 4228 causam
766 4170 848 4230 inter
865 4171 1027 4232 Andream
1047 4170 1200 4254 (Itatrem)
1219 4173 1342 4234 domini
1367 4173 1522 4236 Iohannis
1546 4177 1666 4257 presbi-

404 4272 461 4332 teri
488 4287 518 4332 et
551 4273 718 4334 Nicolaum
753 4275 908 4336 Hortvath
941 4278 1069 4338 racione
1101 4292 1131 4338 et
1175 4293 1320 4360 pretextu
1352 4281 1516 4342 cuiusdam
1550 4282 1667 4344 domus

405 4376 618 4441 Gwraltouicz
655 4402 710 4462 per
744 4382 863 4462 juratos
901 4383 1116 4464 adjudicatam
1153 4401 1184 4448 et
1226 4407 1282 4468 per
1317 4387 1455 4448 eundem
1493 4387 1664 4450 Nicolaum

405 4484 560 4546 Horwath
585 4487 623 4546 ad
650 4488 790 4548 seniores
814 4487 935 4569 judices
959 4491 1163 4572 appellatam,
1192 4493 1333 4553 seniores
1358 4493 1478 4574 judices
1502 4494 1666 4575 adjudica-

403 4605 528 4668 verunt,
554 4593 641 4672 quod
667 4594 723 4674 (id,
748 4594 848 4674 quod)
867 4599 1026 4676 superflue
1050 4599 1238 4660 remanserit
1254 4619 1349 4680 super
1366 4599 1439 4660 illos
1455 4614 1576 4682 septem
1595 4601 1664 4665 flor.

404 4711 434 4757 et
458 4711 586 4758 centum
612 4699 760 4760 denarios
777 4701 987 4780 wiennenses,
1013 4704 1098 4764 idem
1117 4705 1261 4766 Andreas
1278 4719 1308 4768 et
1326 4707 1478 4767 Nicolaua
1496 4707 1664 4784 Hortvath,

403 4805 533 4884 quando
558 4806 673 4866 domus
698 4808 864 4886 tendetur,
889 4810 971 4870 Inter
995 4831 1028 4870 se
1053 4811 1196 4872 dividere
1221 4813 1395 4875 habebunt.

508 4963 590 5015 *vile
611 4989 643 5009 ε
664 4968 734 5016 Iurca
753 4968 874 5019 bicornis.
