3694 5782
556 590 643 648 Anno
665 587 760 667 1466.
787 623 826 632 -
845 601 879 665 5.
903 590 1062 652 decembris.
1386 609 1445 670 305

293 801 370 862 Item
397 820 524 862 causam
543 801 624 861 inter
650 801 801 880 Egidium
823 815 853 862 et
870 801 1076 862 Valentinum
1103 801 1194 882 jurati
1224 802 1448 884 adjudicarunt

187 908 285 970 modo
302 908 370 986 tali,
395 921 429 968 ut
453 907 538 968 idem
558 906 692 988 Egidius
716 906 812 968 debet
835 906 938 988 jurare
956 908 989 968 in
1013 927 1066 969 ara
1083 922 1189 970 sancte
1208 907 1331 986 Crucis,
1357 908 1445 988 quod

187 1029 291 1076 taram
325 1014 414 1075 illam
448 1033 544 1094 quam
570 1014 637 1095 ipse
669 1013 830 1074 tenebitur
862 1013 996 1074 domino
1027 1033 1096 1092 suo,
1123 1033 1219 1094 quarn
1249 1013 1274 1074 si
1306 1015 1372 1095 ipse
1398 1034 1448 1074 ex-

187 1121 291 1198 solvit,
317 1121 413 1181 debet
436 1120 495 1180 sibi
521 1119 610 1180 reddi
636 1139 692 1200 per
717 1119 853 1181 eandem
882 1120 1052 1180 mulierem
1077 1121 1238 1200 completo
1256 1119 1447 1198 juramento

187 1241 216 1288 et
240 1227 302 1288 hoc
327 1225 405 1288 leria
429 1237 516 1287 sexta
542 1225 687 1307 proxime
712 1239 856 1288 ventura.

291 1333 370 1394 Item
395 1353 522 1394 causam
548 1333 631 1394 inter
655 1332 847 1414 Dyonisium
871 1332 1020 1414 Sipchich
1046 1346 1076 1394 et
1094 1331 1297 1393 Clementem
1323 1332 1448 1392 moder·

187 1459 263 1501 num
288 1439 427 1520 juratum
447 1439 722 1520 prolongaverunt
739 1459 840 1520 usque
858 1438 994 1520 primam
1013 1439 1097 1499 diem
1118 1437 1326 1516 judicationis
1343 1437 1447 1518 jurati.

291 1546 370 1607 Item
395 1565 522 1606 causam
549 1545 630 1606 inter
655 1543 839 1626 Philippum
871 1559 1012 1605 sutorem
1046 1559 1076 1606 et
1101 1545 1229 1606 Petrum
1254 1544 1374 1625 Dragin
1399 1543 1446 1622 ju-

187 1653 242 1713 rati
268 1651 545 1732 adjudicaverunt,
562 1651 673 1710 Petrus
699 1649 818 1729 Dragin
845 1650 940 1710 debet
958 1650 1060 1730 jurare
1086 1651 1229 1730 proxima
1254 1665 1340 1711 sexta
1359 1648 1448 1728 feria,

186 1759 325 1821 utillud
350 1758 484 1820 mileum
510 1777 567 1840 pro
593 1775 658 1838 quo
683 1757 742 1837 ipsi
767 1756 975 1836 litigabantur
1000 1777 1064 1818 non
1089 1757 1185 1817 habet
1209 1755 1349 1837 prelatus
1374 1755 1446 1816 Phi-

186 1865 292 1946 lippus
317 1877 405 1925 sutor
438 1863 560 1924 nullam
587 1840 773 1943 porcionem
807 1881 863 1922 seu
891 1863 1076 1924 societatem
1110 1882 1168 1944 pro
1194 1863 1250 1923 illo
1274 1863 1396 1941 millen,
1419 1877 1450 1922 et

189 1971 275 2053 quod
294 1971 379 2031 idem
399 1971 509 2031 Petrus
529 1969 659 2051 Dragyn
678 1969 767 2030 dedit
784 1968 906 2051 prefato
931 1969 1081 2050 Philippo
1099 1989 1208 2029 verum
1227 1989 1321 2030 suunt
1338 1989 1447 2030 semen

185 2079 273 2160 quod
298 2077 386 2138 solus
410 2077 599 2151 seminavit;
636 2088 667 2136 et
699 2077 830 2157 quando
863 2073 1003 2156 prefatus
1028 2075 1139 2137 Petrus
1172 2076 1343 2156 prestiterit
1367 2075 1449 2154 jura·

187 2198 343 2262 mentum,
367 2198 442 2245 tunc
468 2183 554 2244 idem
580 2182 748 2264 Philippus
773 2183 916 2244 manebit
941 2183 973 2242 in
998 2182 1167 2244 violencia.

260 2405 409 2476 Sabbata
438 2408 592 2493 proximo
622 2412 699 2474 ante
728 2403 849 2474 testum
879 2404 968 2473 beati
1001 2401 1134 2473 Martini
1164 2405 1309 2491 episcopi
1339 2411 1373 2472 et

712 2530 926 2600 confessoris.

693 2679 740 2760 (8.
765 2682 949 2756 novembris).

290 2823 368 2884 Item
394 2842 521 2884 causam
556 2823 637 2882 inter
661 2821 841 2882 lohannem
867 2822 1031 2884 Perowich
1063 2823 1222 2884 seniorem
1250 2823 1389 2902 judicem
1415 2845 1450 2886 ec

187 2927 349 2989 Thomam
376 2927 526 3008 juratum,
551 2929 693 2990 seniores
717 2927 838 3008 judices
854 2929 959 2990 taliter
983 2929 1217 2990 adinvenerunt
1235 2949 1291 3010 pro
1317 2931 1450 3010 quibus·

187 3033 259 3095 dam
286 3035 380 3095 rebus
404 3053 440 3096 ac
457 3036 551 3095 bonis
567 3055 623 3116 per
641 3034 813 3115 quemdem
839 3035 1003 3096 Andream
1038 3035 1224 3096 Mindorffer
1249 3049 1446 3117 receptarum

189 3160 222 3200 ac
247 3140 438 3218 ablatarum,
470 3141 557 3221 quod
591 3140 677 3201 idem
702 3141 864 3201 lohannes
897 3140 1062 3201 Perowich
1098 3139 1219 3221 prelato
1252 3141 1381 3201 Thome
1414 3142 1444 3201 in

192 3247 281 3308 nullo
306 3246 388 3308 foret
412 3247 582 3328 culpabilis
607 3266 664 3308 nec
689 3266 760 3306 reus
785 3266 842 3327 pro
868 3243 996 3328 prefatis
1021 3247 1115 3307 rebus
1139 3265 1195 3326 per
1219 3246 1357 3307 eundem
1384 3251 1448 3306 An·

191 3353 298 3413 dream
324 3354 448 3430 ablatis,
485 3353 559 3432 quia
585 3373 634 3414 res
664 3353 789 3413 homini
822 3351 933 3432 prelati
962 3350 1138 3413 Mindorler
1170 3351 1297 3412 fuerunt
1322 3367 1446 3433 recepte

189 3457 268 3538 juste
294 3473 329 3520 ut
352 3479 368 3519 a
387 3457 473 3519 falsis
498 3471 528 3518 et
549 3458 673 3518 crimini
703 3471 785 3519 recte
813 3479 852 3519 ne
871 3457 1026 3537 fallentes,
1040 3460 1108 3536 (sic)
1130 3459 1185 3519 sed
1211 3478 1266 3540 per
1289 3459 1448 3540 supplica-

190 3565 298 3626 ciones
323 3565 440 3626 civium
466 3565 579 3626 eedem
604 3585 653 3624 res
677 3562 805 3625 fuerunt
832 3565 972 3626 restitute
1005 3584 1061 3645 per
1085 3563 1242 3647 prefatum
1269 3565 1447 3625 lohannem

189 3672 351 3734 Perowicb
377 3673 453 3754 ipsis
476 3672 662 3733 hominibus
694 3669 807 3753 prefati
826 3671 1021 3748 Mindorler;
1047 3670 1251 3753 prelatusque
1280 3691 1356 3732 vero
1381 3676 1449 3732 An-

188 3778 278 3840 dreas
311 3777 488 3840 Mindorfer
521 3799 569 3839 res
605 3798 684 3858 quas
717 3792 877 3859 receperat
908 3781 947 3839 ab
979 3779 1142 3858 aliquibus
1174 3779 1296 3838 civibus
1330 3779 1445 3839 nostris

191 3905 248 3965 pro
272 3883 401 3966 prelatis
425 3885 538 3946 ablatis
563 3887 657 3945 rebus
682 3885 871 3964 promiserat
899 3885 1074 3961 restituere,
1100 3899 1129 3944 et
1153 3885 1198 3944 sic
1223 3903 1286 3944 non
1312 3885 1449 3944 restituit

191 4010 290 4071 usque
316 3991 389 4068 huc,
414 3991 511 4051 etsie
536 3992 601 4072 ipse
621 3989 702 4050 foret
726 3991 785 4050 sibi
809 3991 978 4071 culpabilis
1003 4005 1033 4050 et
1050 4011 1114 4051 non
1133 3989 1272 4071 prefatus
1290 3991 1451 4052 lohannes

187 4095 365 4158 Perowich.

223 4313 319 4386 Ferin
348 4323 446 4387 sexte
476 4320 629 4404 proxima
673 4323 751 4387 ante
780 4317 901 4388 lestutn
935 4315 1024 4387 beati
1054 4314 1179 4388 Nicolai
1209 4316 1422 4398 confessoris,

636 4443 786 4528 proxime
814 4450 1003 4512 venturum.

700 4595 740 4668 (5.
765 4595 943 4669 decembris).

296 4733 370 4793 ltem
405 4753 532 4793 causam
568 4734 648 4794 inter
682 4734 895 4794 Laurencium
928 4754 1049 4816 sporar,
1074 4735 1151 4795 alias
1184 4734 1333 4795 comitem
1368 4733 1451 4794 dicte

186 4838 335 4917 civitatis,
361 4853 394 4900 ut
419 4853 559 4901 actorem
604 4842 643 4900 ab
677 4860 751 4918 una,
784 4855 814 4900 et
837 4840 974 4900 Paulum
1000 4841 1152 4923 lagatych
1185 4840 1317 4918 dictum,
1351 4841 1451 4901 carni-

184 4943 292 5022 ficem,
316 4945 436 5026 juratos
461 4958 491 5006 et
515 4945 600 5007 cives
618 4946 700 5008 dicte
722 4947 869 5025 civitatis,
894 4959 928 5006 ut
946 4947 977 5006 in
1003 4966 1130 5008 causam
1149 4960 1298 5007 attractos
1322 4947 1451 5006 racione

186 5071 255 5111 non
281 5052 533 5132 appreciacionis
558 5053 597 5112 ab
623 5053 738 5114 eodem
763 5052 907 5114 marcelli
933 5067 963 5114 et
980 5053 1130 5114 animalia
1157 5053 1279 5114 venalia
1305 5054 1336 5114 in
1362 5055 1451 5114 terri-

1346 5162 1386 5203 20
