3694 5782
386 559 447 634 306
758 553 844 610 Anno
867 546 960 627 1466.
987 583 1027 592 -
1043 561 1077 624 5.
1102 549 1268 609 decembris.

384 765 467 827 torio
493 763 575 824 dicte
601 763 738 824 civitatis
755 762 923 843 pascentis,
949 781 1005 843 per
1029 762 1148 842 juratos
1166 763 1248 822 dicte
1272 760 1409 822 civitatis
1433 758 1642 840 adjudicatam

385 884 416 931 et
439 889 495 952 per
522 870 626 952 ipsum
653 867 868 929 Laurentium
891 869 932 928 ad
957 869 1100 930 seniores
1133 869 1216 930 dicte
1241 867 1377 928 civitatis
1401 865 1593 947 appellatam
1617 877 1644 926 et

385 998 441 1058 per
473 975 616 1036 seniores
648 974 770 1056 judices
802 974 1030 1054 adjudicatam,
1063 989 1093 1036 et
1122 975 1251 1036 tandem
1284 973 1323 1034 de
1355 971 1475 1052 judicio
1509 972 1642 1053 ipsorum

386 1086 550 1146 seniorum
576 1083 718 1164 judicum
754 1082 820 1162 ipse
846 1081 963 1142 Paulus
997 1102 1060 1143 non
1087 1095 1265 1159 contentus,
1298 1080 1433 1140 eandem
1459 1098 1584 1140 causam
1608 1077 1643 1138 ad

387 1189 594 1271 magnificum
627 1189 796 1249 dominum
822 1186 1002 1248 iohannem
1036 1187 1074 1247 de
1100 1189 1235 1266 llozgon
1269 1187 1457 1267 magistrum
1482 1184 1643 1246 tbawarni-

391 1316 500 1358 corum
528 1295 650 1356 domini
677 1293 775 1356 nostri
801 1293 885 1374 regis
909 1293 1115 1375 appellatam,
1141 1313 1237 1374 quam
1263 1293 1540 1372 adjudicationem
1565 1293 1641 1373 ipso·

390 1422 460 1464 rum
485 1401 661 1482 juratorum
680 1399 763 1461 dicte
782 1399 918 1461 civitatis
943 1400 1009 1481 ipse
1031 1401 1182 1481 magister
1198 1399 1444 1460 tawarnicorum
1463 1412 1643 1474 revocasset,

388 1508 442 1568 sed
468 1507 746 1588 adjudicacionem
773 1506 916 1586 ipsorum
943 1507 1106 1567 seniorum
1141 1505 1283 1584 judicum
1308 1505 1391 1566 dicte
1417 1485 1552 1566 civitatis
1575 1525 1643 1566 con·

387 1613 554 1691 firmasset,
581 1625 676 1694 prout
700 1612 761 1673 hoc
786 1613 817 1672 in
842 1613 1009 1673 tenoribus
1033 1613 1196 1674 literarum
1222 1611 1528 1692 adjudicatoriarum
1553 1611 1645 1694 ipsius

388 1721 511 1782 domini
539 1720 693 1780 lobannis
716 1719 754 1778 de
781 1719 916 1798 Rozgon
951 1719 1091 1799 magistri
1124 1719 1395 1780 thawarnicorum
1427 1718 1527 1778 lacius
1550 1717 1643 1779 conti-

389 1839 481 1888 netur
506 1841 536 1886 et
560 1825 704 1887 habetur.

494 1931 572 1992 ltem
598 1930 694 1991 tercia
725 1931 794 1990 vice
827 1943 873 1990 est
897 1931 1130 2011 proclamatum
1164 1950 1220 2012 per
1249 1949 1403 2011 precones
1434 1943 1540 1990 nostre
1564 1948 1643 1989 com-

389 2039 564 2116 munitatis,
589 2050 623 2100 ut
647 2037 721 2118 quia
747 2037 886 2118 quedam
905 2037 995 2098 litera
1022 2038 1107 2098 Luce
1125 2037 1241 2097 sutoris
1266 2037 1372 2098 claudi
1397 2056 1493 2118 super
1518 2037 1642 2097 domum

389 2159 419 2206 et
444 2143 579 2206 fundum
606 2145 637 2204 in
663 2143 746 2204 dicta
771 2143 900 2204 civitate
925 2163 960 2204 ac
986 2144 1067 2205 inter
1089 2144 1204 2204 domos
1229 2157 1259 2204 et
1284 2143 1401 2204 fundos
1427 2143 1575 2225 Symonis
1598 2161 1642 2200 su·

389 2251 466 2311 toris
499 2251 538 2312 ab
572 2270 634 2312 una
667 2263 697 2310 et
730 2269 948 2310 successorum
982 2249 1118 2310 condam
1154 2250 1311 2312 Francisci
1344 2241 1461 2311 sutoris
1484 2253 1523 2311 ab
1553 2249 1642 2310 altera

389 2357 544 2439 partibus,
568 2357 607 2416 ab
633 2355 748 2416 eodem
767 2357 935 2417 casualiter
959 2357 1073 2416 amissa
1098 2371 1128 2416 et
1145 2356 1312 2438 deperdita
1341 2357 1457 2434 existit,
1481 2376 1542 2437 que
1559 2355 1641 2416 litera

391 2462 506 2523 nullibi
531 2461 663 2543 reperiri
688 2463 803 2544 potuit,
838 2463 888 2523 cui
921 2463 1012 2524 litera
1044 2462 1083 2524 de
1115 2482 1201 2524 novo
1226 2482 1321 2544 super
1353 2463 1466 2524 eadem
1492 2463 1586 2524 domo
1615 2475 1642 2522 et

388 2566 488 2630 lundo
513 2568 609 2630 debet
634 2567 702 2629 dari
727 2567 813 2648 juxta
839 2569 1064 2630 condicionem
1096 2569 1180 2630 dicte
1205 2569 1353 2631 civitatis.

495 2673 573 2735 ltem
598 2674 694 2736 tercia
720 2675 789 2736 vice
814 2689 859 2735 est
884 2675 1117 2756 proclamatum
1143 2677 1230 2757 quod
1265 2696 1326 2737 una
1352 2675 1444 2738 litera
1468 2677 1549 2738 dicte
1572 2677 1639 2736 civi-

390 2781 462 2841 tatis
484 2801 580 2862 super
605 2781 697 2842 vinea
722 2781 847 2862 providi
874 2781 931 2841 viri
962 2782 1109 2863 Dyonisii
1142 2782 1321 2864 piscatoris,
1345 2784 1481 2845 senioris
1505 2783 1591 2863 jurati
1614 2795 1640 2841 et

389 2887 530 2947 concivis
555 2887 666 2965 nostri,
691 2888 730 2947 ab
755 2887 870 2948 eodem
896 2889 1063 2949 casualiter
1088 2886 1170 2950 foret
1194 2890 1310 2950 amissa
1334 2903 1365 2952 et
1390 2891 1564 2972 deperdita,
1585 2907 1639 2970 que

390 2991 507 3053 nullibi
532 2991 663 3072 reperiri
695 2993 811 3074 potuit,
844 2992 917 3054 ideo
950 2993 1045 3054 debet
1076 2995 1135 3056 sibi
1170 2995 1237 3056 dari
1271 2996 1311 3056 de
1343 3016 1429 3058 novo
1455 2997 1543 3058 litera
1566 2996 1640 3056 dicte

391 3098 528 3159 civitatis
552 3117 647 3179 super
671 3098 783 3158 eadem
810 3099 902 3159 vinea
927 3099 1013 3179 juxta
1042 3100 1268 3162 condicionem
1295 3102 1377 3162 dicte
1402 3103 1545 3164 civitatis.

497 3203 574 3265 ltem
599 3203 754 3285 providus
786 3203 833 3264 vir
856 3205 1008 3266 Nicolaus
1040 3221 1151 3286 sartor,
1175 3209 1282 3269 senior
1314 3207 1436 3288 juratus
1459 3222 1489 3269 et
1513 3207 1641 3270 concivis

391 3323 509 3388 noster,
534 3306 635 3370 lassus
660 3323 715 3388 est,
741 3311 908 3390 quomodo
933 3313 1087 3393 providus
1105 3314 1153 3374 vir
1179 3316 1280 3376 Lucas
1305 3331 1406 3378 sartor
1423 3315 1565 3393 claudus,
1581 3333 1641 3374 suc-

392 3435 498 3476 cessor
523 3416 658 3476 condam
686 3414 939 3498 Gyvvanowych,
963 3431 1107 3500 tempore
1125 3420 1230 3480 adhuc
1254 3421 1413 3502 judicatus
1438 3423 1532 3483 Blasii
1557 3421 1642 3501 Ztoy-

391 3521 519 3604 mylych
545 3521 631 3600 dicti,
655 3522 734 3583 olim
759 3521 852 3602 jurati
878 3537 909 3584 et
933 3524 1011 3584 civis
1035 3525 1118 3587 dicte
1144 3526 1289 3606 civitatis,
1315 3529 1471 3608 debitum,
1496 3548 1559 3610 quo
1583 3529 1643 3606 ipse

393 3629 527 3710 Symoni
552 3629 664 3688 sartori
689 3643 719 3689 et
744 3629 868 3690 concivi
902 3647 1023 3708 nostin,
1057 3633 1208 3694 videlicet
1240 3635 1385 3716 quinque
1409 3635 1479 3698 flor.
1504 3635 1568 3696 auri
1591 3649 1643 3714 pro

392 3735 531 3816 quadam
557 3735 655 3794 domo
680 3736 895 3815 obligabatur,
920 3737 1025 3798 eidem
1053 3740 1189 3802 Nicolao
1212 3743 1325 3802 sartori
1351 3761 1409 3823 pro
1434 3743 1526 3804 certis
1548 3761 1643 3802 exces-

391 3841 478 3901 sibus
503 3840 647 3901 eiusdem
674 3841 824 3922 Symonis
857 3842 996 3904 dedisset
1029 3861 1058 3906 et
1083 3846 1275 3925 assignasset
1307 3867 1444 3909 unacum
1471 3848 1572 3928 judice
1595 3865 1642 3909 eo-

394 3959 469 4007 tunc
493 3959 523 4007 et
547 3961 665 4025 juratis.

500 4051 576 4111 ltem
604 4052 757 4113 Eracmus
781 4073 879 4134 gener
903 4055 1058 4118 lobannis
1079 4059 1263 4142 Wenthych
1280 4061 1385 4142 primo
1410 4061 1522 4123 citatus
1544 4075 1642 4122 contra

395 4172 576 4218 consortem
603 4158 755 4219 Demetrii
781 4161 897 4221 sutoris
921 4183 986 4223 non
1011 4167 1191 4246 comparuit
1215 4168 1245 4227 in
1272 4167 1392 4248 judicio
1416 4188 1523 4230 coram
1550 4168 1640 4229 nobis.

498 4263 595 4336 Quod
622 4266 695 4344 quia
723 4266 781 4326 viri
801 4269 926 4347 providi
949 4269 1102 4331 Clemens
1117 4271 1241 4332 Keczlta
1260 4274 1363 4334 dictus
1380 4289 1410 4336 et
1435 4275 1549 4335 Paulus
1564 4287 1642 4334 sutor

393 4370 424 4430 id
451 4371 481 4430 in
507 4371 581 4432 sede
607 4387 712 4431 nostra
739 4373 902 4446 judiciaria
931 4375 1015 4437 clare
1048 4380 1310 4459 comprobarunt,
1343 4395 1377 4441 ut
1401 4381 1478 4442 dum
1502 4380 1640 4462 providus

394 4476 441 4535 vir
468 4475 550 4536 lwan
577 4477 741 4559 Chaplycz
767 4480 880 4558 dictus,
897 4483 975 4542 olim
997 4483 1137 4544 concivis
1162 4499 1278 4564 noster,
1297 4487 1327 4546 in
1346 4489 1494 4548 extremis
1517 4488 1577 4548 vite
1592 4504 1639 4544 sue

395 4582 581 4662 temporalis
607 4582 789 4662 laborasset,
815 4601 889 4647 tunc
907 4588 973 4668 ipse
998 4589 1129 4649 eosdem
1147 4605 1332 4653 executores
1352 4613 1427 4654 suos
1445 4593 1575 4668 lecisset,
1592 4589 1638 4652 ubi

395 4687 460 4767 ipse
487 4689 690 4749 medietatem
717 4690 843 4770 domus,
878 4691 967 4753 fundi
1001 4714 1036 4754 ac
1065 4693 1300 4774 hedificiorum,
1333 4701 1534 4761 medietatem
1558 4699 1639 4758 vinee

396 4814 428 4854 tn
453 4795 613 4855 territorio
639 4796 722 4857 dicte
747 4798 899 4877 civitatis,
932 4820 989 4860 nec
1021 4821 1085 4862 non
1110 4815 1214 4866 totum
1246 4803 1401 4886 (hjortum
1434 4807 1551 4869 eisdem
1575 4823 1639 4863 ven·

393 4899 489 4961 dendi
516 4914 546 4962 et
570 4921 628 4983 pro
654 4903 759 4964 anima
785 4925 840 4965 sua
867 4907 1068 4988 expendendi
1094 4923 1125 4969 et
1148 4910 1256 4972 debita
1282 4912 1427 4973 eiusdem
1452 4909 1640 4994 persolvendi

391 5006 587 5068 attribuisset
616 5005 810 5072 facultatem.
