3644 5788
761 589 849 646 Anno
871 581 963 665 1458.
989 619 1030 630 -
1052 600 1084 663 4.
1109 584 1278 644 novembris.

488 803 565 864 Item
591 801 683 884 jurati
709 800 974 882 adjudicaverunt
997 818 1125 861 causam
1145 798 1228 860 inter
1251 795 1426 858 Martinum
1451 793 1591 874 judicem
1617 805 1647 852 et

383 911 575 994 Dyonisium
594 909 760 991 Wodopia
784 908 912 970 racione
936 903 1154 989 quorumdam
1171 904 1386 986 dampnorum
1411 901 1472 962 sibi
1497 900 1529 960 in
1548 899 1647 959 domo

384 1017 523 1099 quadam
548 1016 716 1094 factorum,
741 1015 797 1076 tali
821 1014 932 1093 modo,
961 1012 1050 1094 quod
1082 1025 1195 1074 octavo
1220 1011 1272 1072 die
1303 1007 1445 1091 prelatus
1470 1005 1649 1088 Dyonisius

384 1123 549 1206 Wodopio
573 1121 788 1204 juramentum
814 1120 976 1203 deponere
993 1117 1125 1180 babebit
1145 1117 1329 1178 terciusmet
1346 1115 1379 1176 iu
1403 1134 1453 1193 eo,
1479 1112 1566 1194 quod
1586 1130 1645 1172 nec

384 1230 452 1312 ipse
476 1249 535 1290 nec
559 1227 680 1290 familia
704 1247 761 1289 sua
785 1246 859 1288 cum
883 1226 964 1288 scitu
988 1239 1019 1288 et
1042 1225 1208 1286 voluntate
1232 1243 1289 1284 sua
1323 1222 1502 1303 dampnum
1522 1219 1555 1280 in
1581 1219 1649 1300 ipsa

384 1335 484 1397 domo
508 1353 573 1396 non
598 1333 691 1411 lecit3
714 1333 754 1394 de
778 1351 844 1414 quo
861 1332 981 1416 judicio
1005 1331 1183 1412 iuratorum
1209 1327 1349 1412 prelatus
1381 1325 1558 1410 Dyonisius
1582 1343 1648 1385 non

385 1455 554 1504 contentus
578 1440 754 1524 appellavit
776 1439 817 1501 ad
832 1439 975 1501 seniores
999 1437 1130 1520 judices.

492 1548 569 1611 ltem
594 1547 688 1628 jursti
719 1545 984 1627 adjudicaverunt
1013 1563 1141 1606 causam
1174 1543 1256 1606 inter
1288 1542 1443 1605 Cosmum
1466 1540 1587 1602 Barber
1619 1551 1651 1598 et

387 1656 530 1717 Marcum
563 1652 787 1716 Gwraltowicb
819 1653 948 1714 racione
988 1649 1154 1713 cuiusdam
1195 1648 1360 1711 effusionis
1398 1645 1584 1728 sanguinis,
1617 1657 1651 1705 ut

385 1760 528 1844 prefatus
552 1761 678 1822 Morcus
702 1759 762 1842 ipsi
787 1758 906 1822 Cosme
931 1759 1050 1820 Barber
1074 1758 1151 1820 dum
1178 1757 1244 1840 ipse
1273 1769 1387 1818 octavo
1412 1755 1465 1815 die
1489 1753 1651 1834 juramen·

385 1881 454 1930 tum
479 1867 663 1928 terciusmet
694 1865 834 1947 deponet
866 1865 898 1928 in
930 1885 980 1944 eo,
1012 1865 1100 1948 quod
1132 1865 1200 1947 ipse
1225 1863 1299 1925 lecit
1330 1863 1432 1945 ipsam
1457 1859 1650 1922 effusionem

386 1973 551 2056 sanguinis
583 1991 679 2054 super
710 1991 795 2050 eum,
827 1985 904 2034 tunc
935 1972 1144 2034 convincetur
1171 1983 1282 2033 contra
1312 1989 1387 2031 eum
1420 1969 1450 2030 in
1476 1966 1650 2029 duodecim

388 2098 461 2140 cum
486 2077 593 2139 media
617 2077 725 2160 pensis
748 2077 954 2140 denariorum
979 2093 1010 2140 et
1040 2077 1265 2140 communitati
1290 2077 1476 2138 incentum
1501 2072 1651 2134 denariis.

494 2185 572 2248 Item
590 2184 683 2266 jurati
701 2183 966 2266 adjudicaverunt
982 2204 1109 2246 causam
1124 2186 1206 2246 inter
1224 2183 1402 2264 Georgium
1427 2179 1530 2242 filium
1550 2179 1652 2240 Bene-

389 2292 464 2354 dicti
490 2305 521 2352 et
544 2290 708 2352 Thomam
733 2311 769 2352 ac
794 2291 999 2354 Franciscum
1025 2291 1203 2374 irenipares
1227 2291 1355 2353 racione
1380 2269 1549 2351 cuiusdam
1575 2284 1652 2346 effu·

388 2398 488 2459 sionis
510 2397 687 2478 sanguinis,
711 2397 771 2459 isto
789 2398 899 2478 modo,
923 2399 1010 2480 quod
1028 2397 1170 2481 prelatus
1191 2396 1352 2478 Georgius
1368 2409 1482 2457 octavo
1499 2393 1552 2454 die
1570 2392 1652 2472 jura-

388 2519 534 2566 mentum
559 2503 720 2584 deponere
753 2503 884 2566 debebit
914 2506 946 2566 in
978 2525 1028 2583 eo,
1061 2504 1150 2587 quod
1174 2504 1233 2586 ipsi
1267 2501 1425 2586 prefatam
1459 2499 1652 2562 effusionem

389 2610 554 2692 sanguinis
587 2611 708 2691 absque
733 2611 828 2693 culpa
860 2631 915 2672 sua
948 2610 1092 2673 lecerunt
1122 2631 1218 2693 super
1249 2629 1341 2686 eum;
1377 2627 1443 2690 quo
1471 2608 1653 2691 juramento

390 2716 538 2799 deposito
562 2715 621 2797 ipsi
647 2717 878 2778 convincentur
909 2731 1019 2780 contra
1043 2737 1117 2779 eum
1149 2717 1181 2778 in
1207 2715 1347 2798 birsagio
1371 2715 1509 2797 quilibet
1541 2729 1654 2774 eorum

390 2823 422 2884 in
446 2821 537 2884 XXV
561 2822 668 2904 pensis
692 2822 910 2903 denariorum,
935 2838 1045 2886 contra
1070 2824 1336 2886 communitatem
1361 2823 1393 2884 in
1418 2822 1575 2903 quinque.

497 2927 575 2989 ltem
606 2927 699 3009 jurati
732 2928 998 3010 adjudicaverunt
1030 2930 1111 2992 inter
1142 2929 1321 2992 iohannem
1347 2927 1510 2990 Werchelt
1543 2941 1574 2990 et
1598 2927 1655 3010 Sy·

392 3054 524 3096 monem
549 3033 588 3094 de
612 3035 704 3096 Nova
729 3035 806 3098 villa
837 3037 965 3099 racione
997 3057 1061 3098 non
1086 3037 1263 3099 solutionis
1294 3036 1476 3118 aliquarum
1502 3054 1656 3116 expense·

391 3161 474 3219 rum,
498 3141 554 3202 tali
571 3141 683 3222 modo,
708 3143 797 3224 quod
814 3143 956 3226 prelatus
973 3144 1136 3205 lohannes
1148 3144 1309 3206 Wercbek
1326 3144 1544 3225 juramentum
1561 3161 1658 3226 super

392 3267 598 3329 quocumque
616 3247 767 3331 deponet,
782 3248 844 3311 hoc
865 3249 1005 3332 prelatus
1019 3250 1140 3332 Symon
1159 3250 1219 3312 sibi
1236 3250 1361 3312 solvere
1377 3248 1520 3328 habebit,
1538 3250 1656 3330 primo,

392 3366 424 3414 et
447 3352 589 3415 secundo
615 3353 734 3416 ibidem
767 3355 982 3437 juramentum
1016 3356 1179 3438 deponere
1211 3355 1360 3436 habebit,
1392 3355 1481 3437 quod
1514 3352 1657 3438 prefatus

394 3458 557 3521 Johannes
588 3479 653 3521 non
682 3458 743 3523 fuit
774 3476 943 3524 contentus
967 3463 1007 3523 de
1039 3463 1094 3525 illa
1126 3463 1343 3546 disposicione
1367 3482 1465 3545 quam
1491 3463 1545 3524 elii
1578 3461 1657 3522 socii

393 3566 441 3626 sui
465 3563 624 3642 fecerunt;
659 3567 787 3648 dequo
811 3567 932 3648 judicio
957 3567 1135 3649 juratorum
1160 3567 1301 3652 prefatus
1327 3569 1451 3652 Symoo
1475 3581 1566 3630 sutor
1591 3586 1657 3628 non

392 3683 562 3734 contentus
584 3673 758 3754 appellavit
781 3673 821 3735 ad
845 3675 986 3736 seniores
1010 3673 1141 3756 judices.

498 3777 576 3839 ltem
601 3779 713 3840 Petrus
730 3780 853 3862 Repich
878 3793 988 3842 contra
1014 3781 1118 3842 Eliam
1136 3795 1279 3844 sutorem
1305 3781 1458 3843 claudum
1483 3781 1589 3864 primo
1616 3779 1659 3841 ci·

393 3897 476 3946 tatus
499 3903 565 3944 non
590 3886 781 3967 comparuit.

499 3989 576 4051 ltem
600 3989 694 4071 jurati
718 3991 983 4073 adjudicaverunt
1014 4015 1142 4057 causam
1177 3995 1259 4057 inter
1284 3995 1461 4078 Symonem
1488 4015 1604 4058 cocum
1630 4009 1661 4056 et

394 4095 597 4158 Clementem
632 4095 759 4160 labrum
794 4101 922 4162 racione
955 4102 1121 4163 cuiusdam
1153 4101 1353 4164 fideiussoris
1385 4103 1569 4182 caucionis,
1603 4102 1660 4163 tali

395 4200 506 4280 modo,
530 4202 618 4282 quod
643 4202 782 4285 prelatus
807 4205 960 4268 Clemens
990 4204 1079 4268 faber
1110 4221 1225 4270 octavo
1250 4208 1302 4270 die
1327 4208 1545 4290 juramentum
1570 4209 1662 4270 solus

392 4305 555 4387 deponere
579 4307 711 4372 hebebit
733 4312 767 4371 in
791 4331 841 4391 eo,
867 4327 902 4374 ut
925 4313 992 4394 ipse
1017 4314 1077 4375 sibi
1101 4315 1210 4376 nullus
1234 4314 1404 4376 fideiussor
1427 4313 1498 4378 fuit.

498 4412 576 4474 ltem
609 4415 762 4478 Nicolaus
792 4431 893 4479 sartor
924 4419 1020 4480 hodie
1053 4419 1269 4500 juramentum
1296 4421 1447 4505 deposuit
1478 4421 1566 4503 quod
1601 4418 1663 4484 suit

392 4517 451 4578 sibi
476 4517 695 4600 adjudicatum
727 4535 838 4585 contre
871 4525 1063 4607 Dyonisium
1098 4527 1248 4610 Vodopia
1281 4529 1410 4590 racione
1442 4529 1662 4610 quarumdam

392 4624 542 4685 arborum
566 4647 622 4688 seu
647 4628 844 4710 plantarum.

497 4731 575 4793 Item
600 4733 807 4797 Twrltowich
832 4736 1026 4800 Benedictus
1042 4753 1153 4802 contra
1173 4741 1367 4824 Dyonisium
1391 4742 1559 4826 Wodopia
1577 4743 1664 4824 jura·

392 4849 537 4898 mentum
561 4853 657 4919 prout
683 4841 794 4902 debuit
818 4842 978 4924 deposuit.

497 4943 573 5004 ltem
597 4941 677 5006 feria
710 4961 822 5026 quarta
854 4950 999 5029 proxima
1031 4965 1103 5032 post
1125 4950 1241 5016 festum
1278 4957 1361 5045 beati
1388 4957 1502 5018 Briccii
1535 4956 1665 5020 confes-

395 5049 485 5124 soris,
511 5050 671 5110 lohannes
696 5052 856 5114 Werchek
875 5069 905 5116 et
924 5056 1045 5138 Symon
1070 5074 1161 5122 sutor
1178 5061 1216 5122 de
1236 5063 1329 5124 Nova
1353 5065 1429 5125 ville
1447 5083 1503 5146 per
1528 5083 1665 5147 compo·
