3644 5788
778 542 864 600 Anno
886 538 979 619 1463.
1004 575 1044 585 -
1069 555 1115 602 11.
1139 541 1247 602 martii.

802 753 880 815 Item
908 753 1088 835 Stephanus
1111 767 1209 815 sutor.

803 859 880 922 Item
905 860 1059 922 Nicolaus
1082 860 1296 942 pancerarius.

803 967 880 1027 Item
905 966 1033 1048 Radlyn
1057 979 1168 1028 sartor.

801 1072 880 1134 Item
904 1073 1016 1134 BenIro
1040 1073 1175 1135 institor.

803 1177 880 1241 Item
906 1179 1024 1240 Paulus
1047 1192 1159 1242 sartor.

803 1285 881 1347 Item
906 1285 1031 1346 Blasius
1054 1285 1188 1348 Institor.

804 1392 881 1454 Item
906 1391 1096 1453 Dominicus
1120 1390 1374 1476 Chehlroychyn.

803 1500 880 1562 Item
906 1498 1087 1581 Stephanus
1110 1513 1200 1560 sutor
1223 1499 1359 1561 italicus.

803 1606 881 1669 Item
907 1605 1019 1667 Gurko
1044 1604 1201 1687 platbnar.

800 1715 878 1776 Item
903 1712 1040 1775 Matthias
1064 1728 1165 1774 sartor
1188 1713 1330 1778 claudus.

803 1821 880 1882 Item
907 1819 1025 1880 Paulus
1049 1819 1243 1903 Iagychych.

802 1927 881 1989 Item
906 1926 1059 1988 Clemens
1083 1927 1221 1989 Keczka.

804 2033 883 2095 Item
908 2031 1076 2115 Philippus
1099 2045 1189 2096 sutor
1214 2034 1466 2118 Tropchychyn.

804 2140 882 2201 Item
906 2138 1091 2200 Anthonius
1116 2139 1327 2225 Thermsych.

800 2246 879 2307 Item
904 2246 1035 2328 Petrycz
1060 2247 1196 2310 Institor.

383 2489 465 2561 Item
495 2491 609 2560 endem
637 2487 723 2559 scrin
761 2495 858 2558 sexta
896 2493 973 2558 ante
1002 2486 1125 2558 festum
1160 2487 1250 2560 henti
1282 2487 1452 2559 Valentini
1481 2485 1646 2559 martiris.

890 2637 953 2719 (11.
969 2639 1147 2716 februarii).

487 2784 563 2845 Item
598 2802 725 2846 causam
758 2781 995 2844 interfercionis
1027 2781 1182 2843 Iohannis
1213 2780 1271 2843 filii
1301 2781 1421 2844 Mathie
1446 2782 1486 2843 de
1512 2780 1646 2865 Dedych

381 2911 438 2973 per
461 2891 668 2952 Valentinum
694 2889 796 2951 filium
822 2888 971 2970 Gregorii
996 2889 1036 2950 de
1053 2889 1173 2951 tenutis
1196 2909 1253 2950 seu
1278 2889 1444 2972 provincia
1468 2902 1647 2950 castrorum

381 2996 615 3080 Hraztboycze,
640 2996 774 3058 nuncin
799 2995 961 3057 territorio
985 2995 1068 3056 dicte
1087 2995 1223 3057 civitatis
1246 2995 1328 3056 circa
1346 2995 1474 3056 vineam
1499 3013 1647 3056 commo-

382 3118 515 3182 rantem,
541 3104 572 3164 in
596 3103 757 3164 territori0
782 3102 926 3162 eiusdem
943 3101 1079 3163 civitatis
1096 3115 1143 3163 est
1159 3099 1354 3179 interfectus,
1380 3100 1468 3182 quod
1493 3101 1562 3182 ipse
1587 3100 1649 3161 Va·

382 3211 522 3273 lentinus
546 3225 664 3272 estote
689 3209 819 3292 proprio
837 3207 947 3287 fassus,
973 3208 1127 3289 quodque
1144 3221 1175 3268 et
1193 3208 1269 3270 certi
1286 3219 1382 3269 testes
1403 3205 1476 3269 fassi
1503 3205 1646 3284 fuerunt,

381 3317 473 3399 jurati
498 3317 774 3396 adjudicaverunt,
799 3315 886 3396 quod
912 3314 986 3395 quia
1013 3314 1077 3396 llya
1110 3312 1196 3374 filius
1221 3312 1371 3395 Gregorii
1395 3312 1435 3374 de
1460 3313 1546 3374 dicta
1571 3312 1649 3374 villa

381 3424 515 3507 Dedych
540 3423 635 3485 Irater
658 3421 913 3504 generacionalis
944 3421 1089 3482 eiusdem
1114 3419 1269 3482 Iohannis
1301 3421 1332 3481 in
1358 3439 1414 3481 sua
1439 3433 1470 3482 et
1494 3421 1645 3481 omnium

381 3530 513 3592 fratrum
539 3530 683 3591 eiusdem
708 3542 739 3590 et
761 3529 993 3610 proxImorum,
1026 3528 1081 3608 qui
1106 3527 1224 3588 dictam
1256 3541 1394 3588 mortem
1419 3526 1566 3588 eiusdem
1592 3527 1641 3587 Jo-

383 3638 496 3698 hannis
514 3638 769 3719 prosequebatur
786 3633 919 3717 (contra)
937 3635 1076 3696 eundem
1093 3633 1312 3713 Valentinum,
1330 3636 1389 3696 sub
1407 3633 1520 3696 eculeo
1539 3647 1649 3695 nostre

382 3743 622 3804 communitatis
654 3743 684 3803 in
716 3742 800 3802 dicta
831 3741 958 3802 civitate
998 3754 1093 3822 caput
1125 3741 1269 3802 eiusdem
1302 3741 1465 3802 Valentini
1499 3753 1650 3802 truncare

382 3868 438 3910 seu
463 3867 568 3910 secare
593 3847 709 3909 debeat
733 3860 763 3910 et
787 3847 948 3909 tenebitur
972 3845 1080 3908 hodie.

527 4084 621 4158 Feria
652 4093 749 4156 sexta
777 4085 931 4175 proxima
959 4094 1037 4157 ante
1066 4085 1191 4157 lestum
1219 4085 1371 4174 Gregorii
1400 4106 1493 4174 pape.

906 4236 969 4319 (ΙΙ.
994 4239 1125 4317 martis).

487 4379 565 4440 Item
590 4399 717 4442 causam
744 4381 825 4442 inter
849 4380 1050 4442 Anthonium
1078 4380 1236 4463 Chaykyn
1261 4379 1382 4441 dIctum
1408 4391 1439 4440 et
1463 4378 1582 4439 Berlek
1602 4397 1651 4438 so·

381 4485 501 4545 corium
527 4485 651 4546 domini
675 4487 851 4566 Ambrosii,
876 4487 1042 4548 concivem
1068 4501 1225 4566 nostrum,
1250 4486 1344 4568 jurati
1369 4485 1653 4567 adjudicaverunt,

381 4590 469 4670 quod
494 4592 569 4671 quia
595 4591 661 4671 ipse
685 4592 868 4654 Anthonius
901 4594 1041 4655 evidenti
1074 4594 1263 4656 testimonio
1295 4593 1520 4675 comprobavit
1545 4593 1579 4654 in
1605 4591 1652 4674 ju-

382 4694 466 4755 dicio
490 4715 597 4757 coram
623 4697 726 4776 nobis,
752 4699 839 4779 quod
864 4699 931 4780 ipse
958 4700 1119 4762 barnabas
1147 4700 1333 4784 propinavit
1356 4699 1462 4760 eidem
1480 4699 1653 4761 Anthonio

381 4819 453 4860 cum
481 4821 590 4862 sorore
614 4823 670 4863 sua
695 4804 858 4884 quandam
891 4806 1019 4868 vineam
1049 4827 1122 4868 cum
1155 4806 1295 4888 quadam
1321 4804 1476 4889 particula
1501 4805 1599 4885 silve,
1623 4818 1654 4867 et

382 4905 482 4966 eciam
508 4907 566 4988 Ipsi
591 4921 685 4969 testes
710 4907 852 4972 fecerunt
877 4925 977 4974 metas
1001 4913 1105 4974 eidem
1130 4914 1223 4974 vinee
1241 4927 1273 4975 et
1296 4913 1444 4975 crucibus
1467 4912 1653 4993 signarunt,

383 5012 455 5074 ideo
479 5027 604 5076 tenetur
629 5015 694 5097 ipse
720 5017 881 5080 Barnabas
905 5021 1010 5083 eidem
1036 5021 1110 5082 dare
1139 5021 1248 5083 literas
1272 5023 1331 5083 sub
1356 5019 1464 5102 sigillo
1489 5021 1652 5098 civitatis;
