3694 5782
613 627 700 686 Anno
724 622 818 705 1468.
842 663 886 672 —
910 643 955 688 11.
981 631 1089 690 martii.
1421 649 1481 711 333

326 837 402 900 Item
422 839 497 919 quia
513 838 705 900 Ambrosius
723 838 822 899 cliens
839 839 878 898 de
896 840 1029 922 Regyne
1048 859 1147 921 prope
1167 841 1482 922 Quinqueecclesias,

219 945 248 1004 in
275 959 377 1006 castro
402 945 527 1006 Medwe
545 947 696 1030 servieps,
721 943 806 1005 filius
828 943 959 1026 Georgii
986 945 1017 1006 in
1036 945 1207 1008 manifesto
1226 946 1388 1008 furticinio
1406 969 1482 1029 qua·

217 1065 290 1111 tuor
323 1071 507 1132 grossorum
540 1071 612 1112 cum
646 1049 770 1133 prelato
804 1050 950 1112 lohanne
984 1052 1071 1113 etin
1104 1053 1255 1114 societate
1281 1055 1423 1116 eiusdem
1451 1055 1481 1116 in

217 1155 300 1218 dicta
332 1157 458 1218 civitate
491 1171 537 1218 est
569 1156 838 1238 comprehensus,
870 1158 957 1238 quod
990 1158 1125 1241 ipsemet
1158 1159 1188 1220 in
1222 1159 1342 1240 judicio
1375 1181 1481 1222 coram

216 1263 311 1324 nobis
336 1277 366 1324 et
389 1277 456 1324 tora
480 1265 711 1326 communitate
734 1277 780 1324 est
797 1262 908 1341 fassus,
933 1264 1007 1325 ideo
1032 1265 1125 1346 jurati
1142 1265 1376 1346 adjudicarunt,
1394 1267 1482 1348 quod

216 1367 276 1449 ipsi
300 1371 475 1431 Ambrosio
499 1390 558 1451 pro
583 1370 686 1452 prima
710 1371 779 1432 eius
803 1370 895 1452 culpa
927 1370 1046 1432 debent
1078 1373 1171 1434 ambe
1196 1373 1337 1434 auricule
1362 1373 1481 1452 precidi

216 1490 247 1536 et
271 1475 310 1536 de
335 1477 496 1540 territorio
520 1477 602 1539 dicte
618 1471 764 1539 'civitatis
785 1478 959 1539 enormiter
984 1479 1100 1560 expelli
1126 1493 1157 1540 et
1181 1481 1376 1562 peramplius
1400 1499 1481 1540 nun-

217 1601 315 1663 quam
341 1584 372 1644 in
406 1584 600 1646 territorium
634 1583 717 1646 dicte
750 1583 885 1644 civitatis
907 1584 1034 1662 intrare,
1068 1585 1146 1645 etsi
1179 1585 1285 1646 veniet
1309 1600 1338 1646 et
1363 1586 1480 1667 reperi-

216 1701 312 1767 retur,
337 1705 451 1752 extunc
475 1710 592 1772 penam
618 1711 714 1772 quam
748 1689 907 1751 demeruit
935 1691 1096 1771 pacietur;
1128 1705 1159 1753 et
1183 1691 1258 1772 quia
1284 1693 1322 1752 ad
1349 1693 1480 1773 peticio·

215 1814 289 1856 nem
315 1794 447 1857 fratrum
472 1797 572 1858 sancti
596 1797 733 1874 Nicolai,
766 1796 865 1857 sancti
891 1795 1051 1858 Francisci
1081 1817 1117 1857 ac
1142 1810 1301 1859 certorum
1327 1798 1480 1880 plebano·

214 1921 285 1962 rum
310 1915 341 1963 et
364 1903 502 1964 aliorum
527 1903 768 1984 quamplurium
794 1903 954 1967 nobilium
979 1917 1009 1964 et
1033 1903 1242 1985 providorum
1267 1904 1409 1965 virorum
1435 1918 1483 1964 est

215 2009 242 2070 ei
274 2009 494 2071 misericordia
527 2008 607 2071 lacta
639 2009 755 2088 taliter,
788 2009 876 2091 quod
909 2010 984 2091 quia
1017 2011 1083 2092 ipse
1119 2024 1192 2071 ante
1224 2011 1343 2071 multos
1377 2031 1478 2072 annos

117 2123 121 2132 '
214 2129 327 2177 votum
360 2113 488 2196 fecerat,
520 2116 608 2198 quod
633 2115 699 2198 ipse
731 2116 921 2196 religionem
954 2115 1086 2178 fratrum
1120 2115 1219 2178 sancti
1245 2116 1406 2178 Dominici
1433 2117 1479 2177 in·

214 2237 298 2284 trare
324 2223 471 2304 promisit
495 2236 526 2283 et
549 2243 684 2305 cappam
702 2222 803 2300 indui,
827 2223 936 2304 sicque
960 2223 1065 2284 eidem
1083 2221 1165 2285 facta
1190 2237 1236 2285 est
1260 2223 1478 2284 misericordia

215 2329 305 2410 quod
331 2349 423 2390 aures
440 2349 496 2390 sue
521 2349 586 2390 non
605 2329 723 2390 debent
746 2329 879 2410 precidi,
903 2343 934 2390 et
957 2329 982 2389 si
1000 2329 1061 2390 hoc
1078 2327 1180 2390 facere
1204 2343 1375 2407 recusaret,
1390 2329 1477 2410 quod

214 2450 294 2496 tunc
305 2437 501 2516 ubicumque
514 2435 690 2514 resciretur,
701 2435 787 2517 quod
799 2435 899 2517 possit
908 2437 1122 2497 communitas
1131 2437 1213 2497 dicte
1224 2437 1359 2498 civitatis
1369 2452 1478 2498 contra

212 2541 318 2622 ipsum
336 2542 474 2602 scribere
491 2542 579 2623 quod
597 2539 656 2603 fuit
672 2541 744 2602 talis
760 2540 946 2602 malefactor
960 2557 990 2603 et
1007 2563 1071 2603 non
1089 2543 1229 2624 explevit
1245 2563 1338 2603 suum
1353 2556 1473 2604 votum.

321 2647 398 2709 ltem
424 2667 552 2708 causam
585 2647 666 2709 inter
691 2649 804 2730 Elyam
838 2646 977 2710 lusorem
1012 2669 1238 2730 campanarum
1264 2663 1299 2709 ut
1323 2664 1474 2728 actorem,

212 2767 243 2815 et
269 2755 352 2815 inter
378 2754 550 2814 Martinum
576 2752 714 2834 judicem
748 2755 877 2815 racione
909 2755 1076 2815 cuiusdam
1110 2755 1187 2815 silve
1216 2755 1353 2815 condam
1379 2755 1477 2815 Blasii

211 2859 485 2942 Chwdawchych,
503 2859 596 2940 jurati
621 2859 897 2940 adjudicaverunt,
919 2860 1007 2941 quod
1025 2861 1100 2941 quia
1126 2861 1192 2942 ipse
1211 2861 1307 2942 Elyas
1332 2880 1479 2941 compro-

212 2967 299 3027 bavit
324 2985 431 3027 coram
458 2965 564 3046 judice
589 2979 619 3026 et
642 2965 753 3046 juratis
777 2965 865 3046 quod
892 2987 971 3027 uxor
999 2967 1143 3027 eiusdem
1170 2967 1249 3048 Elye
1275 2981 1320 3026 cst
1345 2985 1478 3026 consan-

208 3073 328 3151 guinea
353 3085 384 3133 et
408 3071 468 3132 suit
493 3073 591 3153 ipsius
626 3071 761 3132 condam
795 3071 892 3131 Blasii
918 3070 1157 3153 Chwdwchych
1192 3072 1265 3131 idco
1290 3071 1356 3152 ipse
1383 3070 1479 3151 Elyas

211 3179 412 3240 voluntarior
437 3193 482 3240 est
506 3197 612 3239 emere
637 3179 754 3239 dictam
773 3178 885 3238 silvam
912 3198 1008 3260 quam
1035 3179 1101 3258 ipse
1127 3178 1282 3238 Martinus
1307 3177 1420 3257 judex;
1438 3177 1477 3237 de

210 3304 276 3365 quo
302 3283 422 3364 judicio
448 3284 590 3365 ipsorum
616 3283 792 3364 iuratorum
819 3283 885 3364 ipse
910 3285 1067 3344 Martinus
1087 3282 1181 3364 judex
1207 3303 1271 3342 non
1311 3295 1479 3344 contentus

210 3392 346 3452 eandem
372 3410 500 3452 causam
526 3391 700 3473 appellavit
723 3390 762 3451 ad
787 3392 929 3451 seniores
954 3390 1085 3466 iudices.

315 3497 392 3556 ltem
418 3517 545 3557 causam
581 3497 662 3557 inter
688 3497 800 3579 Elyam
836 3495 976 3558 fusorem
1010 3517 1251 3579 campanarum,
1276 3498 1315 3556 ab
1342 3517 1414 3575 una,
1448 3512 1478 3558 et

210 3602 292 3663 inter
319 3602 472 3664 Mathiam
505 3603 754 3684 Thrumbethyn
789 3605 916 3664 racione
950 3603 1114 3664 cuiusdam
1152 3605 1201 3663 vie
1226 3605 1338 3664 subtus
1371 3605 1478 3663 vineas

211 3709 355 3769 eiusdem
375 3709 506 3786 Mathis,
532 3709 597 3789 ipse
616 3709 753 3770 Mathias
777 3711 872 3771 debet
889 3730 1032 3771 securam
1053 3710 1136 3770 viam
1152 3710 1226 3770 dare
1245 3711 1325 3770 circa
1351 3711 1477 3770 vineam

210 3815 355 3876 eiusdem
382 3815 462 3898 Elye
487 3829 517 3876 et
542 3815 665 3897 aperire
691 3835 791 3896 usque
817 3831 965 3877 octavum
995 3817 1080 3877 diem
1105 3819 1164 3876 sub
1190 3836 1270 3896 pena
1296 3817 1326 3875 in
1352 3815 1475 3876 statutis

210 3919 337 3998 habita;
355 3921 394 3981 de
419 3942 484 4004 quo
508 3921 629 4004 judicio
648 3942 711 3983 non
736 3937 903 3984 contentus
922 3923 1058 3984 Mathias
1076 3923 1249 4004 appellavit
1266 3923 1305 3982 ad
1324 3923 1475 3983 seniores.

317 4028 394 4088 ltem
420 4029 573 4110 providus
598 4029 645 4090 vir
670 4029 787 4089 Paulus
805 4027 975 4108 aurifaber,
1005 4029 1111 4090 senior
1135 4027 1256 4110 juratus
1280 4043 1310 4089 et
1335 4028 1475 4089 concivis

211 4149 328 4206 noster,
353 4134 449 4196 debet
473 4133 576 4215 jurare
594 4135 749 4196 solusmet
773 4135 803 4195 in
823 4155 874 4195 ara
899 4149 1006 4195 sancte
1025 4134 1138 4196 Crucis
1162 4136 1263 4216 prima
1290 4133 1365 4195 feria
1383 4149 1468 4196 sexta

209 4253 281 4320 post
306 4241 530 4323 welyanoych,
554 4241 641 4321 quod
668 4255 713 4300 est
732 4241 790 4301 sibi
817 4255 994 4302 conventus
1020 4241 1143 4301 Blasius
1169 4241 1263 4302 frater
1289 4239 1472 4301 Mathkonis

209 4343 289 4406 fabri
315 4347 355 4407 ad
380 4361 442 4408 tres
474 4367 593 4423 annos;
626 4361 657 4408 et
690 4347 767 4408 dum
800 4347 927 4429 jurabit,
960 4361 1074 4408 extunc
1100 4348 1166 4430 ipse
1200 4346 1325 4407 blasius
1349 4361 1474 4408 tenetur

208 4453 327 4513 servire
352 4453 457 4515 eidem
482 4454 592 4517 Paulo¹

315 4559 393 4620 ltem
418 4579 544 4622 causam
580 4561 661 4622 inter
686 4560 883 4643 Stephanum
910 4559 1012 4642 Sydar
1047 4560 1170 4622 desub
1196 4561 1348 4636 Zomzed,
1374 4573 1403 4621 et
1429 4581 1474 4622 re·

208 4665 316 4726 lictam
343 4666 479 4728 condam
505 4665 592 4728 Galli
617 4667 656 4727 de
690 4667 856 4728 Ztenewcz
889 4679 920 4727 et
952 4667 1096 4727 Marcum
1123 4666 1316 4748 Gurakoych
1343 4668 1469 4726 racione

207 4771 320 4853 viginti
347 4786 485 4853 quatuor
517 4773 585 4835 flor.
619 4774 698 4850 auri,
732 4793 813 4854 quos
848 4771 988 4854 prefatus
1014 4771 1127 4832 Gallus
1160 4773 1278 4853 legavit
1302 4772 1375 4832 filiis
1399 4773 1473 4848 suis,

207 4877 311 4957 jurare
344 4879 504 4940 tenebitur
528 4879 605 4940 feria
632 4893 719 4940 sexta
751 4895 821 4960 post
847 4879 1056 4961 welyanoych
1089 4881 1233 4960 proxime
1266 4894 1412 4954 ventura,
1440 4880 1470 4938 in

209 5005 261 5045 ara
286 4999 394 5046 sancte
419 4985 543 5062 Crucis,
576 4986 662 5066 quod
698 4985 764 5066 ipse
798 4985 912 5046 Gallus
946 5005 1008 5044 non
1035 4985 1153 5064 legavit
1186 4986 1307 5066 aliquid
1334 4985 1371 5044 dc
1398 4985 1473 5065 ipsis

208 5093 371 5173 peccuniis
396 5112 475 5173 quas
500 5093 567 5173 ipse
593 5091 706 5154 Gallus
740 5092 843 5152 eidem
872 5092 979 5152 Marco
1005 5091 1044 5152 ad
1073 5111 1185 5152 ritanus
1210 5093 1351 5168 dederat,
1377 5105 1407 5150 et
1433 5091 1472 5151 de
