3838 5786
848 533 934 590 Anno
959 545 1048 609 1470.
1074 566 1115 575 —
1139 548 1168 609 4.
1190 533 1270 592 maii.

640 743 717 805 Item
743 744 840 804 Jwrsc
866 743 1001 805 institor.

639 850 716 912 Item
743 851 896 910 Nicolaus
918 869 1017 930 gener
1042 849 1251 932 Wythesych.

642 957 717 1016 Item
745 957 863 1016 Paulus
886 955 970 1016 lilius
996 955 1164 1038 Fwdrych.

644 1063 719 1124 Item
746 1063 863 1122 Paulus
887 1061 972 1123 iilius
997 1062 1235 1142 Selesnaglaua.

642 1169 720 1229 Item
747 1169 868 1230 Francz
892 1188 990 1248 gener
1015 1169 1192 1250 Marysyclr.

642 1275 719 1336 Item
745 1274 922 1354 Gregorius
947 1295 1110 1336 successor
1135 1274 1290 1336 Demetrii
1315 1273 1355 1334 de
1381 1275 1521 1337 Rabocz.

643 1381 719 1454 Item
746 1382 858 1442 Berlelt
884 1401 1046 1444 successor
1070 1381 1207 1442 condam
1234 1381 1362 1442 Martini
1387 1380 1511 1460 judicis.

643 1489 719 1550 Item
747 1490 848 1549 Lucas
873 1487 957 1550 filius
982 1489 1117 1551 condam
1146 1489 1291 1571 Dyonisii
1318 1489 1412 1550 ribar.

643 1595 718 1656 Item
747 1595 933 1658 leonardus
957 1615 1090 1677 pugnat.

640 1702 716 1763 Item
742 1702 931 1764 ValentInus
955 1701 1039 1763 lilius
1066 1701 1230 1763 Benedicti
1256 1701 1334 1762 alias
1359 1701 1481 1782 judicis.

642 1809 718 1868 Item
745 1807 881 1868 Mathlas
907 1807 1006 1886 faber,
1030 1828 1129 1888 gener
1153 1807 1289 1868 condam
1317 1807 1493 1870 Clementis
1519 1806 1610 1868 labri,

642 1915 718 1977 Item
744 1915 899 1976 Martinus
923 1929 1010 1976 sutor
1035 1914 1174 1996 Banych.

642 2021 718 2082 Item
745 2020 887 2103 Gywrlto
911 2035 1000 2082 sutor
1025 2022 1144 2102 Rosyn.

643 2127 719 2188 Item
746 2127 819 2188 Blas
844 2127 1100 2209 Nekerschenyk.

646 2235 721 2294 Item
747 2233 938 2294 Valentinus
962 2247 1061 2312 sutor,
1085 2254 1183 2316 gener
1209 2234 1422 2316 Syplcowych.

642 2341 718 2402 Item
745 2340 925 2421 Stephanus
948 2353 1036 2401 sutor
1060 2341 1185 2421 longus.

643 2447 718 2507 Item
745 2447 934 2506 Dominicus
958 2463 1055 2509 sutor.

642 2553 717 2614 Item
743 2552 934 2614 Valentinus
956 2573 1055 2633 gener
1081 2553 1242 2636 Koczyan.

537 2715 614 2775 Item
638 2713 751 2795 prelati
775 2713 945 2776 Conradus
962 2714 1092 2775 Rawsar
1116 2735 1151 2774 ac
1176 2715 1269 2794 jurati
1287 2727 1318 2776 et
1334 2713 1508 2774 consiliarii
1526 2733 1598 2774 cum
1617 2733 1690 2773 con·

429 2841 523 2882 sensu
548 2835 578 2882 et
595 2821 820 2882 commissione
838 2841 873 2881 ac
901 2821 1044 2881 unanimi
1068 2822 1250 2899 concordia,
1268 2821 1499 2902 voluntateque
1518 2834 1547 2881 et
1565 2819 1690 2881 decreto

430 2927 533 2988 tocius
557 2927 797 2988 communitatis
821 2928 930 2988 omnIa
948 2929 1073 2988 decreta
1098 2943 1129 2988 et
1152 2943 1267 2990 statuta
1291 2942 1356 2990 tam
1383 2929 1413 2988 in
1439 2929 1577 3008 presenti
1596 2947 1688 3009 quam

431 3034 462 3093 in
495 3034 635 3114 antiquis
667 3033 824 3094 cathetnis
856 3035 971 3094 nostris
994 3048 1142 3096 contenta
1176 3049 1205 3096 et
1229 3037 1418 3117 conscripta,
1444 3035 1551 3116 quoad
1581 3054 1689 3095 omnes

430 3139 592 3218 articulos,
616 3154 733 3220 puncta
759 3155 788 3200 et
813 3140 972 3201 clausulas
996 3141 1183 3202 eorumdem
1221 3155 1412 3202 statutorum
1437 3155 1467 3202 et
1492 3141 1686 3201 decretorum

430 3265 486 3325 per
501 3259 604 3306 totum
623 3266 742 3306 annum
761 3247 915 3328 presentis
932 3246 1090 3326 iudicatus
1107 3248 1205 3329 ipsius
1223 3247 1365 3309 Conradi
1383 3247 1496 3328 judicis
1525 3266 1561 3307 ac
1583 3265 1688 3306 conse·

429 3365 563 3432 quenter
587 3366 617 3412 et
641 3352 791 3433 delnceps
815 3353 881 3434 jure
907 3367 1061 3435 perpetuo
1083 3367 1113 3415 et
1138 3354 1389 3416 irrevocabiliter
1419 3353 1684 3415 confirmaverunt

429 3476 555 3538 semper
579 3459 713 3518 valitura
738 3472 768 3519 et
792 3479 918 3540 semper
945 3461 1155 3522 observanda.

457 3691 551 3765 Ferte
578 3705 675 3766 sexta
705 3696 856 3783 proxIma
884 3705 961 3786 post
990 3698 1112 3768 lostam
1141 3697 1349 3769 Invencionis
1377 3706 1494 3768 sancte
1524 3695 1647 3776 Crucis,

866 3825 1016 3910 proxime
1045 3825 1256 3910 preteritum.

979 3998 1023 4071 (71.
1048 3996 1140 4067 nterii).

537 4147 640 4208 Causa
667 4149 748 4210 inter
779 4151 926 4212 homines
959 4153 1129 4232 Augustini
1163 4153 1285 4234 Spanar
1317 4153 1395 4213 civis
1431 4153 1679 4235 Quinqueeccle·

430 4253 552 4330 mensis,
577 4255 703 4315 racione
722 4258 937 4337 quorumdam
962 4260 1124 4339 octoginta
1142 4259 1210 4321 flor.
1235 4259 1314 4337 aurI,
1339 4279 1420 4340 quos
1445 4259 1593 4322 homiues
1609 4261 1681 4320 eius-

430 4359 502 4418 dem
536 4380 590 4440 per
624 4361 763 4422 Blasium
806 4363 943 4442 judicem
978 4365 1161 4447 Stenychlty
1194 4365 1334 4444 dictum,
1366 4367 1496 4427 racione
1529 4363 1680 4446 vectigalis

430 4463 534 4524 eidem
561 4465 683 4546 Spanar
708 4469 738 4528 in
766 4469 865 4530 literis
898 4472 984 4551 segle
1010 4471 1183 4532 Maiestatis
1215 4473 1326 4533 dicunt
1354 4493 1421 4532 esse
1447 4473 1631 4554 obligatum,
1651 4483 1680 4528 et

429 4568 467 4627 de
493 4572 658 4631 ambarum
685 4574 826 4653 parcium
854 4577 1016 4637 voluntate
1042 4591 1088 4638 est
1119 4579 1284 4658 prorogari
1312 4577 1392 4640 lacta
1418 4599 1519 4659 usque
1545 4591 1676 4660 quartam

431 4671 540 4734 feriam
566 4691 685 4738 sextam
719 4695 790 4759 post
823 4679 938 4742 festum
972 4685 1117 4762 proxIme
1150 4697 1320 4745 venturum
1354 4685 1582 4746 penthecostes
1603 4699 1677 4742 anno

429 4779 610 4858 supradicto
636 4803 741 4844 coram
769 4789 861 4846 nobis
886 4790 1104 4869 comparendi

535 4883 609 4944 Item
637 4889 710 4966 quia
737 4893 873 4969 quedam
901 4895 1015 4955 muller
1049 4896 1157 4956 lelena
1183 4896 1277 4970 dicta,
1311 4897 1571 4978 Zatrepchychna
1595 4894 1678 4964 dicta,

429 4991 607 5050 concubina
645 4995 780 5055 Emerici
814 5000 952 5076 agricole
985 5002 1063 5062 a'lias
1095 5004 1284 5064 mercenarii
1316 5003 1472 5064 anthoni}
1507 5003 1613 5085 judicis
1632 5010 1677 5056 est
