3738 5786
778 541 865 599 Anno
887 549 976 616 1457.
1002 572 1041 582 -
1067 551 1113 598 11.
1137 538 1245 596 martii.

742 753 820 814 Item
845 751 969 813 blasius
996 747 1167 811 aurifaber.

740 860 816 922 Item
843 857 1020 938 Gregorius
1043 853 1201 937 Bdudych
1226 852 1375 935 frenipar.
1462 913 1465 921 ,

741 966 819 1027 Item
844 965 969 1027 Blasius
993 961 1143 1044 frenipar.

742 1072 818 1134 ltem
844 1070 962 1132 Paulus
985 1068 1115 1132 sellator
1139 1085 1237 1148 gener
1261 1064 1419 1148 Dyonisii.

742 1179 818 1240 ltem
846 1177 957 1239 Petrus
980 1175 1176 1238 mechotreb.

742 1285 819 1346 Item
844 1283 997 1346 Nicolaus
1021 1281 1218 1344 mechotreb.

739 1392 817 1453 Item
842 1389 951 1452 Pedko
976 1385 1125 1450 carnifex.

740 1499 817 1561 ltem
843 1497 1005 1560 lohannes
1028 1494 1168 1558 carnifex
1195 1493 1365 1576 Hwalych.

741 1606 818 1667 ltem
845 1603 963 1665 Paulus
987 1600 1126 1665 carnifex
1150 1599 1332 1684 Agathych.

742 1713 819 1774 ltem
845 1711 970 1772 Blasius
994 1707 1182 1791 lutifigulus.

741 1820 819 1881 ltem
845 1817 962 1879 Paulus
985 1829 1075 1878 sutor
1099 1815 1297 1898 Werychyn.

744 1926 820 1988 ltem
847 1925 994 2006 Filippus
1017 1937 1116 1984 sutor.

742 2032 819 2094 ltem
844 2031 1007 2093 Fabianus
1035 2044 1135 2091 sutor.

741 2138 819 2201 ltem
845 2137 1007 2199 lohannes
1035 2150 1134 2198 sutor.

742 2245 819 2306 ltem
845 2243 991 2306 Thomas
1012 2256 1101 2304 sutor
1126 2240 1263 2324 Glazyn.

741 2353 818 2414 ltem
844 2349 1027 2412 Anthonius
1051 2362 1139 2410 sutor
1163 2368 1325 2411 successor

740 2458 878 2520 condam
903 2455 1057 2518 Anthonii
1081 2455 1245 2518 institoris.

487 2653 564 2714 ltem
599 2651 712 2734 prefati
746 2651 929 2713 Anthonius
957 2649 1051 2730 judex
1088 2650 1262 2712 modernus
1298 2660 1329 2710 et
1352 2646 1445 2730 jurati
1478 2666 1513 2708 ac
1538 2646 1647 2707 consi-

381 2761 464 2822 liarii
490 2779 562 2821 cum
587 2778 744 2821 consensu
770 2772 800 2819 et
825 2757 1018 2818 admissione
1051 2776 1086 2817 ac
1121 2755 1266 2816 unanimi
1289 2769 1320 2816 et
1352 2752 1504 2815 concordi
1528 2753 1645 2814 volun-

379 2881 442 2929 tate
467 2887 503 2928 ac
527 2866 655 2927 decreto
680 2865 782 2926 tocius
807 2862 1046 2924 communitatis
1078 2862 1188 2923 omnia
1220 2861 1346 2922 decreta
1366 2872 1402 2922 et
1432 2871 1547 2921 statuta
1580 2872 1647 2920 tam

381 2975 412 3035 in
438 2973 578 3054 antiquis
603 2990 700 3054 quam
725 2971 756 3032 in
783 2970 921 3051 presenti
947 2969 1085 3031 fraternis
1109 2969 1287 3050 conscripta
1313 2983 1344 3028 et
1361 2979 1509 3028 contenta
1535 2966 1645 3046 quoad

380 3101 494 3142 omnes
510 3079 672 3156 articulos,
697 3091 814 3158 puncta
831 3090 862 3136 et
885 3075 1044 3136 clausulas
1061 3075 1249 3136 eorumdem
1267 3087 1458 3136 statutorum
1483 3087 1513 3134 et
1537 3073 1648 3133 decre-

381 3201 487 3249 torum
513 3205 568 3267 per
592 3197 695 3246 totum
721 3202 842 3245 annum
868 3183 1022 3264 presentis
1047 3181 1205 3263 judicatus
1230 3181 1330 3263 ipsius
1358 3179 1515 3241 Anthonii
1533 3179 1649 3258 judicis

382 3314 418 3355 ac
451 3293 602 3374 deinceps
633 3310 760 3372 semper
791 3290 858 3371 jure
891 3303 1047 3372 perpetuo
1072 3303 1103 3350 et
1135 3286 1385 3350 irrevocabiliter
1417 3284 1649 3348 confirmarunt

381 3409 507 3482 semper
531 3399 667 3460 valitura
691 3410 722 3458 et
750 3395 882 3458 firmiter
906 3396 1116 3457 observanda.

488 3507 565 3567 ltem
590 3503 683 3585 jurati
707 3503 974 3584 adjudicaverunt
990 3521 1119 3563 causam
1141 3502 1225 3562 inter
1249 3498 1485 3580 Margaretham
1503 3499 1647 3560 relictam

381 3612 518 3673 condam
544 3610 709 3672 Benedicti
734 3608 849 3688 judicis
873 3623 904 3669 et
927 3609 1009 3670 inter
1034 3607 1168 3669 Elenam
1187 3625 1331 3668 sororem
1356 3605 1495 3667 condam
1521 3605 1645 3667 Nicolai

382 3718 622 3794 barbitonsoris,
647 3717 702 3777 tali
727 3714 837 3791 modo,
862 3728 896 3775 ut
920 3715 986 3795 ipsa
1013 3713 1214 3794 Margaretha
1237 3712 1347 3774 relicta
1377 3712 1456 3774 dicti
1482 3712 1647 3774 Benedicti

382 3825 497 3906 judicis
521 3824 615 3885 tercia
634 3842 666 3884 se
691 3821 836 3904 personis
853 3821 912 3881 sibi
937 3820 1096 3881 similibus
1119 3833 1235 3881 octavo
1260 3819 1312 3880 die
1338 3831 1449 3880 contra
1469 3819 1646 3901 predictam

382 3931 518 3991 Elenarn
542 3928 645 4008 jurare
669 3927 830 3989 tenebitur
848 3945 943 4008 super
965 3945 1015 4002 e0‚
1032 3939 1066 3986 ut
1083 3925 1150 4007 ipsa
1175 3924 1273 3986 cilum
1291 3937 1481 4006 argenteum
1505 3922 1647 4006 predicte

383 4036 482 4097 Elene
508 4055 572 4096 non
597 4034 752 4095 subtraxit
776 4052 881 4114 neque
906 4051 977 4093 cunr
1004 4032 1084 4093 scitu
1108 4051 1167 4093 suo
1192 4045 1239 4092 est
1262 4031 1452 4092 subtractus.

489 4159 567 4220 Item,
592 4158 791 4239 Augustinus
816 4157 919 4218 dictus
944 4157 1054 4217 Kusne
1072 4169 1103 4218 et
1125 4156 1412 4217 lohannessartor
1436 4153 1645 4215 commissarii

382 4280 413 4327 et
438 4279 623 4327 executores
646 4265 828 4326 testamenti
854 4263 991 4325 condam
1019 4264 1103 4324 Rose
1127 4262 1265 4345 pistricis
1289 4262 1328 4322 ab
1353 4280 1416 4322 una
1441 4273 1471 4322 et
1494 4274 1582 4342 parte
1607 4261 1647 4320 ab

382 4373 479 4432 altera
503 4372 620 4433 Paulus
646 4371 813 4454 Agathych
845 4369 985 4432 carnifex
1018 4370 1050 4430 in
1074 4390 1130 4431 sua
1155 4383 1185 4430 et
1210 4368 1344 4450 Agnetis
1378 4367 1485 4428 uxoris
1508 4385 1565 4427 sue
1589 4386 1646 4448 per

382 4478 657 4558 composicionem
681 4477 822 4559 plurium
841 4478 1016 4558 proborum
1041 4477 1183 4537 virorum
1203 4475 1312 4537 omnia
1337 4473 1418 4536 facta
1435 4491 1548 4534 eorum
1566 4473 1647 4535 inter

383 4585 469 4666 ipsos
494 4583 600 4644 habita
624 4604 641 4644 a
666 4583 781 4644 tnaiori
806 4603 908 4664 usque
933 4582 972 4644 ad
991 4581 1125 4643 minima
1148 4582 1283 4642 omnino
1306 4579 1526 4663 deposuerunt
1550 4593 1580 4642 et
1596 4599 1647 4640 so·

383 4690 512 4771 pierunt
535 4687 667 4769 pacifico
693 4689 802 4751 modo.

490 4795 567 4856 ltem
593 4814 720 4856 causam
745 4796 827 4856 inter
859 4795 1023 4877 Filippum
1056 4808 1198 4855 sutorem
1227 4805 1257 4854 et
1290 4793 1371 4854 inter
1397 4791 1561 4875 Mathyam
1587 4792 1646 4875 Py-

384 4901 510 4983 warych
530 4901 669 4962 habitam
695 4901 786 4981 jurati
812 4901 851 4963 ad
870 4902 1010 4983 primum
1035 4900 1191 4981 iudicium
1208 4899 1353 4982 proxime
1370 4918 1541 4961 occurrens
1558 4899 1646 4960 vide-

384 5007 458 5068 licet
481 5008 522 5068 ad
546 5005 658 5069 feriam
682 5023 801 5070 sextam
826 5009 1006 5091 proximant
1031 5007 1123 5090 jurati
1148 5021 1373 5090 prorogarunt.
