3738 5786
393 517 435 578 92
798 501 885 559 Anno
908 511 997 577 1455·
1023 513 1135 577 -13.
1150 501 1243 575 Jum'r'.

394 711 450 774 fati
476 711 619 774 Conradi
645 715 775 775 Rawsar
799 711 934 774 senioris
959 710 1074 792 judicis
1098 723 1129 772 et
1145 710 1287 772 concivis
1311 711 1410 772 nostri
1435 711 1530 792 plene
1548 731 1660 772 sumus

393 819 498 882 edocti
524 833 554 881 et
579 819 761 898 informati;
784 835 814 882 et
838 821 913 902 quia
939 837 1024 880 nunc
1048 830 1121 900 post
1149 831 1284 880 mortem
1312 817 1411 900 ipsius
1435 817 1565 902 Mathye
1590 838 1658 880 mo-

392 926 604 988 lendinatoris
629 947 686 990 nec
704 947 783 989 uxor
807 941 862 988 aut
879 926 988 988 relicta
1013 925 1124 1007 ipsius,
1150 943 1255 1006 neque
1273 924 1326 985 alii
1345 923 1479 986 heredes
1503 925 1572 986 eius
1588 944 1659 1007 pre-

391 1032 508 1094 dictam
535 1033 669 1095 domum
694 1049 725 1096 et
756 1032 893 1096 fundum
927 1053 962 1095 ac
995 1031 1147 1094 celarium
1181 1033 1426 1093 subterraneum
1459 1045 1490 1092 et
1513 1030 1660 1093 hedificia

389 1138 490 1221 ipsius
513 1139 644 1223 Matbye
678 1139 945 1202 molendinatoris
977 1159 995 1200 a
1025 1136 1150 1221 prefato
1184 1137 1334 1200 Ladislao
1359 1139 1475 1200 cliente
1499 1157 1557 1221 pro
1588 1158 1659 1220 pre-

390 1243 483 1306 dictis
507 1245 572 1306 suis
595 1265 649 1306 sex
681 1245 750 1308 flor.
776 1246 844 1308 auri
878 1246 919 1307 ad
954 1245 1071 1308 trinam
1102 1243 1263 1307 forensem
1287 1259 1318 1306 et
1341 1245 1504 1327 publicam
1535 1245 1658 1328 procla-

390 1352 572 1414 macionem
600 1367 739 1414 nostram
765 1373 821 1435 per
846 1373 904 1414 nos
928 1371 1017 1414 more
1039 1353 1136 1414 solito
1160 1351 1229 1414 lieri
1246 1353 1452 1414 commissam
1478 1365 1508 1414 et
1532 1351 1658 1431 factam,

391 1457 594 1538 aliquatenus
619 1459 776 1522 redimere
802 1460 985 1538 voluerunt,
1010 1459 1149 1540 ideoque
1181 1478 1239 1520 nos
1263 1459 1400 1521 eandem
1425 1458 1560 1520 domum
1584 1478 1658 1520 cum

388 1564 489 1626 fundo
515 1581 545 1626 et
582 1566 700 1628 celario
733 1569 942 1629 subterraneo
975 1587 1012 1627 ac
1043 1564 1198 1627 hedificiis
1223 1566 1318 1627 unius
1349 1581 1460 1647 quarte
1485 1578 1516 1628 et
1547 1579 1658 1628 octave

389 1672 476 1732 curie
501 1692 572 1734 com
591 1673 754 1755 premissis
778 1673 900 1735 cunctis
916 1673 982 1734 suis
1004 1673 1205 1750 utilitatibus,
1223 1671 1357 1754 juribus,
1382 1672 1491 1734 usibus
1516 1685 1547 1734 et
1563 1672 1656 1754 perti·

390 1779 512 1840 nenciia
536 1779 693 1841 universis
717 1780 818 1841 eciam
843 1778 949 1842 eidem
968 1779 1119 1840 Ladislao
1144 1779 1252 1840 clienti
1276 1798 1335 1861 pro
1359 1776 1491 1861 prelatis
1514 1779 1579 1839 suis
1601 1798 1655 1840 sex

389 1884 458 1946 flor.
483 1885 550 1946 auri
576 1886 705 1967 plenam
731 1885 892 1948 vendendi
925 1900 956 1949 et
985 1905 1018 1948 se
1050 1898 1236 1947 contentum
1262 1899 1293 1947 et
1325 1885 1467 1947 solutum
1502 1884 1655 1946 reddendi

389 1989 539 2052 dedimus
562 2006 593 2053 et
616 1992 821 2054 attribuimus
845 1991 1039 2054 facultatem.

494 2097 572 2159 lrem
597 2099 709 2161 Petrus
734 2100 863 2182 Dragyn
889 2099 984 2160 debet
1017 2099 1056 2160 ad
1081 2099 1221 2182 primum
1255 2099 1409 2180 judicium
1435 2099 1579 2182 proxime
1604 2117 1655 2160 oc·

388 2222 517 2264 currens
539 2204 718 2286 producere
743 2219 838 2267 testes
866 2225 948 2286 quos
980 2204 1076 2266 babet
1100 2206 1132 2266 in
1166 2204 1249 2267 facto
1275 2206 1357 2267 inter
1389 2206 1494 2288 ipsum
1520 2217 1551 2266 et
1576 2205 1656 2266 inter

387 2309 587 2372 Anthonium
614 2311 746 2374 Plezecz
771 2312 891 2391 habito,
916 2325 1025 2373 contra
1051 2313 1190 2374 eundem
1215 2312 1417 2374 Anthonium
1443 2312 1586 2374 Plezecz.

493 2417 571 2480 ltem
597 2419 709 2480 Petrus
734 2420 856 2482 Katane
882 2432 992 2480 contra
1017 2417 1182 2501 Mathyam
1208 2433 1350 2482 sutorem
1376 2418 1518 2480 secundo
1543 2419 1655 2480 citatus

388 2542 451 2584 non
478 2525 669 2606 comparuit.

493 2630 570 2692 Item
596 2631 772 2714 Gregorius
796 2633 999 2693 barbitonsor
1023 2632 1169 2693 Percerta
1193 2631 1232 2692 ad
1258 2632 1495 2713 querimoniam
1524 2632 1651 2694 Martini

386 2755 497 2819 sporar
520 2738 617 2820 peciit
641 2739 700 2801 sibi
719 2759 775 2821 per
799 2758 857 2800 nos
881 2739 1040 2821 justiciam
1058 2738 1194 2800 civitatis
1215 2738 1359 2822 inpertiri
1384 2753 1495 2802 contra
1513 2740 1651 2802 eundem

388 2844 562 2906 Martinum
587 2864 707 2927 sporar.

495 2951 572 3012 ltem
597 2952 709 3014 Petrus
733 2953 858 3035 Ztoyko
883 2967 993 3015 contra
1018 2972 1151 3014 uxorem
1177 2953 1351 3015 Ztankonis
1375 2951 1456 3014 fabri
1481 2953 1586 3035 primo
1611 2953 1653 3014 ci-

385 3071 469 3120 tatus
493 3079 558 3121 non
584 3059 773 3142 comparuit.

493 3168 570 3229 ltem
595 3167 691 3230 hodie
717 3181 763 3229 est
787 3166 868 3229 facta
892 3168 995 3251 prima
1020 3167 1235 3252 proclamacio
1264 3186 1358 3249 super
1382 3167 1510 3228 vineam
1535 3167 1651 3228 Valen-

386 3273 444 3336 tini
470 3273 527 3336 filii
552 3274 680 3336 Thome
706 3275 854 3357 preconis
878 3274 918 3336 ad
943 3274 1132 3336 instanciam
1158 3273 1324 3335 Benedicti
1349 3271 1519 3351 aurifabri.¹

493 3380 571 3442 ltem
597 3380 699 3442 Lucas
718 3394 816 3459 sutor,
841 3380 973 3462 juratus,
992 3381 1068 3462 quia
1084 3380 1181 3442 hodie
1200 3393 1309 3441 contra
1326 3379 1489 3441 Thomam
1514 3379 1651 3460 juratum

385 3486 506 3548 dictum
532 3486 667 3550 Cheden
692 3487 725 3548 in
749 3487 889 3549 termino
913 3487 974 3549 sibi
1007 3487 1081 3548 dato
1106 3486 1147 3547 ad
1173 3485 1434 3567 respondendum
1467 3505 1531 3546 non
1565 3505 1651 3546 com·

385 3593 491 3676 paruit
517 3613 576 3655 nec
599 3594 776 3676 respondit,
805 3592 880 3655 ideo
905 3593 1009 3655 adhuc
1034 3593 1066 3654 in
1090 3593 1196 3676 primo
1228 3591 1350 3673 judicio
1374 3592 1518 3674 proxime
1542 3611 1651 3656 occur-

386 3700 466 3762 renti
491 3699 532 3761 ad
556 3700 680 3783 objecta
705 3713 736 3762 et
758 3701 1002 3783 proposiciones
1027 3700 1126 3783 ipsius
1150 3699 1279 3761 Thome
1301 3697 1395 3780 jurati
1420 3699 1580 3760 tenebitur
1603 3719 1653 3760 re·

385 3807 555 3889 spondere.

438 4025 534 4099 Ferla
565 4034 662 4099 sexta
691 4030 845 4117 proxima
873 4033 950 4116 post
978 4025 1101 4098 festum
1135 4027 1225 4097 beatl
1254 4025 1408 4098 Barnnbe
1436 4026 1590 4115 apostoli.

918 4182 979 4258 (13.
997 4181 1104 4258 sunit).

491 4323 569 4384 ltem
595 4321 771 4403 Gregorius
806 4323 950 4384 Percerta
982 4337 1093 4384 contra
1118 4322 1296 4404 Georgium
1321 4321 1442 4384 dictum
1475 4323 1570 4403 Jurga
1603 4343 1651 4386 se·

385 4427 491 4492 cundo
518 4429 631 4491 citatus
655 4448 720 4490 non
745 4430 934 4512 comparuit.
988 4427 992 4440 '

492 4535 568 4598 ltem
593 4536 733 4597 secunda
757 4536 973 4618 proclamacio
1007 4535 1104 4597 hodie
1133 4547 1180 4597 est
1203 4533 1285 4597 facta
1317 4555 1413 4617 super
1436 4536 1563 4597 vineam
1587 4535 1646 4598 Va·

384 4642 497 4704 lentini
522 4640 578 4702 filii
604 4641 735 4704 Thome
759 4643 906 4723 preconis
934 4641 974 4702 ad
1007 4641 1197 4702 instanciam
1220 4640 1334 4723 prefati
1368 4641 1533 4703 Benedicti
1565 4643 1650 4703 auri-

384 4747 465 4808 fabri
487 4767 583 4830 super
608 4767 657 4825 eo,
683 4763 717 4809 ut
750 4749 817 4830 ipse
849 4762 989 4809 nostram
1020 4748 1052 4808 in
1085 4748 1283 4830 presenciam
1315 4749 1424 4810 venire
1449 4761 1480 4810 et
1503 4748 1649 4810 debitum

383 4867 521 4935 quatuor
545 4853 615 4917 flor.
634 4854 702 4915 auri
727 4874 792 4935 quo
818 4855 877 4936 ipsi
896 4855 1071 4915 Benedicto
1095 4853 1257 4915 aurifabro
1282 4854 1407 4915 debitor
1432 4867 1523 4932 esset,
1541 4855 1647 4916 eidem

383 4961 560 5026 Benedicto
586 4960 748 5023 aurifabro
773 4962 912 5024 solveret
936 4974 967 5024 et
991 4962 1091 5044 ipsam
1122 4962 1248 5024 vineam
1273 4963 1312 5022 ab
1337 4980 1376 5022 eo
1401 4961 1580 5024 redimeret.
