3644 5788
447 563 508 622 228
827 567 912 621 Amm
936 563 1027 640 1462.
1051 599 1095 608 —
1113 580 1146 640 3.
1170 563 1332 626 decembris.

447 777 546 836 victus
571 789 618 836 est
642 789 751 836 contra
777 776 863 856 ipsos
896 775 1108 836 Laurencium
1141 787 1172 835 et
1202 775 1404 836 Lodouicum
1437 777 1468 835 in
1495 775 1699 856 quadraginta

446 882 553 963 pensis
577 882 783 942 denariorum
808 897 839 942 et
862 881 959 962 judici
985 895 1016 942 et
1039 881 1149 962 juratis
1174 882 1205 942 ln
1230 881 1368 942 denariis
1392 881 1645 962 quadringentis.

491 1063 584 1138 verta
615 1074 712 1137 sexta
741 1073 817 1136 ante
846 1065 1100 1156 Assumpcioois
1131 1069 1273 1156 virginis
1302 1068 1456 1155 gloriose,
1485 1088 1572 1139 anno
1602 1075 1662 1139 ete

960 1191 1012 1264 LX
1041 1192 1196 1262 secundo.

959 1343 1023 1423 (13.
1048 1343 1191 1418 augusti).

551 1486 627 1548 Item
655 1486 784 1568 Mathey
809 1487 924 1547 Makelr
951 1487 1055 1568 primo
1080 1487 1194 1548 citatus
1218 1501 1327 1546 contra
1352 1485 1555 1548 Clementem
1582 1486 1697 1549 fabrum

446 1593 476 1654 in
503 1593 623 1674 judicio
648 1613 713 1654 non
739 1593 927 1674 comparuit.

550 1699 627 1760 Item
652 1699 799 1760 Andreas
823 1697 1004 1780 Zlepchych
1030 1713 1140 1760 contra
1158 1699 1285 1760 Petrum
1312 1713 1452 1760 sutorem
1479 1698 1510 1758 In
1536 1699 1642 1780 primo
1659 1697 1698 1776 ju·

444 1805 528 1867 dicio
553 1825 738 1888 comparere
763 1819 794 1866 et
818 1806 857 1866 ad
882 1805 1005 1886 objecta
1031 1805 1174 1866 eiusdem
1201 1805 1395 1887 respondere
1418 1805 1592 1868 tenebitur.

550 1911 628 1974 Item
653 1912 746 1992 jurati
778 1909 1042 1990 adjudicaverunt
1074 1931 1201 1972 causam
1234 1913 1315 1973 inter
1348 1910 1544 1992 Pabwthycb
1570 1924 1602 1971 et
1625 1913 1698 1972 inter

444 2019 580 2080 Zmolko
605 2020 732 2080 racione
757 2017 993 2078 verberacionis
1018 2032 1048 2079 et
1080 2017 1319 2079 vulneracionis
1342 2039 1398 2099 per
1423 2019 1527 2100 ipsum
1554 2018 1699 2078 Zmollro·

444 2146 528 2204 nem,
547 2146 643 2206 quam
667 2125 755 2185 solus
778 2143 842 2184 non
861 2125 1000 2204 negavit,
1018 2137 1063 2185 est
1085 2127 1250 2186 convictus
1263 2139 1372 2186 contra
1390 2125 1494 2206 ipsum
1514 2124 1698 2206 Pabtvtbycz

445 2233 475 2293 in
502 2233 674 2294 duodecim
699 2245 730 2291 et
754 2231 858 2291 media
892 2232 999 2312 pensis
1028 2231 1234 2292 denariorum
1259 2253 1295 2293 ac
1327 2231 1551 2293 communitati
1577 2231 1608 2292 in
1633 2250 1698 2291 cen-

443 2353 511 2399 tum
537 2339 685 2401 denariis.

550 2445 646 2518 Quod
672 2446 745 2526 quia
771 2445 924 2527 providus
952 2445 999 2504 vir
1031 2445 1134 2504 Lucas
1167 2457 1256 2526 sutor
1291 2444 1398 2504 senior
1431 2444 1552 2522 juratus
1577 2458 1607 2504 et
1630 2462 1699 2502 con-

444 2551 522 2610 civis
546 2565 663 2628 noster,
687 2571 785 2632 gener
810 2551 935 2633 providi
961 2550 1019 2610 viri
1045 2549 1207 2611 Valentini
1233 2550 1272 2610 de
1297 2551 1482 2627 Wrbowcz,
1507 2549 1592 2629 juxta
1617 2569 1700 2609 man-

445 2656 554 2717 datum
587 2658 690 2718 tocius
723 2656 962 2718 communitatis
992 2657 1106 2717 sibiet
1139 2656 1210 2716 aliis
1241 2656 1295 2736 qui
1321 2657 1388 2716 vias
1421 2675 1610 2716 communes
1634 2673 1701 2715 cum

444 2764 574 2845 sepibus
598 2777 628 2824 et
651 2765 721 2824 aliis
745 2764 935 2840 reclusisset,
960 2762 1115 2843 quasdam
1141 2783 1232 2844 sepes
1250 2763 1332 2823 circa
1356 2762 1512 2843 (hlurtum
1530 2759 1703 2823 Clementis

445 2868 612 2952 freniparis
635 2871 695 2931 sibi
728 2871 980 2952 iangnoratum,
1012 2870 1093 2930 ultra
1123 2869 1241 2930 limites
1272 2869 1410 2930 civitatis
1434 2867 1538 2929 adhuc
1563 2881 1703 2950 tempore

443 2976 600 3057 judicatus
624 2977 749 3058 providi
776 2977 833 3037 viri
858 2975 1014 3037 Anthonii
1039 2974 1153 3056 judicis
1178 2975 1217 3034 de
1242 2995 1328 3036 anno
1352 2987 1411 3036 etc.
1436 2974 1704 3055 quinquagesImo

444 3085 548 3163 primo
572 3103 628 3163 per
652 3082 771 3163 juratos
795 3084 854 3143 sub
888 3095 970 3143 certa
1004 3101 1085 3163 pena
1111 3095 1142 3141 et
1166 3082 1317 3162 birsagi0,
1349 3095 1379 3142 et
1402 3080 1533 3142 tandem
1558 3077 1703 3142 moderni

443 3188 559 3268 judicis
583 3202 614 3249 et
636 3188 813 3268 juratorum
839 3207 1003 3248 removere
1036 3187 1208 3266 debuisset,
1237 3187 1292 3268 qui
1318 3187 1421 3248 Lucas
1452 3186 1579 3248 easdem
1614 3203 1701 3267 sepes

443 3293 528 3374 juxta
553 3294 740 3356 mandatum
766 3295 908 3375 ipsorum
926 3293 1066 3374 judicum
1093 3307 1123 3353 et
1140 3292 1316 3374 juratorum
1335 3312 1500 3354 removere
1518 3293 1634 3371 noluit,
1652 3289 1699 3352 cui

444 3401 574 3462 vadium
598 3400 691 3482 jurati
716 3421 772 3482 per
796 3420 950 3482 precones
967 3413 1092 3460 nostros
1117 3400 1257 3481 recipere
1278 3399 1495 3478 mandassent,
1519 3400 1574 3481 qui
1601 3399 1702 3460 Lucas

443 3507 617 3568 rebellione
650 3508 763 3568 ductus
794 3507 923 3567 vadium
956 3507 1032 3588 ipsis
1063 3506 1173 3585 juratis
1209 3521 1239 3567 et
1271 3507 1466 3588 preconibus
1490 3507 1606 3568 nostris
1632 3524 1701 3566 mo·

444 3614 551 3675 dernis
575 3614 650 3674 dare
675 3615 815 3696 recipere
840 3613 954 3691 noluit,
978 3613 1034 3674 sed
1052 3614 1183 3674 eosdem
1208 3613 1247 3674 de
1272 3613 1371 3674 domo
1395 3633 1452 3674 sua
1476 3613 1606 3695 repulit,
1630 3613 1701 3673 ideo

447 3721 551 3802 ipsum
571 3718 710 3802 prefatus
727 3719 821 3801 judex
839 3739 910 3780 curn
929 3719 1038 3801 juratis
1062 3721 1190 3780 racione
1207 3720 1360 3801 premisse
1381 3719 1541 3800 protervie
1566 3717 1703 3781 detineri

442 3825 578 3905 lecisset,
595 3846 692 3907 quern
717 3827 931 3887 communitas
954 3825 994 3886 ad
1011 3825 1267 3908 supplicaciones
1291 3827 1469 3908 proborum
1492 3826 1638 3886 virorum
1664 3824 1701 3883 de

445 3932 623 3993 carceribus
647 3932 752 3993 taliter
776 3933 919 3992 emittere
937 3930 1071 4010 lecisset,
1089 3932 1177 4013 quod
1202 3933 1286 4014 ipsas
1302 3951 1394 4014 sepes
1410 3951 1575 3993 removere
1602 3945 1634 3994 et
1649 3950 1704 4012 per

445 4040 584 4120 amplius
609 4039 640 4099 in
668 4037 800 4101 huiusce
824 4038 984 4119 protervie
1009 4038 1158 4116 inveniri,
1183 4039 1271 4119 quod
1299 4039 1324 4098 si
1357 4039 1538 4100 invenietur
1563 4054 1593 4100 et
1618 4037 1703 4120 prius

444 4146 651 4206 commissum
677 4144 780 4205 scelus
811 4144 871 4205 sibi
896 4144 982 4226 parci
1007 4164 1073 4205 non
1098 4143 1203 4206 debet.

600 4329 697 4404 Pesla
725 4338 821 4403 sexta
851 4333 1003 4420 ptoloma
1028 4339 1106 4402 ante
1135 4331 1259 4403 festum
1287 4331 1377 4403 beati
1407 4331 1545 4403 Nicolai.

948 4486 990 4560 (3.
1018 4485 1191 4561 decembris).

549 4623 627 4684 Item
652 4643 778 4684 causam
804 4625 885 4686 inter
910 4624 1119 4687 benedictum
1137 4623 1334 4686 aurifabrum
1360 4639 1390 4686 et
1410 4625 1621 4687 Valentinum
1641 4623 1706 4686 Ma·

444 4728 556 4810 rysych
582 4743 794 4809 prorogarunt
827 4731 867 4790 ad
898 4731 1052 4812 judicium
1085 4732 1248 4792 seniorum
1273 4731 1417 4812 judicum
1449 4732 1580 4793 racione
1614 4732 1705 4791 vlnee

444 4834 541 4914 ipsius
565 4834 737 4913 Valentini,
762 4851 792 4896 et
818 4837 892 4917 quia
917 4837 1058 4898 seniores
1075 4837 1195 4919 judIces
1216 4857 1280 4898 non
1305 4837 1478 4900 finiverunt
1504 4839 1609 4920 ipsam
1635 4857 1706 4898 cau·

443 4960 521 5018 sam,
546 4953 576 5002 et
600 4942 643 5002 sic
668 4943 726 5023 ipsi
752 4942 843 5024 jurati
869 4944 1003 5004 eandem
1035 4964 1162 5005 causam
1187 4964 1357 5026 quousque
1389 4965 1445 5028 per
1469 4945 1616 5007 seniores
1641 4963 1703 5005 non

443 5045 636 5126 judicabitur
660 5048 789 5110 nollunt
812 5047 965 5131 judicare.
