3694 5782
553 509 639 568 Anno
663 508 754 587 1465.
781 544 822 552 -
845 523 899 586 29.
921 511 1092 571 novembris.
1394 513 1456 594 285

192 721 259 781 auri
286 719 437 801 deposuit
459 733 556 802 prout
572 720 721 800 debebat,
745 721 818 783 ideo
839 719 934 802 jurati
952 722 1037 784 bona
1062 723 1161 804 ipsius
1186 723 1319 786 Seboldi
1345 745 1407 807 que
1425 727 1458 788 in

192 827 276 888 dicta
300 826 429 888 civitate
452 839 483 889 et
508 827 576 888 eius
601 827 760 889 territorio
786 827 892 890 habita
925 829 1064 911 reperire
1088 829 1216 912 poterit,
1241 829 1326 908 juxta
1351 832 1456 894 litera-

190 933 309 994 torium
333 933 520 994 mandatum
546 933 670 1014 regium
694 953 753 1016 pro
770 935 933 1016 premissis
957 935 1169 1016 quadraginta
1190 935 1259 1000 flor.
1285 938 1353 999 auri
1379 957 1455 1000 ven·

188 1039 285 1100 dendi
318 1039 537 1102 attribuissent
568 1053 777 1122 potestatem3
809 1053 841 1103 et
872 1041 928 1123 qui
959 1041 1026 1124 ipse
1060 1042 1216 1104 Martinus
1250 1043 1346 1124 judex
1372 1045 1456 1106 bona

192 1147 292 1229 ipsius
317 1146 452 1209 Seboldi
489 1147 519 1208 in
545 1146 706 1210 territorio
742 1147 825 1209 dicte
859 1148 995 1210 civitatis
1030 1149 1129 1231 ipsius
1161 1169 1229 1212 csse
1264 1151 1457 1230 asseruisset,

190 1251 357 1334 (h)ortum,
381 1252 544 1314 stabulum
570 1267 601 1315 et
625 1252 799 1336 quamdam
834 1253 968 1316 domum
994 1274 1094 1336 penes
1117 1255 1251 1318 fluvium
1277 1258 1457 1318 communi·

189 1360 264 1422 tatis
288 1361 319 1421 in
344 1360 501 1422 suburbio
518 1360 602 1422 dicte
619 1361 765 1440 civitatis,
790 1361 841 1422 cui
859 1362 1030 1423 statucioni
1054 1361 1190 1424 Michael
1215 1361 1301 1425 filius
1317 1364 1456 1425 condam

190 1467 318 1529 Nicolai
335 1466 488 1530 aurifabri
513 1469 545 1530 in
562 1487 619 1530 sua
643 1487 679 1530 ac
696 1468 829 1530 domine
847 1469 956 1530 matria
979 1483 1009 1530 et
1033 1467 1164 1531 fratrum
1182 1489 1314 1532 suorum
1333 1485 1457 1533 contra·

196 1574 352 1636 diceionis
376 1575 536 1637 velamine
561 1576 731 1655 obviasset,
756 1575 796 1638 de
813 1576 948 1659 ipsoque
966 1575 1086 1656 judicio
1103 1575 1280 1657 juratorum
1305 1577 1372 1660 ipse
1397 1579 1457 1638 Mi·

194 1681 284 1744 chael
321 1703 386 1744 non
417 1696 586 1746 contentus
617 1684 752 1746 eandem
785 1703 915 1748 causam
946 1683 1138 1766 appellasset
1169 1685 1209 1746 ad
1244 1687 1385 1748 seniores
1409 1685 1456 1766 ju·

191 1787 295 1864 dices;
321 1789 450 1870 etquis
477 1789 544 1872 ipse
568 1790 726 1852 Martinus
750 1788 844 1866 judex
869 1802 941 1872 post
973 1803 1111 1852 mortem
1137 1790 1275 1852 condam
1300 1792 1455 1854 comitum

193 1893 278 1956 Cilie
302 1896 392 1956 omni
417 1915 503 1957 anno
520 1915 647 1978 semper
669 1896 700 1958 in
726 1897 916 1958 consistorio
935 1897 1018 1958 bona
1037 1896 1136 1979 ipsius
1157 1896 1290 1959 Seboldi
1308 1917 1326 1958 a
1344 1897 1455 1958 vendi-

189 2002 282 2063 cione
308 2015 338 2063 et
362 2001 443 2064 alios
468 2002 630 2083 quoslibet
655 2001 803 2064 homines
827 2004 867 2064 ab
893 2001 1072 2084 empcione,
1098 2006 1208 2080 (deest).

296 2107 375 2171 Item
400 2127 531 2171 causum
558 2109 649 2170 Pauli
674 2107 838 2188 aurifabri,
862 2121 896 2171 ut
919 2109 1034 2170 actoris
1058 2111 1098 2171 ab
1131 2129 1206 2188 una,
1231 2123 1262 2172 et
1286 2109 1383 2171 Blasii
1407 2109 1455 2190 ju·

189 2215 279 2294 dicis,
304 2227 339 2277 ut
363 2215 394 2276 in
421 2235 551 2277 causam
568 2215 702 2294 attracti,
719 2215 847 2276 racione
864 2215 1032 2277 cuiusdam
1063 2215 1193 2294 canalis,
1210 2215 1303 2298 jurati
1329 2214 1455 2297 adjudi-

187 2335 341 2384 caverunt
358 2335 389 2384 et
405 2335 555 2384 octavum
573 2322 658 2384 diem
677 2319 920 2383 reformacionis
942 2321 1042 2405 ipsius
1059 2322 1178 2384 canalis
1202 2321 1260 2405 ipsi
1280 2321 1454 2384 terminum

188 2429 411 2510 assignassent.

294 2535 372 2596 ltem
397 2555 524 2597 causam
550 2533 718 2596 cuiusdam
750 2534 895 2596 mulieris
923 2534 1046 2596 Croace
1078 2553 1134 2617 per
1159 2533 1357 2616 Stephanum
1383 2534 1455 2596 lite·

186 2657 291 2702 ratum
316 2639 419 2702 filium
444 2641 582 2702 condam
608 2640 734 2702 Nicolai
763 2638 915 2703 aurifabri
948 2659 1107 2722 percusse,
1132 2640 1224 2721 jurati
1249 2640 1452 2720 adjudicave-

187 2761 271 2826 runt,
297 2747 385 2829 quod
412 2747 479 2829 ipse
505 2746 642 2808 Michael
668 2749 700 2808 in
724 2767 781 2808 sua
806 2761 836 2809 et
860 2748 970 2808 matris
996 2765 1052 2808 sue
1085 2747 1230 2829 personis
1255 2745 1332 2808 feria
1357 2747 1454 2808 tercia

185 2855 331 2936 proxima
356 2865 428 2936 post
450 2851 567 2914 festum
593 2853 678 2916 beati
704 2853 829 2915 Nicolai
862 2851 1063 2932 confessoris,
1088 2851 1330 2934 (juramentum)
1356 2853 1388 2913 in
1414 2871 1453 2914 eo

186 2975 327 3042 prestare
342 2959 515 3037 tenebitur,
532 2957 620 3041 quod
638 2979 703 3022 non
722 2979 759 3020 ea
777 2960 1004 3022 commissione
1027 2960 1169 3041 ipsorum
1188 2959 1254 3041 ipse
1273 2958 1454 3040 Stephanus

185 3066 323 3128 eandem
357 3067 571 3144 verberasset,
604 3078 634 3127 et
666 3065 744 3127 dum
768 3065 896 3147 jurabit,
928 3079 1004 3128 tunc
1035 3065 1073 3126 de
1107 3066 1260 3147 porcione
1294 3067 1453 3126 bonorum

186 3173 287 3254 ipsius
312 3172 466 3255 Stephani
491 3172 606 3234 literati
633 3171 665 3232 in
683 3172 767 3234 dicta
792 3173 919 3234 civitate
944 3185 975 3234 et
999 3173 1067 3234 eius
1083 3173 1244 3234 territorio
1270 3171 1397 3251 habitis,
1415 3171 1454 3232 de

187 3279 350 3360 premissis
375 3278 561 3340 verberibus
585 3276 764 3340 satisfaccio
789 3278 1004 3360 impendetur.

296 3385 374 3447 ltem
406 3384 622 3466 juramentum
659 3386 718 3467 ipsi
744 3385 893 3448 Michaeli
927 3385 1156 3466 adjudicatum,
1191 3399 1286 3468 prout
1317 3384 1455 3446 debebat

188 3511 253 3552 non
279 3492 439 3574 deposuit.

296 3597 374 3660 ltem
399 3617 526 3660 causam
555 3599 698 3661 Simonis
722 3599 850 3677 sutoris,
876 3599 1085 3680 interipsum
1113 3599 1287 3681 Symonem
1314 3611 1344 3659 et
1368 3597 1455 3681 Dyo-

187 3703 306 3766 nisium
331 3705 543 3787 Wodopiam,
569 3706 698 3768 racione
723 3705 891 3767 cuiusdam
924 3706 1001 3784 vini,
1027 3725 1121 3788 super
1146 3725 1211 3786 quo
1237 3705 1304 3787 ipse
1330 3705 1453 3787 Symon

185 3810 328 3893 dampno
353 3811 413 3872 sibi
439 3812 529 3874 illato
554 3812 658 3894 jurare
682 3812 854 3892 tenebitur,
873 3811 997 3873 Blasius
1017 3811 1111 3892 judex
1138 3825 1168 3872 et
1187 3811 1324 3873 Michael
1342 3812 1451 3873 bacca-

186 3916 294 3995 larius,
326 3917 382 3998 qui
420 3932 495 3981 sunt
525 3918 730 3981 fideiussores
761 3937 818 4000 pro
851 3917 966 3979 eodem
1002 3917 1159 4000 Dyonisio
1191 3917 1314 3979 solvere
1348 3917 1452 3979 eidem

187 4023 322 4104 Symoni
359 4024 570 4102 tenebuntur;
602 4039 634 4087 et
657 4025 732 4106 quia
758 4024 824 4105 ipse
853 4023 1028 4106 Dyonisius
1062 4023 1320 4106 calumpnialiter
1344 4037 1453 4086 contra

185 4130 291 4211 ipsum
318 4130 495 4212 Symonem
521 4131 715 4214 procedebat
740 4143 770 4192 et
795 4131 898 4212 ipsum
925 4131 956 4191 in
982 4131 1124 4213 dampno
1147 4150 1206 4191 suo
1230 4149 1303 4192 curn
1320 4131 1454 4192 testibus

184 4237 251 4298 suis
284 4237 457 4298 convenire
483 4258 548 4300 non
581 4237 697 4320 potuit,
730 4250 845 4299 extunc
874 4236 940 4318 ipse
974 4237 1099 4298 Blasius
1130 4236 1225 4316 judex
1259 4249 1290 4298 et
1315 4236 1453 4298 Michael

186 4344 382 4406 baccalarius
406 4345 549 4406 medium
575 4345 685 4406 vivum
710 4343 897 4424 homagium
921 4344 1046 4406 solvere
1072 4344 1177 4405 eidem
1203 4344 1338 4427 Symoni
1365 4357 1452 4405 tene-

187 4451 318 4528 buntur,
349 4451 425 4532 quia
458 4451 517 4533 ipsi
550 4450 689 4513 eundem
723 4449 763 4511 ad
796 4469 909 4511 manus
941 4451 1117 4530 juratorum
1153 4450 1363 4531 reproducere
1389 4469 1454 4510 non

184 4557 351 4638 potuerint
375 4571 406 4619 et
430 4557 470 4619 ad
500 4557 667 4637 judicium.

293 4664 369 4726 ltem
395 4683 523 4726 causam
547 4665 629 4727 inter
650 4678 832 4726 consortem
859 4665 998 4727 Ladislai
1017 4662 1297 4745 Charanthowych
1323 4675 1354 4724 et
1372 4663 1453 4723 inter

184 4769 388 4831 Anthonium
414 4769 604 4854 Oprasnych
630 4771 759 4834 racione
777 4772 1010 4854 vituperiorum
1036 4770 1176 4832 filiorum
1194 4783 1225 4830 et
1250 4770 1357 4830 uxoris
1381 4788 1453 4829 suo-

184 4895 268 4956 rum,
292 4877 382 4959 quod
401 4878 468 4960 ipse
492 4879 677 4941 Anthonius
693 4878 796 4960 jurare
822 4879 982 4942 tenebitur
1004 4877 1081 4939 feria
1099 4878 1194 4938 tercia
1218 4877 1363 4959 proxima
1381 4890 1453 4957 post

187 4982 305 5046 festum
331 4985 414 5046 beati
440 4985 565 5048 Nicolai
585 4983 787 5065 confessoris,
812 4987 978 5066 solusmet‚
1002 4985 1090 5066 quod
1109 5005 1166 5046 nec
1191 5005 1296 5066 perse
1321 5003 1380 5044 nec
1399 5003 1454 5064 per

181 5109 315 5152 uxorem
340 5110 432 5152 suam
456 5091 593 5154 eandem
620 5093 834 5174 vituperasset
858 5107 889 5154 et
913 5091 1085 5174 vituperari
1111 5089 1249 5152 fecisset.
