3738 5786
380 517 419 595 56
794 517 882 576 Anno
905 529 995 594 1453.
1021 551 1062 560 -
1085 513 1116 578 8.
1132 519 1225 593 sicarii.

379 625 507 632 ——--
517 626 598 632 .—
1390 624 1641 630 ——.——.

378 730 498 812 juratos
522 730 736 812 adjudicatam
763 744 794 792 et
818 749 874 811 per
898 729 1000 812 ipsam
1025 727 1191 790 dominam
1221 729 1429 791 Scolssticam
1454 731 1494 792 de
1518 730 1644 812 adjudi-

379 839 510 899 cacione
535 839 677 919 ipsorum
703 838 879 918 juratorum
904 854 970 898 non
1003 847 1186 897 contentam
1219 836 1251 898 in
1277 838 1475 917 presenciam
1501 838 1643 919 ipsorum

379 945 542 1006 seniorum
569 944 711 1026 judicum
737 963 796 1026 pro
828 943 916 1006 finali
944 955 975 1004 et
1006 942 1134 1004 meliori
1159 943 1259 1025 ipsius
1283 962 1376 1004 cause
1408 944 1646 1007 deliberacione

306 1071 310 1077 ·
381 1051 586 1133 appellatam,
612 1071 651 1112 eo
675 1050 775 1113 modo
799 1048 937 1112 finaliter
953 1049 1164 1111 decreverunt
1188 1063 1218 1110 et
1249 1049 1485 1129 concluserunt,
1510 1066 1545 1112 ut
1569 1053 1643 1133 quia

380 1157 420 1218 de
445 1170 548 1219 morte
572 1157 710 1218 condam
735 1156 864 1218 Andree
889 1155 968 1235 Lah,
993 1156 1049 1237 qui
1066 1155 1167 1217 iverat
1190 1175 1263 1217 cum
1290 1154 1424 1218 domino
1449 1157 1588 1219 Martino
1605 1157 1645 1220 de

380 1264 593 1347 Frungyapan
624 1283 719 1345 super
752 1263 881 1325 Turltos
912 1263 952 1324 ad
986 1260 1220 1324 debellandum
1244 1263 1340 1346 ipsos,
1373 1263 1461 1325 nulla
1487 1263 1644 1325 certitudo

381 1389 440 1432 nec
465 1370 541 1452 ipsis
557 1370 738 1432 senioribus
762 1388 868 1450 neque
893 1369 1056 1449 aliquibus
1072 1368 1153 1447 aliis,
1175 1388 1280 1450 neque
1305 1369 1405 1431 eciam
1423 1369 1645 1432 communitati

380 1489 488 1538 nostre
512 1489 637 1539 constat
660 1495 766 1558 neque
791 1489 837 1538 est
861 1489 948 1553 nota,
974 1489 1004 1536 et
1028 1476 1070 1537 ob
1095 1473 1155 1536 hoc
1179 1475 1246 1558 ipse
1267 1489 1350 1538 terre
1374 1476 1510 1539 arabiles
1535 1477 1598 1538 due
1616 1491 1647 1538 et

380 1583 486 1666 ipsum
511 1581 620 1662 fenile,
637 1603 700 1664 que
717 1603 774 1665 per
799 1583 902 1664 ipsum
918 1581 1056 1644 condam
1074 1581 1239 1643 Thomam
1251 1581 1358 1644 Choni
1375 1580 1500 1664 prefato
1516 1581 1646 1645 Andree

381 1687 449 1751 Lab
473 1709 510 1752 ac
533 1709 589 1771 per
613 1707 687 1752 eum
704 1689 770 1751 suis
786 1687 958 1750 heredibus
982 1707 1041 1771 pro
1058 1687 1174 1750 xxllll
1191 1687 1321 1752 florenis
1344 1687 1474 1751 luerunt
1497 1689 1645 1772 inpigno-

380 1807 458 1875 rate,
483 1795 601 1858 debent
625 1815 692 1858 esse
717 1795 748 1856 in
773 1797 922 1857 manibus
954 1807 985 1858 et
1016 1795 1218 1877 possessione
1247 1795 1348 1878 ipsius
1379 1795 1511 1858 domine
1536 1795 1646 1858 Scola-

381 1902 458 1964 stice
482 1921 583 1984 usque
601 1901 640 1963 ad
666 1902 763 1964 vitam
780 1921 871 1964 suam
888 1901 956 1982 jure
974 1901 1124 1963 similiter
1144 1901 1404 1984 inpignoraticio,
1420 1915 1451 1963 et
1474 1901 1500 1963 si
1518 1902 1646 1964 easdem

381 2023 480 2071 terras
504 2023 534 2070 et
558 2009 664 2091 ipsum
688 2007 786 2070 fenile
811 2009 878 2090 ipsa
903 2007 1036 2070 domina
1065 2006 1239 2070 Scolastica
1272 2007 1369 2070 alicui
1393 2008 1647 2090 inpignorsverit

383 2134 441 2198 pro
459 2115 567 2198 aliqua
584 2115 733 2197 pecunia,
757 2127 833 2177 tunc
850 2133 887 2176 ex
905 2114 982 2196 ipsis
1000 2113 1144 2196 pecuniis
1160 2112 1234 2175 filiis
1251 2115 1378 2176 duobus
1394 2115 1494 2196 ipsius
1509 2114 1647 2177 condam

383 2221 512 2284 Andree
537 2221 603 2284 Lah
628 2235 716 2283 tanta
740 2220 862 2303 porcio,
887 2240 950 2302 que
975 2220 1051 2302 ipsis
1074 2219 1208 2302 juridice
1231 2233 1414 2302 temporum
1440 2221 1472 2282 in
1497 2239 1647 2304 processu

383 2346 577 2390 concernere
601 2327 774 2405 videbitur,
795 2327 907 2388 cedere
925 2327 1065 2406 debebit,
1086 2327 1198 2409 porcio
1215 2339 1322 2389 autern
1347 2327 1534 2390 earumdem
1550 2347 1646 2411 pecu·

384 2434 520 2513 nitrum,
544 2453 607 2515 que
633 2435 733 2516 ipsam
752 2433 917 2495 dominam
945 2433 1152 2495 Scolasticant
1170 2433 1271 2494 eciam
1296 2432 1430 2514 juridice
1455 2453 1648 2496 concernere

383 2538 555 2619 videbitur,
580 2541 686 2602 eidem
712 2540 843 2602 domine
868 2539 1042 2601 Scolastice
1069 2538 1181 2600 cedere
1206 2551 1237 2601 et
1261 2559 1426 2602 remanere
1451 2539 1582 2601 debebit
1606 2539 1646 2601 de

383 2645 462 2728 jure,
487 2646 625 2709 vendere
650 2659 757 2709 autern
783 2646 911 2708 easdem
927 2660 1027 2708 terras
1051 2659 1081 2707 et
1105 2644 1203 2708 fenile
1228 2646 1295 2728 ipsa
1313 2646 1445 2708 domina
1470 2645 1646 2708 Scolsstica

385 2751 506 2812 nemini
524 2765 628 2834 potest
645 2753 705 2813 nisi
720 2752 759 2814 de
772 2771 929 2815 consensu
943 2752 1214 2835 propinquiorum
1231 2752 1387 2814 heredum
1402 2752 1502 2834 ipsius
1519 2753 1647 2816 Tbome

385 2857 491 2920 Chuni
517 2873 609 2921 etex
633 2859 842 2942 permissione
867 2858 990 2941 justicie
1015 2873 1046 2920 et
1069 2858 1224 2921 libertatis
1247 2859 1394 2922 civitatis.

437 3075 534 3152 Ferit
562 3088 659 3152 sexta
686 3083 840 3170 proxima
877 3089 955 3152 ante
982 3080 1106 3152 festum
1134 3081 1223 3152 beati
1253 3079 1405 3152 Barnabe
1433 3081 1590 3169 apostoli.

928 3231 973 3311 (8.
990 3235 1098 3312 stanit).

493 3375 570 3437 ltem
594 3395 723 3438 causam
748 3375 915 3438 homicidii
940 3376 1039 3438 Marci
1061 3375 1119 3438 filii
1144 3375 1228 3437 Petri
1253 3375 1292 3437 de
1317 3375 1416 3438 fluvio
1442 3375 1533 3439 Salso
1549 3377 1649 3458 vulgo

386 3482 487 3565 Zlany
495 3482 617 3564 pothok
628 3483 724 3563 dicto,
734 3484 816 3546 inter
826 3483 985 3545 Briccium
995 3483 1139 3564 Herczeg
1149 3483 1271 3545 dictum
1280 3483 1320 3545 de
1333 3483 1504 3566 Stulbycza
1515 3481 1647 3563 dictum,

386 3602 417 3650 et
433 3589 515 3650 inter
528 3589 730 3652 Anthonium
746 3587 848 3652 filium
861 3589 986 3652 Nicolai
998 3588 1263 3672 Oblachnowych
1281 3589 1321 3652 de
1338 3591 1534 3660 Adamowcz
1551 3591 1647 3652 inter·

385 3681 539 3758 sectorem
565 3697 663 3779 ipsius
689 3697 800 3776 Marci,
824 3716 909 3758 nunc
934 3697 966 3758 in
991 3697 1173 3779 captivitate
1198 3697 1397 3777 existentem,
1421 3717 1528 3760 coram
1554 3698 1648 3759 nobis

386 3816 507 3864 motam
525 3817 555 3864 et
575 3816 763 3882 vertentem,
787 3803 827 3864 ad
844 3803 957 3865 leriam
981 3803 1113 3865 terciam
1130 3805 1309 3884 proximam
1330 3819 1403 3867 ante
1429 3803 1545 3868 festum
1563 3804 1647 3867 beati

386 3907 540 3970 iohannis
575 3909 716 3990 Baptiste
748 3909 893 3991 proxime
924 3923 1092 3972 venturam
1125 3908 1286 3989 futurum,
1318 3931 1355 3972 ex
1387 3911 1517 3973 instanti
1550 3912 1649 3993 ipsius

386 4014 500 4075 Briccii
524 4015 684 4096 peticione
712 4014 873 4077 servitoris
896 4015 1020 4076 domini
1037 4015 1205 4098 Prepositi,
1228 4036 1287 4099 pro
1315 4017 1414 4098 ipsius
1438 4037 1531 4079 cause
1558 4015 1647 4079 finali

387 4121 594 4183 conclusione
619 4121 769 4182 duximus
793 4121 1027 4204 prologandam
1051 4136 1082 4183 et
1106 4121 1241 4185 lecimus
1263 4123 1467 4206 prolongare.

493 4226 569 4288 ltem
597 4227 773 4309 Elyzabeth
797 4225 862 4289 filia
893 4227 1140 4290 Kerchmariche
1170 4241 1278 4291 contra
1310 4230 1484 4292 Barbaratn
1516 4250 1649 4293 uxorem

387 4332 471 4394 Petri
495 4332 646 4415 lutifiguli
670 4333 812 4396 secundo
837 4337 930 4398 citata
954 4355 1020 4396 non
1045 4335 1234 4418 comparuit.

493 4439 569 4501 ltetn
596 4440 773 4523 Elyzabeth
798 4455 830 4503 et
853 4441 1029 4504 Katherina
1053 4441 1118 4504 filia
1139 4461 1196 4504 sua
1221 4455 1331 4504 contra
1356 4443 1553 4506 Dorotheum
1571 4463 1649 4506 uxo-

387 4566 453 4608 rem
480 4547 617 4608 Emerici
643 4547 707 4608 ceci
732 4548 874 4610 secundo
899 4549 993 4611 citata
1018 4569 1084 4611 non
1109 4550 1298 4632 comparuit.

494 4653 571 4714 Item
596 4653 688 4734 jurati
714 4653 938 4737 adjudicarunt
955 4675 1082 4718 causam
1105 4655 1258 4738 Stephani
1281 4658 1398 4720 sutoris
1422 4671 1453 4719 et
1477 4657 1578 4719 Elene
1595 4677 1651 4720 sue

388 4761 545 4822 consortis
568 4760 660 4822 aliter
693 4760 866 4843 Mayczena
899 4777 1011 4824 vocate
1042 4777 1073 4824 et
1100 4763 1224 4844 Agathe
1257 4765 1348 4826 aliter
1379 4769 1507 4846 Agycze
1540 4778 1651 4826 vocate

389 4867 545 4928 consortis
560 4865 714 4928 Johunnis
731 4868 859 4931 sartoris
883 4869 993 4950 generi
1010 4869 1147 4931 condam
1173 4869 1338 4932 Benedicti
1355 4871 1552 4953 Wenthych,
1569 4872 1651 4933 inter

389 4973 516 5034 easdem
554 4973 704 5034 mulieres
741 4973 950 5057 Mayczenam
986 4989 1016 5037 et
1040 4980 1203 5060 Agyczam
1237 4977 1269 5038 iu
1301 4975 1386 5040 lacto
1421 4977 1651 5040 conduccionis
