3694 5782
604 595 689 652 Anno
714 591 806 671 1466.
831 591 947 656 -16.
972 597 1051 656 maii.
1400 613 1461 676 293

199 807 229 866 in
254 805 345 866 nullo
370 821 452 867 esset
476 806 645 888 culpabilis
680 807 709 866 in
750 805 957 868 ammissione
991 825 1095 866 rerum
1129 826 1258 868 suarum
1286 807 1461 888 inquibus

199 912 446 994 dampnificatus
479 911 548 991 fuit,
579 913 623 974 sic
656 927 686 974 et
719 914 784 993 ipse
812 912 976 994 hlyhouyl
1008 913 1188 993 apportavit
1213 933 1310 974 unam
1335 914 1460 976 literam

197 1018 311 1100 judicis
329 1018 368 1080 de
387 1020 510 1102 Lyppa,
528 1021 582 1100 qni
596 1019 695 1080 modo
709 1019 806 1081 simili
824 1032 979 1101 expurgat
996 1019 1100 1100 ipsum
1120 1019 1341 1097 Clementem3
1363 1040 1459 1101 quem

199 1126 364 1210 Mybowyl
389 1127 482 1206 jurati
507 1127 772 1206 adjudicaverunt
788 1139 898 1188 contra
918 1127 1024 1208 ipsum
1049 1124 1252 1188 Clementem
1271 1129 1459 1190 remansisse

198 1233 229 1292 in
253 1232 328 1294 vivo
352 1232 506 1314 homagio
531 1233 606 1314 quia
631 1233 850 1315 calumpniose
876 1232 1029 1315 processit
1052 1246 1161 1293 contra
1187 1232 1337 1296 eundem.

265 1451 363 1525 latia
400 1461 498 1524 sexta
532 1451 684 1542 proxima
721 1461 797 1541 post
834 1452 957 1524 festum
993 1450 1208 1524 ascensionis
1246 1451 1374 1524 Domini

631 1579 780 1665 proxime
810 1579 1019 1665 preteritum.

735 1727 801 1804 (16.
825 1733 919 1804 matt).

302 1872 380 1932 ltem
407 1871 499 1950 jurati
532 1884 787 1952 prorogaverunt
811 1891 938 1932 causam
972 1872 1054 1932 inter
1078 1872 1249 1953 providum
1275 1872 1379 1934 virum
1405 1873 1457 1935 Jo-

194 1979 336 2040 hannem
361 1977 547 2060 Perowych‚
572 1993 606 2038 ut
629 1991 769 2038 actorem
794 1979 834 2039 ab
860 1997 933 2056 una,
958 1992 989 2038 et
1013 1979 1094 2038 inter
1123 1978 1285 2040 Thomam
1311 1978 1457 2056 Cheden,

193 2087 284 2146 utin
312 2104 439 2146 causam
473 2097 652 2162 attractum,
685 2085 812 2146 racione
845 2085 1124 2146 dehonestationis
1150 2099 1180 2146 et
1212 2085 1457 2166 vituperiorum,

190 2212 254 2272 que
288 2191 446 2273 vituperia
478 2192 544 2272 ipse
570 2189 715 2252 Thomas
747 2191 908 2252 commisit
944 2211 1039 2274 super
1071 2192 1174 2274 ipsum
1200 2191 1379 2253 Johannem
1411 2193 1458 2274 ju·

191 2299 309 2375 dicem,
342 2311 373 2358 et
397 2298 489 2358 datus
521 2311 566 2358 est
598 2297 799 2378 producendi
825 2310 919 2358 testes
951 2298 1107 2358 terminus
1131 2297 1233 2379 prima
1258 2297 1335 2359 feria
1360 2312 1457 2377 sexta,

190 2405 259 2464 dies
284 2403 436 2464 videlicet
459 2403 629 2482 judicialis,
656 2403 871 2484 respondendi
898 2403 1003 2464 eidem
1022 2403 1150 2464 Thome
1176 2403 1310 2465 Cheden
1334 2403 1375 2465 ad
1399 2405 1456 2466 ob·

189 2510 269 2592 jecta
296 2509 441 2570 eiusdem
467 2508 622 2570 iohannis
647 2509 830 2592 Perowych.

298 2616 377 2677 ltem
395 2615 541 2676 similiter
558 2615 651 2697 jurati
677 2629 930 2696 prorogaverunt
947 2635 1074 2676 causam
1095 2616 1176 2677 inter
1201 2615 1342 2676 Blasium
1360 2616 1456 2698 Ztoy·

189 2722 333 2806 mylych,
357 2723 516 2783 seniorem
541 2720 680 2802 judicem
706 2735 737 2782 et
761 2721 926 2782 concivem
949 2735 1105 2799 nostrum,
1130 2735 1160 2782 et
1185 2722 1267 2782 inter
1291 2721 1454 2784 Thomam

189 2828 327 2891 Cheden
353 2827 481 2889 racione
507 2827 723 2908 quorumdam
749 2827 982 2908 vituperiorum
1001 2841 1030 2888 et
1055 2827 1192 2889 aliorum
1217 2827 1377 2888 malorum
1401 2847 1454 2909 ge·

187 2955 305 2997 nerum
330 2935 411 2995 inter
435 2935 521 3016 ipsos
545 2947 740 3011 secutorum,
772 2933 864 2996 datus
888 2949 934 2996 est
958 2935 1113 2996 terminus
1136 2934 1336 3016 producendi
1361 2939 1455 2998 testes

186 3043 293 3124 prima
318 3040 396 3104 seria
423 3053 509 3102 sexta
533 3040 678 3121 proxime
703 3055 834 3100 ventura
862 3053 893 3102 et
917 3041 1143 3121 respondendi.

296 3147 374 3209 ltem
399 3166 527 3208 causam
552 3165 649 3227 quarn
675 3145 837 3208 Johannes
863 3146 979 3208 Bolsalt
996 3146 1092 3228 judex
1117 3149 1318 3229 proponebat
1342 3162 1452 3210 contra

186 3254 354 3315 Thomam
387 3251 521 3314 Cheden
554 3253 683 3314 racione
718 3253 949 3334 vituperiorum
978 3267 1008 3314 et
1040 3252 1178 3314 aliorum
1204 3253 1361 3316 factorum
1388 3275 1451 3337 que

185 3359 352 3422 commisit
377 3359 444 3440 ipse
477 3358 623 3420 Thomas
654 3373 764 3420 contra
797 3360 901 3440 ipsum
936 3359 1114 3420 Johannem
1149 3361 1275 3439 Bolsak‚
1307 3375 1338 3422 et
1361 3361 1452 3422 datus

186 3483 234 3530 est
259 3466 417 3528 terminus
443 3465 564 3526 eisdem
589 3466 745 3526 ambabus
768 3466 912 3547 partibus
928 3466 1127 3547 producendi
1153 3480 1247 3528 testes
1271 3465 1348 3529 feria
1365 3481 1451 3529 sexta

183 3573 335 3656 proxime
359 3585 492 3632 ventura
516 3571 547 3632 in
572 3571 694 3650 judicio
719 3591 825 3634 coram
852 3573 955 3634 nobis.

294 3679 374 3740 ltem
398 3677 532 3759 provida
557 3677 688 3739 domina
716 3677 889 3740 Katherina
914 3692 1035 3756 vocata,
1058 3679 1165 3740 relicta
1191 3679 1328 3740 condam
1354 3679 1449 3740 Blasii

183 3785 361 3862 institoris,
397 3785 610 3865 juramentum
645 3784 705 3845 sibi
738 3784 955 3864 adjudicatum
992 3785 1120 3846 racione
1152 3763 1319 3846 cuiusdam
1351 3784 1450 3847 debiti

183 3893 283 3954 unius
307 3891 377 3953 flor.
402 3891 482 3968 auri,
507 3909 604 3971 quem
629 3891 696 3972 ipse
721 3891 885 3973 Myhowyl
910 3891 969 3952 sibi
991 3891 1170 3952 debitorem
1196 3890 1263 3952 fore
1289 3891 1449 3973 allegabat

182 4000 317 4062 racione
343 3996 559 4079 quorumdam
584 3996 714 4076 ficuum,
739 4010 834 4079 prout
859 3998 996 4059 debebat
1019 3999 1178 4079 deposuit.

293 4105 373 4166 ltem
398 4103 551 4186 providus
575 4103 624 4164 vir
648 4104 841 4167 Benedictus
856 4117 956 4183 sutor,
980 4105 1088 4165 senior
1111 4105 1232 4186 juratus
1256 4117 1286 4166 et
1310 4105 1451 4167 concivis
1556 4141 1559 4148 ⁴

181 4225 305 4289 noster,
338 4211 371 4271 id
403 4209 573 4272 sufficienti
605 4211 792 4272 testimonio
824 4211 1000 4292 proborum
1032 4211 1174 4272 virorum
1207 4225 1238 4272 et
1267 4213 1450 4273 concivium

181 4333 333 4382 nostrum
358 4317 389 4378 in
415 4317 535 4399 judicio
560 4319 783 4398 comprobavit
808 4337 915 4378 coram
934 4318 1037 4396 nobis,
1062 4333 1096 4378 ut
1120 4317 1197 4379 dum
1222 4318 1357 4399 provida
1382 4339 1450 4380 mu·

179 4427 243 4488 lier
269 4424 415 4505 Jalsycza
440 4424 535 4502 dicta,
560 4424 700 4485 concivis
724 4437 842 4502 nostra,
868 4425 899 4485 in
925 4425 1073 4485 extremis
1097 4425 1159 4486 vite
1184 4445 1240 4485 sue
1264 4425 1450 4507 temporalis

178 4534 371 4608 laborasset,
385 4543 459 4591 tunc
473 4530 540 4612 ipsa
557 4531 666 4592 omnia
681 4532 765 4592 bona
782 4531 884 4591 suain
899 4531 981 4591 dieta
996 4531 1122 4592 civitate
1140 4547 1170 4591 et
1194 4531 1262 4591 eius
1287 4531 1447 4593 territorio

179 4639 294 4701 habita
319 4657 415 4718 super
439 4636 543 4718 ipsunt
561 4637 771 4698 Benedictum
797 4651 939 4698 sutorem
964 4637 1135 4698 dimisisset
1159 4636 1364 4698 vendendiet
1388 4657 1446 4718 pro

177 4746 292 4806 anima
317 4762 374 4805 sua
398 4743 598 4824 exponendi;
617 4743 690 4804 ideo
715 4743 781 4824 ipse
800 4743 992 4804 Benedictus
1015 4757 1103 4804 sutor
1120 4743 1294 4824 quamdam
1313 4744 1447 4804 domum

179 4872 240 4914 seu
269 4849 407 4910 fundum
440 4849 585 4909 eiusdem
618 4849 760 4930 lalsycze
796 4849 939 4910 mulieris
972 4849 1003 4909 in
1037 4849 1120 4910 dicta
1145 4850 1271 4910 civitate
1297 4849 1449 4927 habitam,

179 4956 306 5020 Mathis
331 4955 472 5035 agricole
498 4968 531 5015 ut
555 4954 617 5034 jam
637 4974 722 5015 novo
745 4954 868 5015 concivi
894 4969 1002 5016 nostro
1021 4955 1216 5016 vendidisset
1233 4955 1272 5015 de
1290 4975 1449 5016 consensu

175 5065 362 5126 vicinorum
380 5043 598 5144 predictorum
622 5081 679 5143 pro
704 5075 776 5121 octo
794 5061 899 5142 pensis
917 5061 1121 5122 denariorum
1148 5061 1401 5122 viennensium.
