3738 5786
763 530 850 586 Anno
873 539 963 606 1453.
987 562 1031 572 —
1055 541 1102 586 12.
1120 527 1273 603 y'atnuan'i.

388 741 527 803 nendam
559 741 645 822 juata
679 739 903 802 condicionem
939 740 1074 802 civitatis
1106 753 1273 822 prenotate
1298 741 1337 800 ab
1371 739 1505 821 antiquo
1536 757 1650 821 appro-

387 849 505 928 batam,
530 849 789 910 contradictione
814 847 915 930 ipsius
942 847 1072 930 Mathye
1096 846 1189 928 jurati
1215 867 1279 909 non
1303 848 1467 922 obstante3
1492 846 1652 929 predictos

387 971 493 1017 autem
519 956 664 1017 residuos
688 969 829 1036 quatuor
853 973 925 1016 cum
951 953 1061 1016 medio
1094 951 1233 1015 florenos
1255 967 1286 1014 ct
1309 953 1368 1015 XX
1393 951 1542 1015 denarios
1566 972 1652 1014 com·

387 1063 534 1124 misimus
558 1062 709 1144 predictis
734 1060 936 1142 Margarethe
960 1060 1069 1122 relicte
1094 1074 1125 1121 et
1149 1059 1297 1121 Emerico
1321 1059 1389 1120 filio
1414 1058 1489 1120 dicti
1514 1058 1651 1120 condam

386 1169 478 1231 Pauli
503 1169 634 1252 Babych
659 1166 795 1250 prelato,
823 1167 954 1250 Mathye
979 1169 1081 1249 jurato
1099 1187 1171 1229 cum
1195 1181 1301 1230 musto
1325 1166 1446 1250 prefate
1471 1167 1564 1228 vinee
1588 1166 1652 1228 suis

386 1277 587 1359 temporibus
612 1275 865 1337 vindemialibus
888 1275 1128 1357 persolvendos.

501 1383 579 1444 ltem
613 1381 706 1463 jurati
744 1381 968 1464 adjudicarunt
1000 1382 1095 1443 aliam
1128 1401 1254 1443 causam
1288 1383 1319 1442 in
1361 1380 1445 1444 lacto
1477 1379 1652 1442 secacionis

387 1489 551 1570 lignorum
577 1490 607 1550 in
634 1490 711 1550 silva
737 1509 793 1550 seu
817 1489 956 1570 virgulto
982 1489 1124 1570 ipsorum
1151 1488 1349 1570 Margaretlre
1374 1501 1405 1549 et
1430 1487 1568 1549 Emerici
1592 1487 1651 1548 sub

386 1597 479 1657 vinea
506 1597 649 1678 ipsorum
675 1589 828 1677 predicta,
854 1595 936 1656 inter
964 1614 1019 1656 eos
1050 1608 1081 1657 et
1107 1597 1190 1656 inter
1214 1594 1375 1677 prefatum
1409 1595 1571 1677 Mathyam
1605 1593 1651 1674 ju-

387 1715 489 1764 ratum
515 1721 622 1764 coram
648 1701 724 1784 ipsis
748 1717 869 1763 motam
896 1715 927 1763 et
950 1701 1104 1781 habitam,
1129 1702 1184 1763 tali
1209 1702 1320 1780 modo,
1344 1716 1379 1764 ut
1401 1701 1427 1762 si
1451 1701 1517 1783 ipsa
1544 1700 1651 1761 relicta

387 1809 588 1889 Margaretha
614 1821 645 1871 et
670 1810 837 1870 Emericus
862 1807 946 1870 filius
978 1829 1054 1870 suus
1078 1809 1110 1869 id
1144 1811 1354 1891 comprobare
1379 1821 1539 1890 poterunt,
1564 1805 1652 1888 quod

387 1914 530 1996 prelatus
553 1915 700 1998 Mathyas
723 1914 844 1996 juratus
869 1935 926 1997 per
951 1935 984 1976 se
1009 1929 1063 1976 aut
1087 1935 1144 1997 per
1161 1915 1309 1977 homines
1332 1934 1407 1976 suos
1432 1914 1518 1994 ligna
1542 1911 1653 1974 fecerit

386 2041 493 2083 secare
518 2022 550 2082 in
576 2022 718 2104 predicta
736 2021 814 2084 silva
839 2042 895 2084 seu
913 2022 1054 2103 virgulto
1072 2023 1215 2104 ipsorum
1234 2020 1434 2103 Margarethe
1458 2033 1490 2081 et
1514 2019 1652 2082 Emerici

387 2127 444 2190 filii
470 2128 569 2210 ipsius
594 2129 732 2190 condam
757 2129 847 2190 Pauli
874 2128 1004 2210 Babycb
1026 2148 1234 2210 quocumque
1252 2143 1396 2210 tempore
1421 2141 1491 2210 post
1514 2139 1652 2188 mortem

387 2235 521 2317 predicti
547 2235 703 2296 Anthonii
729 2234 896 2314 carnificis,
918 2249 994 2298 tunc
1018 2236 1086 2316 ipse
1105 2235 1250 2318 Mathyas
1274 2235 1395 2316 juratus
1416 2233 1596 2296 remanebit
1619 2233 1652 2293 in

388 2343 527 2422 birsagio
553 2343 701 2424 potencie
726 2358 835 2404 contra
861 2341 1000 2422 judicem
1027 2356 1058 2403 et
1075 2355 1196 2424 partem
1216 2341 1392 2419 adversam,
1417 2360 1515 2422 quam
1540 2355 1651 2422 poten-

387 2449 469 2509 ciam
496 2448 562 2529 ipsa
588 2449 789 2529 Margaretha
814 2463 925 2509 contra
947 2449 1053 2530 ipsum
1072 2448 1235 2530 Mathyant
1254 2447 1392 2530 juratum
1417 2467 1524 2508 coram
1542 2445 1653 2527 juratis

388 2554 516 2636 publice
541 2557 752 2636 proponebat,
777 2555 800 2615 si
828 2569 934 2616 autem
960 2556 1171 2637 comprobare
1195 2574 1260 2615 non
1290 2554 1406 2634 poterit
1431 2553 1543 2614 eadem
1570 2553 1653 2613 Mar·

388 2661 530 2741 garetha,
553 2674 629 2722 tunc
653 2662 719 2723 sola
746 2661 777 2722 in
802 2661 869 2743 ipsa
894 2662 1041 2743 potencia
1066 2661 1255 2722 remanebit.

407 2879 504 2952 Feria
532 2889 630 2953 serta
652 2885 804 2971 proxima
825 2893 900 2974 post
928 2883 1050 2953 festum
1070 2883 1159 2954 beati
1189 2882 1284 2952 Pauli
1314 2883 1413 2970 primi
1443 2881 1620 2952 Hetenite.

783 3031 848 3114 (12.
865 3037 1016 3111 januarii,
1039 3054 1109 3096 ann.
1135 3032 1244 3114 1453).

495 3174 572 3236 ltem
597 3174 743 3236 Andreas
767 3188 869 3237 sartor
893 3189 1002 3236 contra
1028 3175 1232 3237 Leonardum
1259 3174 1455 3257 lutifigulum
1480 3175 1585 3258 primo
1609 3175 1652 3236 ci·

388 3295 471 3344 tatus
496 3301 561 3342 non
586 3283 775 3364 comparuit.

495 3387 573 3449 ltem
599 3389 673 3469 qnia
699 3389 874 3451 Katherina
907 3389 1025 3470 puella,
1060 3388 1125 3451 filia
1150 3390 1287 3452 condam
1321 3391 1435 3452 Briccii
1461 3390 1653 3472 Meynosecz

388 3494 427 3554 de
452 3507 558 3556 sancta
585 3493 697 3572 Elena,
722 3495 789 3556 sola
815 3497 936 3577 absque
960 3511 1122 3558 tormento
1151 3495 1295 3558 confessa
1320 3513 1376 3574 est,
1402 3495 1568 3578 quomodo
1586 3496 1652 3578 ipsa

389 3620 438 3660 res
462 3601 618 3680 quasdam
643 3620 693 3661 res
717 3600 867 3680 Gregorii
893 3601 1005 3684 lprych
1031 3603 1070 3664 de
1088 3603 1260 3685 Jamnycza
1285 3603 1317 3664 in
1341 3603 1459 3666 scrinio
1483 3621 1542 3665 suo
1566 3603 1652 3685 apud

389 3705 611 3767 Sebastianum
637 3707 758 3769 dictum
784 3709 897 3769 Lubak
921 3709 952 3769 in
979 3709 1078 3770 domo
1099 3729 1155 3770 sua
1181 3709 1332 3791 reposito,
1358 3708 1482 3770 habitas
1506 3721 1536 3770 et
1559 3729 1652 3790 repo·

387 3811 473 3890 sitas,
498 3813 603 3894 ipsum
620 3814 773 3874 scrinium
790 3813 1008 3876 subtrahendo
1029 3829 1125 3895 atque
1143 3814 1377 3896 confringendo
1394 3816 1560 3894 subtraxit,
1578 3815 1652 3876 ideo

390 3937 460 3997 nos,
485 3933 561 4000 puta
586 3918 681 4000 judex
707 3933 738 3982 et
761 3920 854 4000 jurati
890 3919 1082 4003 judicialiter
1113 3920 1370 4004 adjudicavimus
1394 3921 1454 4004 ipsi
1479 3921 1653 3984 Katherina

390 4024 497 4106 puelle
522 4045 581 4106 pro
605 4026 792 4088 huiusmodi
824 4025 910 4088 furtu
944 4047 1001 4109 pro
1034 4027 1136 4109 prima
1162 4030 1364 4090 correctione
1396 4029 1517 4090 abscidi
1549 4027 1654 4091 iacere

389 4131 565 4192 auriculam
591 4147 622 4194 et
647 4152 717 4195 eam
743 4133 877 4215 turpiter
909 4133 1177 4196 sentenciavlmus
1202 4135 1241 4196 de
1266 4135 1394 4196 civitate
1419 4150 1450 4196 et
1473 4137 1541 4197 eius
1564 4136 1653 4198 terri·

388 4237 472 4298 torio
497 4239 733 4318 expellendam,
772 4240 1008 4302 committentes
1040 4241 1157 4320 eidem,
1182 4255 1216 4303 ut
1241 4245 1308 4324 ipsa
1332 4243 1371 4304 de
1404 4257 1511 4305 cetero
1536 4257 1567 4304 et
1597 4263 1654 4324 per

389 4343 529 4426 amplius
554 4345 584 4404 in
610 4345 771 4407 civitatem
796 4347 973 4429 predictam
998 4363 1029 4409 et
1053 4350 1122 4409 eiua
1145 4349 1341 4411 territorium
1365 4351 1483 4413 intrare
1509 4371 1573 4412 non
1599 4351 1653 4412 dc·

390 4451 472 4528 beat,
498 4469 560 4531 que
584 4452 610 4511 si
636 4452 675 4512 de
700 4467 805 4515 cetero
831 4469 862 4515 et
885 4475 941 4536 per
965 4455 1103 4536 amplius
1131 4456 1172 4516 ad
1197 4455 1356 4518 civitatem
1382 4471 1413 4520 et
1437 4459 1506 4520 eius
1528 4459 1653 4520 territo-

390 4556 482 4618 rium.
509 4559 618 4634 (deest).

498 4663 575 4724 ltem
600 4665 675 4745 quia
701 4666 799 4727 Lucia
824 4667 889 4728 filia
914 4673 1008 4729 Anne
1025 4669 1149 4748 claude,
1175 4690 1254 4732 uxor
1278 4671 1415 4732 condam
1443 4672 1533 4734 Pauli
1558 4671 1655 4735 freni-

390 4768 484 4848 paris,
509 4769 540 4828 in
565 4771 715 4832 societate
740 4773 880 4852 predicte
906 4774 1080 4838 Katherina
1105 4776 1135 4836 in
1162 4775 1285 4858 prefato
1314 4776 1400 4840 lurtu
1424 4793 1470 4840 cst
1494 4795 1653 4862 repperta,

391 4887 486 4953 prout
509 4875 609 4936 eciam
635 4877 703 4938 sola
727 4892 773 4939 est
796 4878 886 4957 lassa,
912 4881 985 4942 ideo
1017 4883 1117 4943 eciam
1144 4883 1249 4944 eidem
1277 4885 1373 4946 Lucie
1398 4885 1656 4966 adjudicavimus

392 4999 449 5059 pro
474 4980 576 5060 prima
609 4984 811 5046 correccione
836 4987 1011 5048 auriculam
1046 4989 1166 5050 abscidi
1199 5005 1230 5050 et
1255 4992 1354 5072 ipsam
1387 4994 1523 5076 turpiter
1555 4995 1653 5057 modo
