3818 5786
616 555 816 633 Anno1452.
842 587 882 597 -
905 549 958 614 28.
983 553 1130 616 ianuarii.
1465 575 1500 637 3¹

234 765 320 828 cives
344 779 473 828 nostros
497 765 618 850 pluries
634 766 827 849 perpetravit
852 781 882 829 et
903 766 989 848 lecit,
1013 780 1044 830 et
1067 785 1126 850 pro
1150 766 1226 849 ipsis
1250 767 1316 828 suis
1340 767 1502 850 nephariis

235 870 324 934 lactis
349 873 382 934 in
407 885 591 955 presentem
615 873 781 934 laternum
807 887 952 936 nostrum
977 872 1126 954 judiciale
1158 873 1355 956 proscriptus
1379 873 1503 950 extitit;

235 991 342 1040 tamen
368 977 446 1061 quia
471 978 619 1061 egregius
634 977 683 1040 vir
700 977 852 1040 dominus
876 979 1037 1042 Seboldus
1054 979 1238 1062 capitaneus
1254 991 1286 1042 et
1310 979 1503 1042 Benedictus

235 1085 275 1146 de
300 1085 470 1148 Kralewcz
494 1105 531 1148 ac
562 1085 617 1147 alii
641 1085 784 1148 seniores
815 1085 937 1166 judices
961 1085 1097 1148 civitatis
1127 1085 1270 1168 predicte
1299 1086 1406 1148 etalii
1431 1085 1502 1168 plu·

236 1191 308 1254 rimi
325 1192 420 1274 probi
442 1205 472 1254 et
496 1190 622 1254 honesti
644 1191 705 1253 viri
729 1191 873 1274 predicto
897 1191 1033 1254 Nicolao
1049 1190 1158 1274 judici,
1182 1192 1360 1275 juratisque
1384 1192 1503 1256 nostris

238 1297 404 1360 modernis
428 1317 465 1360 ac
489 1297 601 1361 ceteris
631 1297 788 1360 universis
819 1297 943 1360 civibus
967 1311 998 1360 et
1028 1297 1088 1360 toti
1120 1298 1343 1360 communitati
1369 1299 1505 1361 civitatis

237 1402 381 1485 predicte
404 1423 464 1488 pro
492 1403 608 1466 eodem
633 1403 762 1466 Thomu
780 1402 916 1467 Cheden
941 1404 973 1466 in
998 1424 1038 1466 eo
1054 1404 1286 1488 supplicarunt,
1311 1417 1345 1466 ut
1368 1405 1428 1466 sibi
1445 1425 1504 1488 pro

238 1509 391 1591 predictis
414 1511 481 1572 suis
504 1508 596 1572 factis
620 1509 782 1593 nephariis
797 1511 938 1592 graciam
964 1509 1141 1574 laceremus
1157 1511 1347 1594 specialcm;
1365 1510 1504 1593 ideoque

237 1635 296 1678 uos
318 1615 427 1698 judex,
451 1617 556 1699 jurati,
590 1617 764 1680 consiliarii
789 1631 819 1680 et
851 1617 992 1680 universi
1023 1617 1109 1679 cives
1132 1637 1168 1680 ac
1200 1630 1266 1681 tota
1290 1619 1505 1681 communitas

238 1722 376 1785 civitatis
399 1722 525 1806 prefato
549 1722 678 1786 Thome
703 1721 838 1786 Cheden
863 1743 922 1806 pro
940 1723 1092 1806 predictis
1114 1724 1180 1786 suis
1203 1721 1294 1786 lactis
1317 1725 1410 1786 malis
1433 1745 1504 1806 gra·

238 1829 319 1891 ciam
352 1843 384 1891 et
412 1829 667 1892 misericordiam
700 1828 836 1892 fecimus
866 1830 899 1892 in
931 1849 970 1892 co
993 1829 1178 1914 specialem,
1210 1844 1244 1892 ut
1268 1830 1334 1913 ipse
1359 1830 1505 1892 Thomas

239 1935 372 1998 Cheden
396 1935 541 2019 predicta
565 1934 646 1998 facta
670 1955 727 1998 sua
751 1937 835 2000 mala
860 1955 926 1999 non
950 1949 1084 1999 renovet
1115 1935 1171 1998 sed
1195 1936 1309 2018 pocius
1333 1935 1450 1998 defleat
1473 1949 1504 1998 et
1614 1988 1617 1992 .

239 2042 354 2104 similia
380 2042 458 2125 ipsis
482 2061 549 2104 non
573 2055 744 2127 perpetret,
769 2043 874 2125 quisi
900 2043 966 2127 ipsa
983 2043 1186 2105 renovaverit
1209 2055 1264 2104 aut
1287 2043 1404 2105 similia
1429 2042 1504 2126 ipsis

239 2150 350 2211 iterum
375 2149 618 2233 perpetraverit,
643 2163 759 2212 extunc
791 2149 877 2232 juxta
901 2170 958 2212 aua
989 2151 1144 2212 demerita
1170 2169 1285 2232 penam
1320 2168 1416 2230 quam
1449 2149 1502 2210 de·

239 2256 386 2318 meruerit
409 2267 628 2337 consequetur
651 2255 737 2337 juxta
761 2269 911 2320 contenta
935 2255 1096 2340 privilegii
1120 2256 1220 2318 nostri
1245 2256 1439 2318 communis.
