3738 5786
397 503 455 564 108
804 506 890 564 Anno
914 501 1004 583 1456.
1028 540 1072 549 —
1095 521 1142 568 21.
1167 509 1246 566 mati.

395 717 559 778 Ambrosii
584 717 640 780 filii
667 718 743 780 dieti
769 719 843 779 Jure
868 716 995 800 prefuit,
1020 731 1051 779 et
1075 731 1146 799 post
1169 729 1305 778 mortem
1324 716 1541 800 predictorum
1560 717 1659 778 Blasii

395 825 456 885 awi
482 837 512 885 et
537 824 715 906 Elyzabeth
747 825 857 886 matris
881 824 1025 886 eiusdem
1049 824 1211 886 Ambrosii
1236 843 1331 906 super
1355 823 1493 885 eundem
1519 824 1658 884 Ambro-

392 930 477 991 sium
502 929 635 992 unicum
653 929 804 992 heredem
830 950 941 992 eorum
959 930 1110 992 devoluta
1136 945 1182 992 est
1203 943 1233 992 et
1250 929 1479 992 condescendit
1503 929 1570 1012 jure
1588 949 1659 1010 per·

395 1049 493 1118 petuo
517 1036 725 1119 possidenda,
750 1049 780 1098 et
812 1037 886 1118 quia
912 1037 1002 1099 litera
1038 1037 1168 1118 antiqua
1194 1056 1251 1119 pro
1283 1050 1371 1118 parte
1396 1036 1496 1118 ipsius
1521 1035 1660 1097 condam

393 1142 493 1204 Blasii
517 1144 577 1204 awi
611 1143 711 1226 ipsius
734 1143 898 1204 Ambrosii
930 1163 1025 1225 super
1049 1143 1163 1205 eadem
1194 1157 1277 1205 terra
1306 1141 1451 1204 conlecta
1474 1142 1515 1204 ad
1540 1142 1658 1203 trinam

393 1247 554 1310 forensem
568 1263 599 1310 et
611 1250 775 1331 publicam
789 1250 1081 1332 proclamacionem
1092 1249 1208 1311 nullibi
1223 1249 1358 1311 inveniri
1372 1249 1488 1330 potuit,
1506 1249 1660 1328 idemque

394 1356 585 1417 Ambrosius
621 1371 693 1438 post
724 1371 861 1418 mortem
892 1357 1035 1439 ipsorum
1069 1356 1165 1418 Blasii
1190 1356 1250 1418 awi
1283 1371 1314 1417 et
1338 1355 1515 1438 Elyzabeth
1548 1355 1659 1416 matris

394 1461 539 1522 eiusdem
564 1463 727 1524 Ambrosii
753 1463 784 1524 in
818 1463 964 1524 dominio
996 1462 1140 1524 eiusdem
1164 1475 1247 1524 terre
1279 1461 1407 1523 arabilis
1430 1459 1562 1544 pacifice
1587 1481 1657 1542 per·

395 1569 512 1630 mansit
546 1588 648 1650 usque
685 1571 784 1632 modo
822 1569 952 1631 nemine
988 1569 1115 1652 penitus
1146 1569 1396 1647 contradicente,
1427 1567 1568 1649 ideoque
1600 1586 1661 1628 nos

392 1676 528 1737 eandem
553 1689 669 1738 terram
698 1678 851 1738 arabilem
874 1691 1012 1758 quatuor
1037 1677 1196 1737 dietarum
1214 1671 1319 1736 e'idem
1344 1675 1518 1736 Ambrosio
1542 1694 1580 1735 ac
1603 1693 1661 1756 per

392 1801 465 1843 eum
492 1783 557 1843 suis
583 1782 755 1844 heredibus
779 1783 949 1846 statuimus
982 1797 1138 1865 perpetuo
1169 1781 1398 1864 possidendam
1422 1797 1452 1842 et
1477 1777 1660 1862 quomodo·

392 1907 531 1969 cumque
557 1889 697 1951 voluerit
721 1889 969 1972 disponendam.

463 2102 467 2110 '
552 2105 648 2180 Feria
679 2117 776 2180 sexta
806 2112 961 2202 proxima
989 2117 1068 2181 ante
1100 2109 1222 2181 festam
1252 2109 1498 2181 Penthecostes.

936 2267 1001 2341 (14.
1026 2260 1122 2345 mair).

497 2401 575 2464 ltem
594 2403 670 2484 quia
688 2402 872 2465 Anthonius
889 2402 1079 2486 Oprasnych
1103 2422 1159 2484 per
1177 2401 1455 2482 adjudicacionem
1481 2399 1659 2481 juratorum

391 2507 608 2587 juramentum
633 2509 693 2570 sibi
719 2509 750 2570 in
769 2528 808 2571 eo
833 2509 1064 2589 adjudicatum,
1087 2523 1122 2570 ut
1148 2509 1213 2590 ipse
1238 2508 1361 2569 nullam
1380 2507 1550 2588 pecuniam
1568 2506 1660 2566 Jurse

391 2613 514 2675 Lorber
539 2613 578 2675 de
603 2615 695 2676 Nova
720 2615 858 2693 civitate,
883 2634 979 2696 quam
1005 2615 1090 2676 idem
1115 2615 1204 2675 lurae
1234 2613 1316 2695 Elye
1336 2614 1440 2674 sutori
1467 2611 1571 2692 jurato
1597 2631 1655 2671 no·

389 2733 454 2780 stro
487 2720 645 2782 moderno
678 2721 825 2798 misisset,
858 2722 897 2782 ab
931 2721 1045 2782 eodem
1079 2721 1170 2782 Jurse
1203 2720 1325 2781 Lorber
1361 2719 1565 2800 percepisset,
1598 2719 1655 2778 sed

390 2825 476 2888 idem
503 2827 593 2887 Jurse
620 2827 741 2888 Lorber
766 2845 861 2887 unam
897 2846 1037 2888 marcam
1066 2827 1284 2903 denariorum,
1317 2845 1414 2906 quam
1440 2826 1508 2906 ipse
1533 2823 1659 2885 Antho-

390 2931 463 2993 nius
489 2931 680 3015 Oprasnych
705 2953 763 3014 pro
788 2934 904 2994 eodem
923 2934 1014 2994 Jurse
1041 2934 1161 2994 lorber
1179 2932 1303 3014 prelato
1329 2932 1409 3014 Elye
1434 2933 1535 2992 sutori
1553 2930 1659 3010 jurato

388 3052 554 3120 tamquam
591 3037 760 3100 fideiussor
797 3040 894 3122 ipsius
931 3040 1052 3101 Lorber
1088 3039 1302 3120 persolverat,
1343 3039 1450 3100 eidem
1486 3037 1656 3099 Anthonio

391 3144 581 3227 Oprasnych
599 3146 759 3208 debitorie
775 3145 855 3226 juste
873 3147 1087 3227 obligaretur;
1112 3159 1142 3207 et
1159 3146 1234 3226 quia
1252 3146 1320 3226 ipse
1337 3143 1523 3206 Anthonius
1537 3143 1657 3225 Opras-

390 3251 472 3334 nych
498 3253 603 3334 ipsum
637 3253 852 3332 juramentum
892 3253 946 3313 uni
979 3252 1082 3332 jurato
1107 3253 1146 3313 ad
1176 3272 1290 3313 manus
1321 3252 1454 3313 nomine
1488 3249 1658 3312 Michaelis

389 3357 538 3441 pellificis
562 3359 661 3420 modo
680 3359 834 3440 premisso
852 3358 1014 3439 deposuit,
1037 3359 1111 3419 ideo
1137 3358 1204 3440 ipse
1222 3359 1313 3419 Jurse
1331 3359 1455 3419 Lorber
1479 3356 1657 3439 predictam

390 3483 529 3526 marcam
555 3464 760 3525 denariorum
780 3462 903 3546 prelato
922 3464 1088 3526 Anthonio
1107 3464 1296 3547 Oprasnych
1315 3477 1388 3546 post
1412 3463 1656 3546 deposicionem

389 3569 489 3650 ipsius
514 3569 684 3651 juramenti
710 3571 804 3651 plene
829 3570 983 3651 persolvit
1006 3589 1114 3631 coram
1140 3571 1244 3632 nobis.

496 3674 571 3736 ltem
595 3675 689 3738 Clara
708 3696 787 3737 uxor
804 3676 1062 3758 Ferenchewych
1080 3689 1111 3738 et
1129 3695 1208 3737 uror
1225 3676 1395 3738 Laurencii
1413 3676 1541 3738 clientis
1557 3676 1656 3737 servi·

388 3799 467 3860 toris
491 3800 614 3860 domini
633 3801 744 3862 lacobi
769 3801 809 3862 de
827 3800 993 3880 Zetdahel,
1016 3800 1161 3882 quelibet
1177 3801 1319 3882 ipsarum
1343 3801 1441 3862 tercia
1458 3821 1491 3860 se
1509 3801 1657 3882 personis

388 3905 449 3965 sibi
473 3905 631 3966 similibus
654 3919 767 3968 octavo
793 3907 845 3966 die
869 3926 964 3988 super
989 3926 1076 3968 aram
1095 3919 1205 3968 contra
1231 3907 1358 3969 Petrum
1385 3908 1490 3969 virum
1516 3907 1656 3968 condam

376 4011 591 4090 'Margarethe
617 4013 759 4073 mulieris
784 4012 887 4093 iurare
912 4014 1072 4074 tenebitur
1096 4033 1191 4095 super
1225 4033 1274 4091 e0,
1299 4026 1334 4076 ut
1358 4015 1426 4095 ipse
1451 4013 1576 4075 nullam
1601 4033 1656 4095 pe·

389 4116 517 4176 cuniam
542 4117 663 4198 prefate
689 4119 889 4198 Margarethe
914 4120 1058 4180 mulieris
1082 4121 1189 4180 uxoris
1229 4119 1374 4181 eiusdem
1401 4120 1485 4182 Petri
1510 4120 1550 4180 de
1575 4120 1653 4180 cista

390 4221 534 4283 eiusdem
560 4224 759 4304 Margarethe
785 4225 978 4307 recepissent
1009 4225 1108 4286 modo
1133 4225 1279 4306 aliquali,
1303 4227 1359 4288 sed
1386 4227 1574 4288 innocentes
1599 4245 1656 4308 pe-

390 4327 476 4388 nitus
500 4341 614 4392 essent.

506 4543 602 4618 Faria
631 4560 729 4621 sexta
758 4555 911 4640 proxima
940 4560 1018 4624 ante
1047 4552 1168 4624 festum
1197 4561 1315 4624 sancte
1342 4554 1538 4627 Trinitatis.

931 4707 991 4780 (21.
1014 4706 1107 4780 mair).

496 4841 573 4904 ltem
598 4844 673 4924 quia
699 4844 817 4905 Paulus
841 4845 935 4907 frater
966 4847 1108 4927 predicte
1134 4849 1334 4930 Margarethe
1367 4850 1513 4912 mulieris
1545 4852 1656 4914 uxoris

389 4945 489 5027 ipsius
514 4949 599 5010 Petri
624 4949 749 5010 clientis
767 4972 803 5012 ex
821 4953 1047 5014 commissione
1072 4955 1216 5016 eiusdem
1235 4957 1316 5017 Petri
1343 4957 1470 5022 clientis
1486 4972 1654 5043 tamquam
