<?xml version="1.0" encoding="UTF-8"?>
<!DOCTYPE html PUBLIC "-//W3C//DTD XHTML 1.0 Transitional//EN"
    "http://www.w3.org/TR/xhtml1/DTD/xhtml1-transitional.dtd">
<html xmlns="http://www.w3.org/1999/xhtml" xml:lang="en" lang="en">
 <head>
  <title>
</title>
<meta http-equiv="Content-Type" content="text/html;charset=utf-8" />
  <meta name='ocr-system' content='tesseract 3.04.00' />
  <meta name='ocr-capabilities' content='ocr_page ocr_carea ocr_par ocr_line ocrx_word'/>
</head>
<body>
  <div class='ocr_page' id='page_1' title='image "./monumentahistor13laszgoog_0466.png"; bbox 0 0 3838 5786; ppageno 0'>
   <div class='ocr_carea' id='block_1_1' title="bbox 1273 641 1637 651">
    <p class='ocr_par' dir='ltr' id='par_1_1' title="bbox 1273 641 1637 651">
     <span class='ocr_line' id='line_1_1' title="bbox 1273 641 1637 651; baseline -0.008 0"><span class='ocrx_word' id='word_1_1' title='bbox 1273 645 1539 651; x_wconf 74' lang='lat'><em>——-..-—--</em></span> <span class='ocrx_word' id='word_1_2' title='bbox 1569 641 1637 649; x_wconf 46' lang='grc' dir='ltr'>ἡ.-</span> 
     </span>
    </p>
   </div>
   <div class='ocr_carea' id='block_1_2' title="bbox 384 541 1235 623">
    <p class='ocr_par' dir='ltr' id='par_1_2' title="bbox 384 541 1235 623">
     <span class='ocr_line' id='line_1_2' title="bbox 384 541 1235 623; baseline -0.009 -17"><span class='ocrx_word' id='word_1_3' title='bbox 384 545 449 623; x_wconf 79' lang='lat'>406</span> <span class='ocrx_word' id='word_1_4' title='bbox 792 544 881 600; x_wconf 82' lang='lat' dir='ltr'>Anno</span> <span class='ocrx_word' id='word_1_5' title='bbox 904 552 994 617; x_wconf 82' lang='lat'><em>1472.</em></span> <span class='ocrx_word' id='word_1_6' title='bbox 1020 573 1062 582; x_wconf 94' lang='lat'>—</span> <span class='ocrx_word' id='word_1_7' title='bbox 1080 553 1135 616; x_wconf 74' lang='lat'>31.</span> <span class='ocrx_word' id='word_1_8' title='bbox 1152 541 1235 615; x_wconf 75' lang='lat' dir='ltr'>julii.</span> 
     </span>
    </p>
   </div>
   <div class='ocr_carea' id='block_1_3' title="bbox 386 749 1658 4030">
    <p class='ocr_par' dir='ltr' id='par_1_3' title="bbox 386 749 1653 1048">
     <span class='ocr_line' id='line_1_3' title="bbox 386 749 1650 839; baseline -0.009 -20"><span class='ocrx_word' id='word_1_9' title='bbox 386 778 487 839; x_wconf 86' lang='lat' dir='ltr'>usque</span> <span class='ocrx_word' id='word_1_10' title='bbox 513 757 580 838; x_wconf 91' lang='lat' dir='ltr'>ipse</span> <span class='ocrx_word' id='word_1_11' title='bbox 605 754 722 836; x_wconf 89' lang='lat' dir='ltr'>Radoy</span> <span class='ocrx_word' id='word_1_12' title='bbox 747 767 793 815; x_wconf 86' lang='lat' dir='ltr'>est</span> <span class='ocrx_word' id='word_1_13' title='bbox 819 754 849 814; x_wconf 92' lang='lat' dir='ltr'>in</span> <span class='ocrx_word' id='word_1_14' title='bbox 877 753 946 834; x_wconf 88' lang='lat' dir='ltr'>ipso</span> <span class='ocrx_word' id='word_1_15' title='bbox 971 752 1060 813; x_wconf 89' lang='lat' dir='ltr'>salvo</span> <span class='ocrx_word' id='word_1_16' title='bbox 1078 750 1260 826; x_wconf 90' lang='lat' dir='ltr'>conductu;</span> <span class='ocrx_word' id='word_1_17' title='bbox 1285 750 1407 830; x_wconf 89' lang='lat' dir='ltr'>dequo</span> <span class='ocrx_word' id='word_1_18' title='bbox 1431 749 1552 831; x_wconf 87' lang='lat' dir='ltr'>judicio</span> <span class='ocrx_word' id='word_1_19' title='bbox 1570 749 1650 829; x_wconf 88' lang='lat' dir='ltr'>jura-</span> 
     </span>
     <span class='ocr_line' id='line_1_4' title="bbox 386 856 1653 945; baseline -0.009 -19"><span class='ocrx_word' id='word_1_20' title='bbox 386 879 492 927; x_wconf 86' lang='lat' dir='ltr'>torum</span> <span class='ocrx_word' id='word_1_21' title='bbox 518 865 584 945; x_wconf 88' lang='lat' dir='ltr'>ipse</span> <span class='ocrx_word' id='word_1_22' title='bbox 610 861 725 944; x_wconf 81' lang='lat' dir='ltr'>Radoy</span> <span class='ocrx_word' id='word_1_23' title='bbox 751 880 816 921; x_wconf 96' lang='lat' dir='ltr'>non</span> <span class='ocrx_word' id='word_1_24' title='bbox 834 873 1003 920; x_wconf 87' lang='lat' dir='ltr'>contentus</span> <span class='ocrx_word' id='word_1_25' title='bbox 1020 857 1156 920; x_wconf 89' lang='lat' dir='ltr'>candem</span> <span class='ocrx_word' id='word_1_26' title='bbox 1175 875 1303 917; x_wconf 86' lang='lat' dir='ltr'>causam</span> <span class='ocrx_word' id='word_1_27' title='bbox 1327 856 1502 938; x_wconf 88' lang='lat' dir='ltr'>appellavit</span> <span class='ocrx_word' id='word_1_28' title='bbox 1527 856 1558 916; x_wconf 93' lang='lat' dir='ltr'>in</span> <span class='ocrx_word' id='word_1_29' title='bbox 1584 876 1653 936; x_wconf 92' lang='lat' dir='ltr'>pre-</span> 
     </span>
     <span class='ocr_line' id='line_1_5' title="bbox 386 965 898 1048; baseline -0.01 -15"><span class='ocrx_word' id='word_1_30' title='bbox 386 971 527 1033; x_wconf 89' lang='lat' dir='ltr'>senciam</span> <span class='ocrx_word' id='word_1_31' title='bbox 553 968 718 1029; x_wconf 88' lang='lat' dir='ltr'>seniorum</span> <span class='ocrx_word' id='word_1_32' title='bbox 744 965 898 1048; x_wconf 85' lang='lat' dir='ltr'>judicum.</span> 
     </span>
    </p>

    <p class='ocr_par' dir='ltr' id='par_1_4' title="bbox 388 1068 1656 1882">
     <span class='ocr_line' id='line_1_6' title="bbox 492 1068 1653 1151; baseline -0.007 -15"><span class='ocrx_word' id='word_1_33' title='bbox 492 1076 571 1137; x_wconf 91' lang='lat' dir='ltr'>ltem</span> <span class='ocrx_word' id='word_1_34' title='bbox 597 1093 724 1136; x_wconf 90' lang='lat' dir='ltr'>causam</span> <span class='ocrx_word' id='word_1_35' title='bbox 750 1073 832 1134; x_wconf 90' lang='lat' dir='ltr'>inter</span> <span class='ocrx_word' id='word_1_36' title='bbox 857 1070 1046 1132; x_wconf 87' lang='lat' dir='ltr'>Gurkonem</span> <span class='ocrx_word' id='word_1_37' title='bbox 1072 1068 1111 1131; x_wconf 91' lang='lat' dir='ltr'>de</span> <span class='ocrx_word' id='word_1_38' title='bbox 1138 1069 1298 1151; x_wconf 85' lang='lat' dir='ltr'>Pobresya</span> <span class='ocrx_word' id='word_1_39' title='bbox 1322 1081 1353 1130; x_wconf 91' lang='lat' dir='ltr'>et</span> <span class='ocrx_word' id='word_1_40' title='bbox 1379 1069 1461 1129; x_wconf 90' lang='lat' dir='ltr'>inter</span> <span class='ocrx_word' id='word_1_41' title='bbox 1484 1068 1653 1128; x_wconf 93' lang='lat' dir='ltr'>dominum</span> 
     </span>
     <span class='ocr_line' id='line_1_7' title="bbox 388 1173 1653 1262; baseline -0.008 -19"><span class='ocrx_word' id='word_1_42' title='bbox 388 1181 567 1262; x_wconf 81' lang='lat' dir='ltr'>Georgium</span> <span class='ocrx_word' id='word_1_43' title='bbox 599 1180 773 1262; x_wconf 83' lang='lat' dir='ltr'>plebanum</span> <span class='ocrx_word' id='word_1_44' title='bbox 807 1177 898 1238; x_wconf 87' lang='lat' dir='ltr'>beate</span> <span class='ocrx_word' id='word_1_45' title='bbox 932 1175 1132 1257; x_wconf 89' lang='lat' dir='ltr'>Margaretbe</span> <span class='ocrx_word' id='word_1_46' title='bbox 1165 1175 1295 1237; x_wconf 77' lang='lat' dir='ltr'>racione</span> <span class='ocrx_word' id='word_1_47' title='bbox 1329 1173 1403 1236; x_wconf 83' lang='lat' dir='ltr'>furti</span> <span class='ocrx_word' id='word_1_48' title='bbox 1438 1173 1653 1255; x_wconf 89' lang='lat' dir='ltr'>quorumdam</span> 
     </span>
     <span class='ocr_line' id='line_1_8' title="bbox 389 1280 1654 1369; baseline -0.006 -20"><span class='ocrx_word' id='word_1_49' title='bbox 389 1287 605 1369; x_wconf 90' lang='lat' dir='ltr'>ingeniorum,</span> <span class='ocrx_word' id='word_1_50' title='bbox 629 1286 725 1347; x_wconf 91' lang='lat' dir='ltr'>unius</span> <span class='ocrx_word' id='word_1_51' title='bbox 749 1284 823 1344; x_wconf 87' lang='lat' dir='ltr'>retis</span> <span class='ocrx_word' id='word_1_52' title='bbox 845 1283 945 1363; x_wconf 87' lang='lat' dir='ltr'>vulgo</span> <span class='ocrx_word' id='word_1_53' title='bbox 974 1282 1094 1365; x_wconf 86' lang='lat' dir='ltr'>plawar</span> <span class='ocrx_word' id='word_1_54' title='bbox 1123 1295 1153 1344; x_wconf 91' lang='lat' dir='ltr'>et</span> <span class='ocrx_word' id='word_1_55' title='bbox 1177 1281 1313 1364; x_wconf 88' lang='lat' dir='ltr'>plumbi,</span> <span class='ocrx_word' id='word_1_56' title='bbox 1333 1281 1426 1362; x_wconf 87' lang='lat' dir='ltr'>jurari</span> <span class='ocrx_word' id='word_1_57' title='bbox 1452 1280 1654 1361; x_wconf 83' lang='lat' dir='ltr'>adjudicave-</span> 
     </span>
     <span class='ocr_line' id='line_1_9' title="bbox 388 1387 1656 1473; baseline -0.005 -18"><span class='ocrx_word' id='word_1_58' title='bbox 388 1410 462 1456; x_wconf 93' lang='lat' dir='ltr'>runt</span> <span class='ocrx_word' id='word_1_59' title='bbox 492 1393 607 1472; x_wconf 90' lang='lat' dir='ltr'>taliter,</span> <span class='ocrx_word' id='word_1_60' title='bbox 632 1391 707 1473; x_wconf 88' lang='lat' dir='ltr'>quia</span> <span class='ocrx_word' id='word_1_61' title='bbox 740 1391 806 1473; x_wconf 87' lang='lat' dir='ltr'>ipse</span> <span class='ocrx_word' id='word_1_62' title='bbox 840 1389 953 1451; x_wconf 93' lang='lat' dir='ltr'>Gurko</span> <span class='ocrx_word' id='word_1_63' title='bbox 986 1389 1209 1472; x_wconf 82' lang='lat' dir='ltr'>comprobavit</span> <span class='ocrx_word' id='word_1_64' title='bbox 1241 1406 1314 1450; x_wconf 91' lang='lat' dir='ltr'>curn</span> <span class='ocrx_word' id='word_1_65' title='bbox 1351 1401 1424 1449; x_wconf 92' lang='lat' dir='ltr'>octo</span> <span class='ocrx_word' id='word_1_66' title='bbox 1450 1387 1593 1469; x_wconf 88' lang='lat' dir='ltr'>personis</span> <span class='ocrx_word' id='word_1_67' title='bbox 1625 1401 1656 1450; x_wconf 91' lang='lat' dir='ltr'>et</span> 
     </span>
     <span class='ocr_line' id='line_1_10' title="bbox 389 1493 1655 1581; baseline -0.006 -19"><span class='ocrx_word' id='word_1_68' title='bbox 389 1501 523 1562; x_wconf 88' lang='lat' dir='ltr'>testibus</span> <span class='ocrx_word' id='word_1_69' title='bbox 547 1499 633 1581; x_wconf 91' lang='lat' dir='ltr'>quod</span> <span class='ocrx_word' id='word_1_70' title='bbox 660 1499 727 1580; x_wconf 90' lang='lat' dir='ltr'>ipsa</span> <span class='ocrx_word' id='word_1_71' title='bbox 754 1497 883 1577; x_wconf 90' lang='lat' dir='ltr'>ingenia</span> <span class='ocrx_word' id='word_1_72' title='bbox 908 1497 1007 1578; x_wconf 85' lang='lat' dir='ltr'>ipsius</span> <span class='ocrx_word' id='word_1_73' title='bbox 1025 1495 1197 1558; x_wconf 89' lang='lat' dir='ltr'>Gwrkonis</span> <span class='ocrx_word' id='word_1_74' title='bbox 1221 1493 1350 1556; x_wconf 83' lang='lat' dir='ltr'>fuerunt</span> <span class='ocrx_word' id='word_1_75' title='bbox 1373 1513 1431 1576; x_wconf 94' lang='lat' dir='ltr'>pro</span> <span class='ocrx_word' id='word_1_76' title='bbox 1448 1512 1528 1575; x_wconf 93' lang='lat' dir='ltr'>puro</span> <span class='ocrx_word' id='word_1_77' title='bbox 1546 1493 1655 1555; x_wconf 90' lang='lat' dir='ltr'>debito</span> 
     </span>
     <span class='ocr_line' id='line_1_11' title="bbox 391 1599 1655 1690; baseline -0.006 -21"><span class='ocrx_word' id='word_1_78' title='bbox 391 1608 490 1690; x_wconf 90' lang='lat' dir='ltr'>ipsius</span> <span class='ocrx_word' id='word_1_79' title='bbox 514 1605 638 1666; x_wconf 91' lang='lat' dir='ltr'>domini</span> <span class='ocrx_word' id='word_1_80' title='bbox 664 1603 808 1685; x_wconf 84' lang='lat' dir='ltr'>Georgii,</span> <span class='ocrx_word' id='word_1_81' title='bbox 825 1605 954 1665; x_wconf 81' lang='lat' dir='ltr'>racione</span> <span class='ocrx_word' id='word_1_82' title='bbox 979 1603 1078 1685; x_wconf 91' lang='lat' dir='ltr'>ipsius</span> <span class='ocrx_word' id='word_1_83' title='bbox 1094 1599 1169 1664; x_wconf 84' lang='lat' dir='ltr'>furti</span> <span class='ocrx_word' id='word_1_84' title='bbox 1194 1602 1302 1663; x_wconf 93' lang='lat' dir='ltr'>sinon</span> <span class='ocrx_word' id='word_1_85' title='bbox 1321 1613 1402 1662; x_wconf 86' lang='lat' dir='ltr'>esset</span> <span class='ocrx_word' id='word_1_86' title='bbox 1425 1601 1574 1662; x_wconf 83' lang='lat' dir='ltr'>sacerdos</span> <span class='ocrx_word' id='word_1_87' title='bbox 1591 1620 1655 1662; x_wconf 89' lang='lat' dir='ltr'>una</span> 
     </span>
     <span class='ocr_line' id='line_1_12' title="bbox 389 1706 1654 1776; baseline -0.007 -1"><span class='ocrx_word' id='word_1_88' title='bbox 389 1712 533 1776; x_wconf 86' lang='lat' dir='ltr'>auricula</span> <span class='ocrx_word' id='word_1_89' title='bbox 565 1711 686 1773; x_wconf 83' lang='lat' dir='ltr'>abscidi</span> <span class='ocrx_word' id='word_1_90' title='bbox 720 1711 851 1772; x_wconf 89' lang='lat' dir='ltr'>deberet</span> <span class='ocrx_word' id='word_1_91' title='bbox 883 1723 913 1771; x_wconf 87' lang='lat' dir='ltr'>et</span> <span class='ocrx_word' id='word_1_92' title='bbox 946 1709 1095 1770; x_wconf 85' lang='lat' dir='ltr'>introitus</span> <span class='ocrx_word' id='word_1_93' title='bbox 1126 1707 1276 1770; x_wconf 91' lang='lat' dir='ltr'>territorii</span> <span class='ocrx_word' id='word_1_94' title='bbox 1313 1707 1395 1768; x_wconf 89' lang='lat' dir='ltr'>dicte</span> <span class='ocrx_word' id='word_1_95' title='bbox 1427 1707 1563 1768; x_wconf 87' lang='lat' dir='ltr'>civitatis</span> <span class='ocrx_word' id='word_1_96' title='bbox 1594 1706 1654 1766; x_wconf 89' lang='lat' dir='ltr'>sibi</span> 
     </span>
     <span class='ocr_line' id='line_1_13' title="bbox 389 1819 548 1882; baseline -0.019 0"><span class='ocrx_word' id='word_1_97' title='bbox 389 1819 548 1882; x_wconf 88' lang='lat' dir='ltr'>interdici.</span> 
     </span>
    </p>

    <p class='ocr_par' dir='ltr' id='par_1_5' title="bbox 388 1918 1657 3178">
     <span class='ocr_line' id='line_1_14' title="bbox 495 1918 1654 2000; baseline -0.006 -14"><span class='ocrx_word' id='word_1_98' title='bbox 495 1925 573 1987; x_wconf 90' lang='lat' dir='ltr'>ltem</span> <span class='ocrx_word' id='word_1_99' title='bbox 596 1943 724 1986; x_wconf 88' lang='lat' dir='ltr'>causam</span> <span class='ocrx_word' id='word_1_100' title='bbox 750 1924 832 1984; x_wconf 92' lang='lat' dir='ltr'>inter</span> <span class='ocrx_word' id='word_1_101' title='bbox 856 1921 982 1985; x_wconf 88' lang='lat' dir='ltr'>Charen</span> <span class='ocrx_word' id='word_1_102' title='bbox 1016 1919 1143 1984; x_wconf 85' lang='lat' dir='ltr'>fabrum</span> <span class='ocrx_word' id='word_1_103' title='bbox 1169 1933 1199 1981; x_wconf 91' lang='lat' dir='ltr'>et</span> <span class='ocrx_word' id='word_1_104' title='bbox 1232 1919 1314 1982; x_wconf 90' lang='lat' dir='ltr'>inter</span> <span class='ocrx_word' id='word_1_105' title='bbox 1346 1919 1537 1981; x_wconf 91' lang='lat' dir='ltr'>Michaelem</span> <span class='ocrx_word' id='word_1_106' title='bbox 1563 1918 1654 2000; x_wconf 93' lang='lat' dir='ltr'>pelli·</span> 
     </span>
     <span class='ocr_line' id='line_1_15' title="bbox 388 2025 1655 2096; baseline -0.006 0"><span class='ocrx_word' id='word_1_107' title='bbox 388 2033 480 2096; x_wconf 88' lang='lat' dir='ltr'>ficem</span> <span class='ocrx_word' id='word_1_108' title='bbox 506 2033 634 2095; x_wconf 90' lang='lat' dir='ltr'>racione</span> <span class='ocrx_word' id='word_1_109' title='bbox 666 2031 848 2093; x_wconf 88' lang='lat' dir='ltr'>amissionis</span> <span class='ocrx_word' id='word_1_110' title='bbox 882 2045 1041 2092; x_wconf 90' lang='lat' dir='ltr'>certorum</span> <span class='ocrx_word' id='word_1_111' title='bbox 1074 2031 1195 2090; x_wconf 90' lang='lat' dir='ltr'>bovum</span> <span class='ocrx_word' id='word_1_112' title='bbox 1226 2047 1358 2090; x_wconf 91' lang='lat' dir='ltr'>suorum</span> <span class='ocrx_word' id='word_1_113' title='bbox 1392 2041 1423 2089; x_wconf 90' lang='lat' dir='ltr'>et</span> <span class='ocrx_word' id='word_1_114' title='bbox 1453 2025 1578 2088; x_wconf 92' lang='lat' dir='ltr'>domini</span> <span class='ocrx_word' id='word_1_115' title='bbox 1603 2027 1655 2088; x_wconf 89' lang='lat' dir='ltr'>Jo-</span> 
     </span>
     <span class='ocr_line' id='line_1_16' title="bbox 390 2133 1655 2222; baseline -0.007 -20"><span class='ocrx_word' id='word_1_116' title='bbox 390 2141 516 2219; x_wconf 88' lang='lat' dir='ltr'>bannis,</span> <span class='ocrx_word' id='word_1_117' title='bbox 540 2153 570 2200; x_wconf 91' lang='lat' dir='ltr'>et</span> <span class='ocrx_word' id='word_1_118' title='bbox 594 2138 825 2222; x_wconf 86' lang='lat' dir='ltr'>captivacionis</span> <span class='ocrx_word' id='word_1_119' title='bbox 848 2137 1015 2199; x_wconf 85' lang='lat' dir='ltr'>cuiusdam</span> <span class='ocrx_word' id='word_1_120' title='bbox 1045 2135 1186 2198; x_wconf 87' lang='lat' dir='ltr'>hominis</span> <span class='ocrx_word' id='word_1_121' title='bbox 1217 2135 1257 2195; x_wconf 92' lang='lat' dir='ltr'>de</span> <span class='ocrx_word' id='word_1_122' title='bbox 1282 2135 1440 2218; x_wconf 83' lang='lat' dir='ltr'>Bosyalro,</span> <span class='ocrx_word' id='word_1_123' title='bbox 1464 2152 1562 2214; x_wconf 91' lang='lat' dir='ltr'>quem</span> <span class='ocrx_word' id='word_1_124' title='bbox 1588 2133 1655 2214; x_wconf 90' lang='lat' dir='ltr'>ipse</span> 
     </span>
     <span class='ocr_line' id='line_1_17' title="bbox 391 2239 1655 2330; baseline -0.007 -21"><span class='ocrx_word' id='word_1_125' title='bbox 391 2247 529 2310; x_wconf 90' lang='lat' dir='ltr'>Michael</span> <span class='ocrx_word' id='word_1_126' title='bbox 562 2245 692 2330; x_wconf 82' lang='lat' dir='ltr'>pellifex</span> <span class='ocrx_word' id='word_1_127' title='bbox 717 2245 757 2306; x_wconf 86' lang='lat' dir='ltr'>ad</span> <span class='ocrx_word' id='word_1_128' title='bbox 789 2265 904 2306; x_wconf 87' lang='lat' dir='ltr'>manus</span> <span class='ocrx_word' id='word_1_129' title='bbox 937 2243 1079 2306; x_wconf 91' lang='lat' dir='ltr'>Conradi</span> <span class='ocrx_word' id='word_1_130' title='bbox 1114 2244 1244 2304; x_wconf 87' lang='lat' dir='ltr'>Rawsar</span> <span class='ocrx_word' id='word_1_131' title='bbox 1274 2255 1390 2303; x_wconf 91' lang='lat' dir='ltr'>eotunc</span> <span class='ocrx_word' id='word_1_132' title='bbox 1414 2239 1529 2320; x_wconf 82' lang='lat' dir='ltr'>judicis</span> <span class='ocrx_word' id='word_1_133' title='bbox 1560 2253 1591 2302; x_wconf 92' lang='lat' dir='ltr'>et</span> <span class='ocrx_word' id='word_1_134' title='bbox 1623 2241 1655 2301; x_wconf 93' lang='lat' dir='ltr'>in</span> 
     </span>
     <span class='ocr_line' id='line_1_18' title="bbox 390 2346 1655 2431; baseline -0.007 -16"><span class='ocrx_word' id='word_1_135' title='bbox 390 2373 549 2416; x_wconf 89' lang='lat' dir='ltr'>carcerem</span> <span class='ocrx_word' id='word_1_136' title='bbox 575 2353 817 2414; x_wconf 85' lang='lat' dir='ltr'>communitatis</span> <span class='ocrx_word' id='word_1_137' title='bbox 848 2351 992 2429; x_wconf 85' lang='lat' dir='ltr'>dederat,</span> <span class='ocrx_word' id='word_1_138' title='bbox 1025 2349 1117 2431; x_wconf 84' lang='lat' dir='ltr'>jurati</span> <span class='ocrx_word' id='word_1_139' title='bbox 1143 2349 1249 2411; x_wconf 91' lang='lat' dir='ltr'>taliter</span> <span class='ocrx_word' id='word_1_140' title='bbox 1280 2347 1556 2427; x_wconf 84' lang='lat' dir='ltr'>adjudicaverunt,</span> <span class='ocrx_word' id='word_1_141' title='bbox 1580 2346 1655 2426; x_wconf 90' lang='lat' dir='ltr'>quia</span> 
     </span>
     <span class='ocr_line' id='line_1_19' title="bbox 391 2453 1656 2544; baseline -0.008 -22"><span class='ocrx_word' id='word_1_142' title='bbox 391 2462 458 2544; x_wconf 90' lang='lat' dir='ltr'>ipse</span> <span class='ocrx_word' id='word_1_143' title='bbox 483 2459 655 2522; x_wconf 91' lang='lat' dir='ltr'>Conradus</span> <span class='ocrx_word' id='word_1_144' title='bbox 673 2459 804 2519; x_wconf 81' lang='lat' dir='ltr'>Rawsar</span> <span class='ocrx_word' id='word_1_145' title='bbox 821 2459 924 2539; x_wconf 91' lang='lat' dir='ltr'>ipsum</span> <span class='ocrx_word' id='word_1_146' title='bbox 949 2457 1112 2539; x_wconf 89' lang='lat' dir='ltr'>captivum</span> <span class='ocrx_word' id='word_1_147' title='bbox 1137 2456 1205 2516; x_wconf 89' lang='lat' dir='ltr'>sine</span> <span class='ocrx_word' id='word_1_148' title='bbox 1222 2455 1387 2516; x_wconf 91' lang='lat' dir='ltr'>voluntate</span> <span class='ocrx_word' id='word_1_149' title='bbox 1405 2467 1436 2515; x_wconf 89' lang='lat' dir='ltr'>et</span> <span class='ocrx_word' id='word_1_150' title='bbox 1460 2453 1540 2513; x_wconf 89' lang='lat' dir='ltr'>scitu</span> <span class='ocrx_word' id='word_1_151' title='bbox 1558 2453 1656 2534; x_wconf 89' lang='lat' dir='ltr'>ipsius</span> 
     </span>
     <span class='ocr_line' id='line_1_20' title="bbox 391 2559 1656 2645; baseline -0.008 -16"><span class='ocrx_word' id='word_1_152' title='bbox 391 2566 558 2629; x_wconf 85' lang='lat' dir='ltr'>Michaelis</span> <span class='ocrx_word' id='word_1_153' title='bbox 582 2565 620 2626; x_wconf 91' lang='lat' dir='ltr'>de</span> <span class='ocrx_word' id='word_1_154' title='bbox 647 2584 771 2626; x_wconf 90' lang='lat' dir='ltr'>carcere</span> <span class='ocrx_word' id='word_1_155' title='bbox 797 2564 912 2641; x_wconf 88' lang='lat' dir='ltr'>emisit,</span> <span class='ocrx_word' id='word_1_156' title='bbox 938 2565 1005 2645; x_wconf 89' lang='lat' dir='ltr'>ipse</span> <span class='ocrx_word' id='word_1_157' title='bbox 1032 2562 1170 2624; x_wconf 89' lang='lat' dir='ltr'>Michael</span> <span class='ocrx_word' id='word_1_158' title='bbox 1186 2562 1342 2623; x_wconf 88' lang='lat' dir='ltr'>solusmet</span> <span class='ocrx_word' id='word_1_159' title='bbox 1366 2559 1470 2642; x_wconf 85' lang='lat' dir='ltr'>jurare</span> <span class='ocrx_word' id='word_1_160' title='bbox 1494 2559 1656 2621; x_wconf 87' lang='lat' dir='ltr'>tenebitur</span> 
     </span>
     <span class='ocr_line' id='line_1_21' title="bbox 391 2665 1656 2753; baseline -0.006 -19"><span class='ocrx_word' id='word_1_161' title='bbox 391 2673 468 2734; x_wconf 84' lang='lat' dir='ltr'>feria</span> <span class='ocrx_word' id='word_1_162' title='bbox 493 2686 579 2734; x_wconf 90' lang='lat' dir='ltr'>sexta</span> <span class='ocrx_word' id='word_1_163' title='bbox 604 2671 749 2753; x_wconf 82' lang='lat' dir='ltr'>proxime</span> <span class='ocrx_word' id='word_1_164' title='bbox 767 2683 910 2748; x_wconf 92' lang='lat' dir='ltr'>ventura,</span> <span class='ocrx_word' id='word_1_165' title='bbox 937 2669 1024 2750; x_wconf 95' lang='lat' dir='ltr'>quod</span> <span class='ocrx_word' id='word_1_166' title='bbox 1050 2669 1117 2750; x_wconf 87' lang='lat' dir='ltr'>ipse</span> <span class='ocrx_word' id='word_1_167' title='bbox 1142 2670 1273 2729; x_wconf 89' lang='lat' dir='ltr'>Rawsar</span> <span class='ocrx_word' id='word_1_168' title='bbox 1290 2665 1430 2728; x_wconf 90' lang='lat' dir='ltr'>eundern</span> <span class='ocrx_word' id='word_1_169' title='bbox 1448 2665 1553 2727; x_wconf 86' lang='lat' dir='ltr'>emisit</span> <span class='ocrx_word' id='word_1_170' title='bbox 1578 2683 1656 2727; x_wconf 92' lang='lat' dir='ltr'>eun-</span> 
     </span>
     <span class='ocr_line' id='line_1_22' title="bbox 391 2771 1656 2858; baseline -0.006 -18"><span class='ocrx_word' id='word_1_171' title='bbox 391 2779 465 2840; x_wconf 93' lang='lat' dir='ltr'>dem</span> <span class='ocrx_word' id='word_1_172' title='bbox 489 2777 654 2839; x_wconf 92' lang='lat' dir='ltr'>bominem</span> <span class='ocrx_word' id='word_1_173' title='bbox 681 2777 719 2837; x_wconf 90' lang='lat' dir='ltr'>de</span> <span class='ocrx_word' id='word_1_174' title='bbox 744 2796 868 2838; x_wconf 89' lang='lat' dir='ltr'>carcere</span> <span class='ocrx_word' id='word_1_175' title='bbox 894 2790 924 2837; x_wconf 92' lang='lat' dir='ltr'>et</span> <span class='ocrx_word' id='word_1_176' title='bbox 956 2776 1151 2858; x_wconf 88' lang='lat' dir='ltr'>captivitate,</span> <span class='ocrx_word' id='word_1_177' title='bbox 1183 2789 1214 2836; x_wconf 92' lang='lat' dir='ltr'>et</span> <span class='ocrx_word' id='word_1_178' title='bbox 1238 2774 1316 2834; x_wconf 90' lang='lat' dir='ltr'>dum</span> <span class='ocrx_word' id='word_1_179' title='bbox 1349 2773 1466 2854; x_wconf 87' lang='lat' dir='ltr'>jurabit</span> <span class='ocrx_word' id='word_1_180' title='bbox 1488 2785 1566 2834; x_wconf 88' lang='lat' dir='ltr'>tunc</span> <span class='ocrx_word' id='word_1_181' title='bbox 1590 2771 1656 2853; x_wconf 88' lang='lat' dir='ltr'>ipse</span> 
     </span>
     <span class='ocr_line' id='line_1_23' title="bbox 392 2879 1657 2965; baseline -0.006 -20"><span class='ocrx_word' id='word_1_182' title='bbox 392 2884 520 2947; x_wconf 90' lang='lat' dir='ltr'>Charen</span> <span class='ocrx_word' id='word_1_183' title='bbox 545 2884 640 2945; x_wconf 90' lang='lat' dir='ltr'>debet</span> <span class='ocrx_word' id='word_1_184' title='bbox 665 2883 815 2965; x_wconf 89' lang='lat' dir='ltr'>prosequi</span> <span class='ocrx_word' id='word_1_185' title='bbox 849 2882 982 2944; x_wconf 89' lang='lat' dir='ltr'>heredes</span> <span class='ocrx_word' id='word_1_186' title='bbox 1015 2882 1114 2963; x_wconf 89' lang='lat' dir='ltr'>ipsius</span> <span class='ocrx_word' id='word_1_187' title='bbox 1146 2881 1282 2942; x_wconf 94' lang='lat' dir='ltr'>condam</span> <span class='ocrx_word' id='word_1_188' title='bbox 1314 2880 1445 2940; x_wconf 86' lang='lat' dir='ltr'>Rawsar</span> <span class='ocrx_word' id='word_1_189' title='bbox 1470 2897 1528 2960; x_wconf 94' lang='lat' dir='ltr'>pro</span> <span class='ocrx_word' id='word_1_190' title='bbox 1553 2879 1657 2939; x_wconf 89' lang='lat' dir='ltr'>bobus</span> 
     </span>
     <span class='ocr_line' id='line_1_24' title="bbox 392 2984 1655 3072; baseline -0.006 -20"><span class='ocrx_word' id='word_1_191' title='bbox 392 3005 423 3052; x_wconf 91' lang='lat' dir='ltr'>et</span> <span class='ocrx_word' id='word_1_192' title='bbox 447 2991 589 3072; x_wconf 91' lang='lat' dir='ltr'>dampno</span> <span class='ocrx_word' id='word_1_193' title='bbox 614 2990 696 3066; x_wconf 80' lang='lat' dir='ltr'>suis3</span> <span class='ocrx_word' id='word_1_194' title='bbox 722 2989 760 3050; x_wconf 92' lang='lat' dir='ltr'>de</span> <span class='ocrx_word' id='word_1_195' title='bbox 793 3009 858 3071; x_wconf 94' lang='lat' dir='ltr'>quo</span> <span class='ocrx_word' id='word_1_196' title='bbox 890 2988 1010 3070; x_wconf 90' lang='lat' dir='ltr'>judicio</span> <span class='ocrx_word' id='word_1_197' title='bbox 1042 2988 1218 3070; x_wconf 74' lang='lat' dir='ltr'>juratorum</span> <span class='ocrx_word' id='word_1_198' title='bbox 1252 2987 1318 3068; x_wconf 89' lang='lat' dir='ltr'>ipse</span> <span class='ocrx_word' id='word_1_199' title='bbox 1344 2985 1506 3047; x_wconf 91' lang='lat' dir='ltr'>Fabianus</span> <span class='ocrx_word' id='word_1_200' title='bbox 1531 2984 1655 3046; x_wconf 87' lang='lat' dir='ltr'>Czaren</span> 
     </span>
     <span class='ocr_line' id='line_1_25' title="bbox 391 3093 1347 3178; baseline -0.005 -19"><span class='ocrx_word' id='word_1_201' title='bbox 391 3118 456 3159; x_wconf 90' lang='lat' dir='ltr'>non</span> <span class='ocrx_word' id='word_1_202' title='bbox 483 3111 662 3175; x_wconf 86' lang='lat' dir='ltr'>contentus,</span> <span class='ocrx_word' id='word_1_203' title='bbox 687 3096 861 3178; x_wconf 89' lang='lat' dir='ltr'>appellavit</span> <span class='ocrx_word' id='word_1_204' title='bbox 886 3097 917 3157; x_wconf 94' lang='lat' dir='ltr'>in</span> <span class='ocrx_word' id='word_1_205' title='bbox 943 3095 1141 3178; x_wconf 88' lang='lat' dir='ltr'>presenciam</span> <span class='ocrx_word' id='word_1_206' title='bbox 1172 3093 1347 3156; x_wconf 90' lang='lat' dir='ltr'>seniorum.</span> 
     </span>
    </p>

    <p class='ocr_par' dir='ltr' id='par_1_6' title="bbox 392 3185 1658 3815">
     <span class='ocr_line' id='line_1_26' title="bbox 500 3185 1657 3282; baseline -0.006 -17"><span class='ocrx_word' id='word_1_207' title='bbox 500 3204 578 3266; x_wconf 90' lang='lat' dir='ltr'>Item</span> <span class='ocrx_word' id='word_1_208' title='bbox 602 3205 731 3266; x_wconf 88' lang='lat' dir='ltr'>racione</span> <span class='ocrx_word' id='word_1_209' title='bbox 755 3204 949 3266; x_wconf 89' lang='lat' dir='ltr'>seccacionis</span> <span class='ocrx_word' id='word_1_210' title='bbox 980 3216 1141 3265; x_wconf 91' lang='lat' dir='ltr'>certorum</span> <span class='ocrx_word' id='word_1_211' title='bbox 1174 3185 1335 3282; x_wconf 88' lang='lat' dir='ltr'>lignorum</span> <span class='ocrx_word' id='word_1_212' title='bbox 1361 3200 1393 3261; x_wconf 88' lang='lat' dir='ltr'>in</span> <span class='ocrx_word' id='word_1_213' title='bbox 1418 3199 1498 3261; x_wconf 86' lang='lat' dir='ltr'>silva</span> <span class='ocrx_word' id='word_1_214' title='bbox 1522 3196 1657 3282; x_wconf 86' lang='lat' dir='ltr'>Bythelt,</span> 
     </span>
     <span class='ocr_line' id='line_1_27' title="bbox 392 3304 1656 3394; baseline -0.006 -22"><span class='ocrx_word' id='word_1_215' title='bbox 392 3331 455 3393; x_wconf 92' lang='lat' dir='ltr'>que</span> <span class='ocrx_word' id='word_1_216' title='bbox 480 3311 638 3393; x_wconf 87' lang='lat' dir='ltr'>possessio</span> <span class='ocrx_word' id='word_1_217' title='bbox 666 3310 787 3394; x_wconf 84' lang='lat' dir='ltr'>Bythek</span> <span class='ocrx_word' id='word_1_218' title='bbox 813 3325 859 3372; x_wconf 90' lang='lat' dir='ltr'>est</span> <span class='ocrx_word' id='word_1_219' title='bbox 883 3309 1000 3370; x_wconf 89' lang='lat' dir='ltr'>donata</span> <span class='ocrx_word' id='word_1_220' title='bbox 1026 3329 1081 3390; x_wconf 92' lang='lat' dir='ltr'>per</span> <span class='ocrx_word' id='word_1_221' title='bbox 1106 3309 1226 3389; x_wconf 91' lang='lat' dir='ltr'>regiam</span> <span class='ocrx_word' id='word_1_222' title='bbox 1252 3307 1451 3368; x_wconf 85' lang='lat' dir='ltr'>Maiestatem</span> <span class='ocrx_word' id='word_1_223' title='bbox 1476 3304 1656 3366; x_wconf 92' lang='lat' dir='ltr'>communi-</span> 
     </span>
     <span class='ocr_line' id='line_1_28' title="bbox 392 3411 1656 3499; baseline -0.008 -19"><span class='ocrx_word' id='word_1_224' title='bbox 392 3419 447 3480; x_wconf 86' lang='lat' dir='ltr'>tati</span> <span class='ocrx_word' id='word_1_225' title='bbox 474 3418 558 3480; x_wconf 92' lang='lat' dir='ltr'>dicte</span> <span class='ocrx_word' id='word_1_226' title='bbox 583 3419 729 3495; x_wconf 89' lang='lat' dir='ltr'>civitatis,</span> <span class='ocrx_word' id='word_1_227' title='bbox 756 3437 812 3499; x_wconf 92' lang='lat' dir='ltr'>per</span> <span class='ocrx_word' id='word_1_228' title='bbox 829 3431 931 3478; x_wconf 89' lang='lat' dir='ltr'>certos</span> <span class='ocrx_word' id='word_1_229' title='bbox 955 3417 1050 3494; x_wconf 88' lang='lat' dir='ltr'>cives,</span> <span class='ocrx_word' id='word_1_230' title='bbox 1069 3416 1207 3497; x_wconf 92' lang='lat' dir='ltr'>quilibet</span> <span class='ocrx_word' id='word_1_231' title='bbox 1223 3414 1295 3475; x_wconf 90' lang='lat' dir='ltr'>talis</span> <span class='ocrx_word' id='word_1_232' title='bbox 1319 3413 1397 3474; x_wconf 91' lang='lat' dir='ltr'>civis</span> <span class='ocrx_word' id='word_1_233' title='bbox 1421 3413 1476 3494; x_wconf 91' lang='lat' dir='ltr'>qui</span> <span class='ocrx_word' id='word_1_234' title='bbox 1501 3411 1575 3472; x_wconf 85' lang='lat' dir='ltr'>fecit</span> <span class='ocrx_word' id='word_1_235' title='bbox 1591 3430 1656 3471; x_wconf 90' lang='lat' dir='ltr'>sec-</span> 
     </span>
     <span class='ocr_line' id='line_1_29' title="bbox 393 3517 1658 3606; baseline -0.006 -20"><span class='ocrx_word' id='word_1_236' title='bbox 393 3525 456 3586; x_wconf 91' lang='lat' dir='ltr'>cari</span> <span class='ocrx_word' id='word_1_237' title='bbox 483 3525 549 3606; x_wconf 90' lang='lat' dir='ltr'>ipsa</span> <span class='ocrx_word' id='word_1_238' title='bbox 575 3525 660 3605; x_wconf 91' lang='lat' dir='ltr'>ligna</span> <span class='ocrx_word' id='word_1_239' title='bbox 685 3525 752 3585; x_wconf 91' lang='lat' dir='ltr'>sine</span> <span class='ocrx_word' id='word_1_240' title='bbox 777 3524 942 3584; x_wconf 87' lang='lat' dir='ltr'>voluntate</span> <span class='ocrx_word' id='word_1_241' title='bbox 967 3521 1081 3604; x_wconf 88' lang='lat' dir='ltr'>judicis</span> <span class='ocrx_word' id='word_1_242' title='bbox 1114 3536 1146 3582; x_wconf 89' lang='lat' dir='ltr'>et</span> <span class='ocrx_word' id='word_1_243' title='bbox 1169 3520 1344 3604; x_wconf 86' lang='lat' dir='ltr'>Wodopya</span> <span class='ocrx_word' id='word_1_244' title='bbox 1369 3534 1399 3582; x_wconf 94' lang='lat' dir='ltr'>et</span> <span class='ocrx_word' id='word_1_245' title='bbox 1422 3539 1477 3580; x_wconf 88' lang='lat' dir='ltr'>sue</span> <span class='ocrx_word' id='word_1_246' title='bbox 1502 3517 1658 3580; x_wconf 91' lang='lat' dir='ltr'>consortis</span> 
     </span>
     <span class='ocr_line' id='line_1_30' title="bbox 393 3623 1658 3710; baseline -0.007 -18"><span class='ocrx_word' id='word_1_247' title='bbox 393 3643 439 3692; x_wconf 91' lang='lat' dir='ltr'>est</span> <span class='ocrx_word' id='word_1_248' title='bbox 463 3631 628 3692; x_wconf 90' lang='lat' dir='ltr'>convictus</span> <span class='ocrx_word' id='word_1_249' title='bbox 652 3643 761 3692; x_wconf 89' lang='lat' dir='ltr'>contra</span> <span class='ocrx_word' id='word_1_250' title='bbox 780 3629 959 3710; x_wconf 89' lang='lat' dir='ltr'>quemlibet</span> <span class='ocrx_word' id='word_1_251' title='bbox 977 3629 1079 3690; x_wconf 83' lang='lat' dir='ltr'>civem</span> <span class='ocrx_word' id='word_1_252' title='bbox 1102 3628 1186 3689; x_wconf 91' lang='lat' dir='ltr'>dicte</span> <span class='ocrx_word' id='word_1_253' title='bbox 1204 3627 1339 3688; x_wconf 87' lang='lat' dir='ltr'>civitatis</span> <span class='ocrx_word' id='word_1_254' title='bbox 1364 3627 1395 3686; x_wconf 90' lang='lat' dir='ltr'>iu</span> <span class='ocrx_word' id='word_1_255' title='bbox 1414 3625 1525 3686; x_wconf 92' lang='lat' dir='ltr'>decem</span> <span class='ocrx_word' id='word_1_256' title='bbox 1543 3623 1658 3686; x_wconf 88' lang='lat' dir='ltr'>marcis</span> 
     </span>
     <span class='ocr_line' id='line_1_31' title="bbox 395 3733 1393 3815; baseline -0.002 -17"><span class='ocrx_word' id='word_1_257' title='bbox 395 3737 617 3814; x_wconf 90' lang='lat' dir='ltr'>denariorum,</span> <span class='ocrx_word' id='word_1_258' title='bbox 642 3751 673 3797; x_wconf 91' lang='lat' dir='ltr'>et</span> <span class='ocrx_word' id='word_1_259' title='bbox 696 3737 764 3798; x_wconf 91' lang='lat' dir='ltr'>sine</span> <span class='ocrx_word' id='word_1_260' title='bbox 789 3736 983 3797; x_wconf 87' lang='lat' dir='ltr'>admissione</span> <span class='ocrx_word' id='word_1_261' title='bbox 1002 3734 1116 3815; x_wconf 88' lang='lat' dir='ltr'>judicis</span> <span class='ocrx_word' id='word_1_262' title='bbox 1140 3734 1223 3796; x_wconf 90' lang='lat' dir='ltr'>dicte</span> <span class='ocrx_word' id='word_1_263' title='bbox 1248 3733 1393 3796; x_wconf 81' lang='lat' dir='ltr'>civitatis.</span> 
     </span>
    </p>

    <p class='ocr_par' dir='ltr' id='par_1_7' title="bbox 394 3839 1657 4030">
     <span class='ocr_line' id='line_1_32' title="bbox 500 3839 1656 3926; baseline -0.004 -22"><span class='ocrx_word' id='word_1_264' title='bbox 500 3843 578 3906; x_wconf 92' lang='lat' dir='ltr'>ltem</span> <span class='ocrx_word' id='word_1_265' title='bbox 604 3844 679 3924; x_wconf 87' lang='lat' dir='ltr'>quia</span> <span class='ocrx_word' id='word_1_266' title='bbox 704 3843 867 3904; x_wconf 82' lang='lat' dir='ltr'>lohannes</span> <span class='ocrx_word' id='word_1_267' title='bbox 893 3842 1112 3926; x_wconf 89' lang='lat' dir='ltr'>Soldynarych</span> <span class='ocrx_word' id='word_1_268' title='bbox 1138 3855 1168 3903; x_wconf 91' lang='lat' dir='ltr'>et</span> <span class='ocrx_word' id='word_1_269' title='bbox 1193 3841 1330 3902; x_wconf 86' lang='lat' dir='ltr'>Michael</span> <span class='ocrx_word' id='word_1_270' title='bbox 1356 3839 1520 3924; x_wconf 85' lang='lat' dir='ltr'>Saronycb</span> <span class='ocrx_word' id='word_1_271' title='bbox 1547 3853 1656 3900; x_wconf 86' lang='lat' dir='ltr'>contra</span> 
     </span>
     <span class='ocr_line' id='line_1_33' title="bbox 394 3945 1657 4030; baseline -0.003 -18"><span class='ocrx_word' id='word_1_272' title='bbox 394 3950 558 4012; x_wconf 86' lang='lat' dir='ltr'>Thomam</span> <span class='ocrx_word' id='word_1_273' title='bbox 576 3949 722 4027; x_wconf 90' lang='lat' dir='ltr'>Cheden,</span> <span class='ocrx_word' id='word_1_274' title='bbox 734 3963 885 4028; x_wconf 89' lang='lat' dir='ltr'>actorem,</span> <span class='ocrx_word' id='word_1_275' title='bbox 903 3949 1033 4030; x_wconf 86' lang='lat' dir='ltr'>juratos,</span> <span class='ocrx_word' id='word_1_276' title='bbox 1050 3969 1115 4010; x_wconf 96' lang='lat' dir='ltr'>non</span> <span class='ocrx_word' id='word_1_277' title='bbox 1133 3949 1313 4030; x_wconf 93' lang='lat' dir='ltr'>comparuit</span> <span class='ocrx_word' id='word_1_278' title='bbox 1329 3966 1437 4009; x_wconf 90' lang='lat' dir='ltr'>coram</span> <span class='ocrx_word' id='word_1_279' title='bbox 1455 3947 1559 4008; x_wconf 90' lang='lat' dir='ltr'>nobis.</span> <span class='ocrx_word' id='word_1_280' title='bbox 1576 3945 1657 4026; x_wconf 80' lang='lat' dir='ltr'>(sic).</span> 
     </span>
    </p>
   </div>
   <div class='ocr_carea' id='block_1_4' title="bbox 422 4184 1622 4277">
    <p class='ocr_par' dir='ltr' id='par_1_8' title="bbox 422 4184 1622 4277">
     <span class='ocr_line' id='line_1_34' title="bbox 422 4184 1622 4277; baseline -0.005 -19"><span class='ocrx_word' id='word_1_281' title='bbox 422 4184 517 4258; x_wconf 85' lang='lat' dir='ltr'>Feria</span> <span class='ocrx_word' id='word_1_282' title='bbox 546 4194 645 4258; x_wconf 84' lang='lat' dir='ltr'>sexta</span> <span class='ocrx_word' id='word_1_283' title='bbox 672 4191 827 4276; x_wconf 81' lang='lat' dir='ltr'>proxima</span> <span class='ocrx_word' id='word_1_284' title='bbox 857 4195 934 4277; x_wconf 88' lang='lat' dir='ltr'>post</span> <span class='ocrx_word' id='word_1_285' title='bbox 962 4187 1084 4258; x_wconf 82' lang='lat' dir='ltr'>festum</span> <span class='ocrx_word' id='word_1_286' title='bbox 1111 4186 1208 4258; x_wconf 86' lang='lat' dir='ltr'>beate</span> <span class='ocrx_word' id='word_1_287' title='bbox 1236 4186 1328 4257; x_wconf 78' lang='lat' dir='ltr'>Anne</span> <span class='ocrx_word' id='word_1_288' title='bbox 1355 4188 1479 4256; x_wconf 88' lang='lat' dir='ltr'>matris</span> <span class='ocrx_word' id='word_1_289' title='bbox 1508 4186 1622 4256; x_wconf 85' lang='lat' dir='ltr'>llarie.</span> 
     </span>
    </p>
   </div>
   <div class='ocr_carea' id='block_1_5' title="bbox 395 4343 1657 5098">
    <p class='ocr_par' dir='ltr' id='par_1_9' title="bbox 943 4343 1121 4418">
     <span class='ocr_line' id='line_1_35' title="bbox 943 4343 1121 4418; baseline 0.017 -20"><span class='ocrx_word' id='word_1_290' title='bbox 943 4344 1004 4418; x_wconf 74' lang='lat'><em>(31.</em></span> <span class='ocrx_word' id='word_1_291' title='bbox 1021 4343 1121 4418; x_wconf 81' lang='lat' dir='ltr'>julii).</span> 
     </span>
    </p>

    <p class='ocr_par' dir='ltr' id='par_1_10' title="bbox 395 4479 1657 4776">
     <span class='ocr_line' id='line_1_36' title="bbox 505 4479 1657 4563; baseline -0.002 -21"><span class='ocrx_word' id='word_1_292' title='bbox 505 4481 581 4542; x_wconf 91' lang='lat' dir='ltr'>Item</span> <span class='ocrx_word' id='word_1_293' title='bbox 608 4482 682 4563; x_wconf 89' lang='lat' dir='ltr'>quia</span> <span class='ocrx_word' id='word_1_294' title='bbox 708 4481 884 4562; x_wconf 84' lang='lat' dir='ltr'>Gregorius</span> <span class='ocrx_word' id='word_1_295' title='bbox 916 4495 1005 4544; x_wconf 89' lang='lat' dir='ltr'>sutor</span> <span class='ocrx_word' id='word_1_296' title='bbox 1028 4501 1190 4544; x_wconf 89' lang='lat' dir='ltr'>successor</span> <span class='ocrx_word' id='word_1_297' title='bbox 1221 4480 1358 4542; x_wconf 92' lang='lat' dir='ltr'>condam</span> <span class='ocrx_word' id='word_1_298' title='bbox 1384 4479 1516 4562; x_wconf 89' lang='lat' dir='ltr'>Georgii</span> <span class='ocrx_word' id='word_1_299' title='bbox 1542 4479 1657 4541; x_wconf 87' lang='lat' dir='ltr'>bekaui</span> 
     </span>
     <span class='ocr_line' id='line_1_37' title="bbox 395 4587 1657 4670; baseline -0.001 -21"><span class='ocrx_word' id='word_1_300' title='bbox 395 4587 586 4650; x_wconf 89' lang='lat' dir='ltr'>secundario</span> <span class='ocrx_word' id='word_1_301' title='bbox 611 4601 721 4650; x_wconf 91' lang='lat' dir='ltr'>contra</span> <span class='ocrx_word' id='word_1_302' title='bbox 741 4607 872 4650; x_wconf 83' lang='lat' dir='ltr'>uxorem</span> <span class='ocrx_word' id='word_1_303' title='bbox 895 4588 1061 4650; x_wconf 90' lang='lat' dir='ltr'>Michaelis</span> <span class='ocrx_word' id='word_1_304' title='bbox 1085 4589 1201 4650; x_wconf 88' lang='lat' dir='ltr'>sutoris</span> <span class='ocrx_word' id='word_1_305' title='bbox 1217 4588 1305 4670; x_wconf 84' lang='lat' dir='ltr'>parvi</span> <span class='ocrx_word' id='word_1_306' title='bbox 1332 4587 1455 4666; x_wconf 86' lang='lat' dir='ltr'>citatus,</span> <span class='ocrx_word' id='word_1_307' title='bbox 1480 4605 1545 4648; x_wconf 94' lang='lat' dir='ltr'>non</span> <span class='ocrx_word' id='word_1_308' title='bbox 1570 4605 1657 4648; x_wconf 88' lang='lat' dir='ltr'>com·</span> 
     </span>
     <span class='ocr_line' id='line_1_38' title="bbox 395 4693 964 4776; baseline 0 -20"><span class='ocrx_word' id='word_1_309' title='bbox 395 4695 500 4776; x_wconf 92' lang='lat' dir='ltr'>paruit</span> <span class='ocrx_word' id='word_1_310' title='bbox 524 4695 555 4755; x_wconf 89' lang='lat' dir='ltr'>in</span> <span class='ocrx_word' id='word_1_311' title='bbox 581 4693 701 4776; x_wconf 84' lang='lat' dir='ltr'>judicio</span> <span class='ocrx_word' id='word_1_312' title='bbox 726 4714 834 4756; x_wconf 88' lang='lat' dir='ltr'>coram</span> <span class='ocrx_word' id='word_1_313' title='bbox 860 4695 964 4757; x_wconf 90' lang='lat' dir='ltr'>nobis.</span> 
     </span>
    </p>

    <p class='ocr_par' dir='ltr' id='par_1_11' title="bbox 397 4801 1657 5098">
     <span class='ocr_line' id='line_1_39' title="bbox 502 4801 1656 4883; baseline 0.001 -22"><span class='ocrx_word' id='word_1_314' title='bbox 502 4801 579 4861; x_wconf 93' lang='lat' dir='ltr'>ltem</span> <span class='ocrx_word' id='word_1_315' title='bbox 612 4802 686 4882; x_wconf 86' lang='lat' dir='ltr'>quia</span> <span class='ocrx_word' id='word_1_316' title='bbox 720 4802 852 4883; x_wconf 88' lang='lat' dir='ltr'>quidam</span> <span class='ocrx_word' id='word_1_317' title='bbox 886 4801 1003 4862; x_wconf 88' lang='lat' dir='ltr'>Paulus</span> <span class='ocrx_word' id='word_1_318' title='bbox 1035 4801 1178 4863; x_wconf 88' lang='lat' dir='ltr'>Croacus</span> <span class='ocrx_word' id='word_1_319' title='bbox 1211 4803 1343 4863; x_wconf 88' lang='lat' dir='ltr'>maritus</span> <span class='ocrx_word' id='word_1_320' title='bbox 1375 4801 1485 4863; x_wconf 91' lang='lat' dir='ltr'>relicte</span> <span class='ocrx_word' id='word_1_321' title='bbox 1520 4802 1656 4863; x_wconf 90' lang='lat' dir='ltr'>condam</span> 
     </span>
     <span class='ocr_line' id='line_1_40' title="bbox 397 4907 1657 4993; baseline -0.002 -23"><span class='ocrx_word' id='word_1_322' title='bbox 397 4908 561 4970; x_wconf 90' lang='lat' dir='ltr'>Benedicti</span> <span class='ocrx_word' id='word_1_323' title='bbox 588 4908 731 4992; x_wconf 84' lang='lat' dir='ltr'>Mylycza</span> <span class='ocrx_word' id='word_1_324' title='bbox 758 4909 843 4986; x_wconf 93' lang='lat' dir='ltr'>dicti,</span> <span class='ocrx_word' id='word_1_325' title='bbox 869 4908 924 4989; x_wconf 93' lang='lat' dir='ltr'>qui</span> <span class='ocrx_word' id='word_1_326' title='bbox 954 4909 1114 4970; x_wconf 91' lang='lat' dir='ltr'>interemit</span> <span class='ocrx_word' id='word_1_327' title='bbox 1140 4909 1299 4971; x_wconf 91' lang='lat' dir='ltr'>Briccium</span> <span class='ocrx_word' id='word_1_328' title='bbox 1335 4907 1466 4993; x_wconf 87' lang='lat' dir='ltr'>Physter</span> <span class='ocrx_word' id='word_1_329' title='bbox 1491 4909 1530 4968; x_wconf 86' lang='lat' dir='ltr'>de</span> <span class='ocrx_word' id='word_1_330' title='bbox 1556 4921 1657 4970; x_wconf 88' lang='lat' dir='ltr'>castro</span> 
     </span>
     <span class='ocr_line' id='line_1_41' title="bbox 397 5014 1657 5098; baseline -0.001 -21"><span class='ocrx_word' id='word_1_331' title='bbox 397 5014 534 5094; x_wconf 86' lang='lat' dir='ltr'>Medwe,</span> <span class='ocrx_word' id='word_1_332' title='bbox 559 5015 633 5096; x_wconf 89' lang='lat' dir='ltr'>quia</span> <span class='ocrx_word' id='word_1_333' title='bbox 658 5035 737 5076; x_wconf 85' lang='lat' dir='ltr'>uxor</span> <span class='ocrx_word' id='word_1_334' title='bbox 762 5015 905 5076; x_wconf 92' lang='lat' dir='ltr'>eiusdem</span> <span class='ocrx_word' id='word_1_335' title='bbox 929 5015 1019 5076; x_wconf 88' lang='lat' dir='ltr'>Pauli</span> <span class='ocrx_word' id='word_1_336' title='bbox 1047 5029 1108 5077; x_wconf 89' lang='lat' dir='ltr'>stat</span> <span class='ocrx_word' id='word_1_337' title='bbox 1132 5015 1164 5078; x_wconf 90' lang='lat' dir='ltr'>in</span> <span class='ocrx_word' id='word_1_338' title='bbox 1196 5014 1393 5078; x_wconf 89' lang='lat' dir='ltr'>fideiussoria</span> <span class='ocrx_word' id='word_1_339' title='bbox 1419 5034 1521 5098; x_wconf 89' lang='lat' dir='ltr'>usque</span> <span class='ocrx_word' id='word_1_340' title='bbox 1544 5015 1657 5077; x_wconf 89' lang='lat' dir='ltr'>tercia-</span> 
     </span>
    </p>
   </div>
   <div class='ocr_carea' id='block_1_6' title="bbox 0 0 1936 5786">
    <p class='ocr_par' dir='ltr' id='par_1_12' title="bbox 0 0 1936 5786">
     <span class='ocr_line' id='line_1_42' title="bbox 0 0 1936 5786; baseline 0 0"><span class='ocrx_word' id='word_1_341' title='bbox 0 0 1936 5786; x_wconf 95' lang='lat' dir='ltr'> </span> 
     </span>
    </p>
   </div>
  </div>
 </body>
</html>
