3738 5786
567 553 654 610 Anno
677 564 767 629 1455.
793 587 834 596 -
860 567 907 612 12.
922 553 1083 628 januan't'.
1418 573 1460 632 49

193 761 347 842 premisso
372 762 455 823 sicut
473 763 593 824 sociam
613 783 705 826 suam
729 765 986 845 adjudicavimus
1003 765 1136 848 turpiter
1160 765 1263 828 facere
1288 767 1458 849 expellere,

194 869 432 931 committentes
463 870 581 949 eidem,
607 885 641 932 ut
674 872 714 932 de
746 885 853 935 cetero
886 888 916 933 et
947 892 1004 954 per
1027 873 1166 955 amplius
1197 871 1264 956 ipsa
1289 873 1388 936 Lucia
1420 875 1460 936 ad

194 976 355 1037 civitatem
379 975 557 1059 predictam
583 977 707 1039 eteius
736 977 932 1040 territorium
965 979 1082 1040 intrare
1106 998 1171 1040 non
1197 977 1323 1059 debeat,
1347 997 1411 1062 que
1435 979 1460 1041 si

195 1082 233 1143 de
257 1095 365 1144 cetero
390 1095 422 1144 et
443 1103 501 1166 per
525 1084 665 1166 amplius
681 1084 713 1144 in
729 1083 856 1147 civitate
880 1085 995 1146 eteius
1013 1085 1174 1147 territorio
1192 1099 1337 1168 repperta
1354 1084 1460 1164 fuerit,

194 1187 278 1269 juxta
302 1208 359 1250 sun
385 1189 540 1252 demerita
565 1209 683 1272 penam
708 1209 805 1271 quam
831 1191 1026 1254 demeruerit
1050 1205 1275 1273 consequetur.

299 1295 379 1358 ltem
405 1295 480 1377 quia
505 1295 606 1358 Eleos
631 1295 696 1358 filia
725 1297 855 1359 Andree
881 1297 1080 1380 Zedmerych
1113 1299 1152 1360 de
1177 1297 1258 1360 ultra
1284 1311 1393 1360 monte
1419 1298 1459 1360 de

195 1415 302 1463 sancta
328 1401 499 1481 Trinitate,
524 1403 699 1484 predictam
726 1403 936 1466 Katberinam
960 1403 1102 1487 puellam
1128 1402 1265 1487 prefatas
1288 1425 1336 1465 res
1361 1404 1460 1486 ipsius

198 1507 346 1589 Gregorii
379 1507 490 1592 Iprych
522 1509 708 1572 subtrahere
741 1509 903 1572 consuluit
936 1523 967 1572 et
997 1509 1182 1574 informavit
1206 1525 1236 1572 et
1267 1509 1461 1593 pecuniosa

195 1613 305 1676 iudeis
328 1633 425 1697 super
448 1615 532 1696 ipsas
562 1635 579 1676 a
612 1615 722 1677 Judeis
754 1631 916 1698 reppertus
948 1630 978 1678 et
1010 1629 1152 1698 receptas
1183 1617 1223 1678 ad
1248 1635 1323 1678 usus
1348 1635 1459 1678 earum

195 1721 292 1782 simul
317 1721 538 1802 expenderunt
563 1722 595 1782 in
613 1723 765 1785 societate
788 1737 918 1798 mutus;
943 1737 974 1785 et
991 1722 1066 1804 quia
1084 1723 1171 1803 juxta
1196 1722 1461 1784 decretumcon-

195 1828 375 1889 sencientes
398 1841 429 1889 et
454 1826 606 1890 facientes
629 1829 696 1910 pari
722 1847 805 1910 pena
834 1829 1013 1911 puniuntur
1046 1842 1077 1891 et
1102 1829 1208 1911 puniri
1233 1829 1362 1908 debent,
1387 1827 1461 1889 ideo

196 1934 295 1995 eciam
320 1933 514 2015 judicialiter
538 1934 739 1996 decrevimus
763 1935 819 1996 tali
845 1935 956 2014 modo,
981 1949 1017 1996 ut
1041 1935 1143 1996 eciam
1168 1935 1227 2018 ipsi
1253 1934 1354 1997 Elene
1377 1935 1462 1996 auris

195 2059 252 2122 pro
277 2040 381 2122 prima
406 2040 608 2102 correccione
633 2041 754 2102 abscidi
788 2041 893 2118 debet,
922 2056 1018 2124 prout
1049 2041 1187 2102 abscissa
1212 2055 1259 2104 est
1280 2042 1363 2104 circa
1387 2059 1460 2102 ecu-

195 2147 293 2222 leum,
318 2145 556 2208 committentes
580 2147 697 2226 eidem,
721 2161 756 2209 ut
788 2147 827 2208 de
862 2160 967 2209 cetero
992 2159 1022 2208 et
1046 2167 1102 2230 per
1133 2145 1271 2230 amplius
1295 2165 1460 2229 nunquam

195 2253 235 2314 ad
257 2253 419 2315 civitatem
452 2253 629 2335 predictam
661 2254 779 2317 intrare
812 2253 938 2332 debeat,
971 2270 1034 2336 que
1067 2253 1093 2314 si
1121 2253 1154 2315 in
1186 2254 1312 2316 civitate
1338 2252 1461 2316 eteius

195 2360 357 2422 territorio
390 2361 429 2422 de
462 2373 567 2422 cetero
599 2361 753 2444 repperiri
787 2361 913 2442 poterit,
945 2359 1032 2442 juxta
1067 2380 1123 2422 sua
1155 2360 1310 2422 demerita
1344 2378 1460 2442 penam

197 2486 292 2548 quam
318 2466 513 2528 demeruerit
536 2479 751 2548 consequetur
774 2466 859 2549 juxta
893 2479 1042 2530 contenta
1067 2466 1228 2550 privilegii
1253 2465 1413 2550 punietur.

301 2573 379 2636 Item
404 2573 480 2654 quia
505 2572 664 2655 Georgius
688 2571 773 2636 filius
798 2573 928 2656 Mathye
950 2574 989 2634 de
1014 2624 1019 2636 .
1040 2622 1072 2636 ..
1100 2573 1315 2655 jurameutum
1339 2573 1399 2634 sibi
1424 2572 1457 2634 in

199 2677 279 2741 facto
304 2679 471 2742 cuiusdam
497 2678 681 2742 ferramenti
706 2680 886 2742 molendini
915 2679 1093 2758 cuiusdam,
1126 2679 1186 2740 sibi
1212 2679 1244 2740 in
1269 2699 1308 2740 eo
1332 2698 1388 2760 per
1412 2677 1459 2760 ju-

199 2803 280 2848 ratos
303 2787 537 2869 adjudicatum,
561 2802 595 2847 ut
627 2787 694 2868 ipse
733 2786 875 2868 predicta
908 2785 1098 2848 ferramenta
1131 2784 1365 2847 molendinaria
1395 2804 1461 2846 non

198 2893 360 2970 subtraxit,
385 2893 440 2954 sed
466 2913 524 2975 pro
547 2893 684 2974 pecunia
708 2913 763 2954 suu
789 2893 997 2974 comparavit,
1016 2912 1081 2953 non
1107 2892 1258 2974 prestavit
1284 2910 1389 2972 neque
1407 2891 1460 2952 de·

199 3001 314 3080 posuit,
339 3000 413 3061 ideo
438 2999 469 3061 in
495 2997 581 3060 furtu
605 2999 706 3081 ipsius
742 2997 925 3060 ferramenti
959 2997 1129 3080 culpabilis
1161 2998 1329 3072 remansit;
1356 2996 1461 3077 quisi

198 3105 235 3166 de
266 3120 372 3168 cetero
397 3125 434 3166 ex
465 3125 503 3167 eo
536 3107 568 3167 in
605 3106 730 3167 civitate
762 3105 902 3187 predicta
936 3116 967 3166 et
1000 3105 1068 3166 eius
1099 3103 1260 3166 territorio
1294 3115 1461 3184 reppertus

198 3210 298 3290 fuerit,
322 3213 399 3293 quia
425 3212 464 3272 de
489 3213 602 3274 eadem
627 3211 756 3273 civitate
781 3226 812 3272 et
836 3211 904 3272 eius
928 3209 1090 3272 territorio
1116 3210 1298 3290 insignum
1324 3222 1354 3270 et
1378 3209 1460 3270 indi·

197 3318 278 3379 cium
304 3338 360 3380 sue
386 3318 616 3399 culpabilitatis
640 3315 775 3399 aufugit,
800 3317 832 3378 in
857 3317 970 3378 eadem
1000 3315 1128 3378 civitate
1153 3331 1184 3377 et
1208 3317 1275 3377 eius
1299 3315 1460 3376 territorio

197 3425 413 3507 deprehensus
437 3423 541 3499 fuerit,
574 3423 662 3506 juxta
694 3443 751 3486 sua
787 3423 943 3486 demerita
978 3441 1095 3506 penam
1131 3442 1229 3505 quam
1265 3421 1460 3484 demeruerit

198 3545 420 3614 consequetur.

299 3639 377 3701 Item
403 3639 477 3720 quia
502 3637 679 3719 Gregorius
702 3657 866 3700 successor
890 3635 1028 3698 condam
1054 3635 1219 3698 Michaelis
1244 3635 1400 3718 Bdudych
1426 3633 1458 3696 id

197 3764 269 3806 cum
292 3744 463 3808 sufficienti
496 3745 682 3806 testimonio
713 3744 892 3808 Clementis
922 3741 1100 3824 freniparis,
1135 3741 1240 3824 jurati,
1271 3741 1457 3824 peripsum

197 3852 230 3912 in
253 3851 335 3914 facto
360 3854 523 3915 intereos
550 3851 698 3934 producti
723 3851 956 3934 comprobavit,
988 3863 1021 3913 ut
1049 3869 1128 3912 uror
1153 3849 1252 3930 ipsius
1277 3847 1456 3910 Clementis

197 3958 289 4036 jurati
319 3959 454 4042 predicti
488 3957 635 4040 Gregorii
668 3977 800 4020 uxorem
834 3971 1042 4020 commatrem
1070 3975 1161 4017 suam
1194 3955 1358 4037 percussit,
1383 3953 1457 4015 ideo

196 4067 344 4127 remansit
380 4065 412 4126 in
447 4085 502 4126 sex
537 4065 653 4126 marcis
687 4063 895 4126 denariorum
938 4077 1048 4126 contra
1083 4061 1223 4143 judicem
1267 4075 1298 4122 et
1336 4073 1458 4142 partem

197 4172 371 4237 adversam.
