3738 5786
644 462 842 538 Anno1455.
869 495 908 506 -
934 459 966 523 6.
990 463 1148 522 decembris.
1474 483 1530 544 ¹03

260 673 395 755 garetha
413 687 515 736 mater
540 673 639 754 ipsius
657 672 812 735 lobannis
828 671 943 754 judicis
960 673 992 734 in
1011 672 1094 736 lacto
1112 675 1321 757 pecuniarum
1339 694 1396 757 pro
1415 675 1533 757 quibus

262 781 330 863 ipsa
355 794 440 842 terra
465 780 603 842 condam
623 779 783 862 Gregorio
806 778 911 862 jurato
934 779 1021 842 dicto
1039 781 1211 864 Hudostyb
1236 779 1296 844 luit
1320 801 1376 864 per
1392 783 1530 844 condam

267 887 412 950 Blaaium
438 888 576 970 Frawyn
601 887 817 970 inpignorata,
834 898 949 948 octavo
973 887 1025 949 die
1042 888 1198 970 presentis
1222 887 1285 950 diei
1310 889 1471 950 tenebitur
1486 888 1532 970 ju·

265 1013 334 1057 rare
359 1014 457 1077 super
480 1013 520 1056 eo
544 1012 755 1076 superatam,
780 1005 815 1055 ut
838 993 907 1076 ipsa
931 993 1033 1056 nescit
1049 992 1174 1075 aliquid
1191 994 1230 1056 de
1256 1013 1295 1056 eo
1318 995 1344 1056 si
1368 995 1436 1076 ipse
1453 994 1532 1058 Gre-

264 1101 375 1182 gorius
400 1099 522 1182 juratus
545 1100 577 1162 in
603 1099 752 1162 extremis
784 1099 847 1161 vite
881 1118 937 1162 aue
961 1099 1149 1182 temporalis
1181 1100 1342 1180 laborans,
1367 1102 1407 1163 de
1440 1103 1533 1164 dictis

264 1207 411 1290 pecuniis
435 1226 494 1290 pro
518 1206 636 1288 quibus
662 1205 728 1288 ipsa
753 1217 835 1267 terra
860 1205 965 1268 eidem
985 1204 1145 1288 Gregorio
1168 1205 1273 1287 jurato
1299 1205 1358 1269 luit
1383 1207 1532 1290 inpigno-

264 1329 343 1393 rata,
373 1313 518 1396 aliquam
550 1325 673 1396 partem
704 1331 836 1394 parvam
867 1311 918 1374 vel
950 1330 1101 1394 magnam
1132 1312 1241 1374 liberis
1277 1333 1334 1374 seu
1359 1313 1532 1376 heredibus

264 1421 364 1502 ipsius
389 1419 528 1484 condam
553 1419 650 1482 Blasii
675 1419 812 1502 Frawyn
837 1417 1009 1496 relaxavit;
1042 1417 1165 1501 prefato
1189 1433 1297 1482 autem
1323 1419 1460 1482 Johanni
1484 1421 1532 1504 ju·

265 1527 328 1590 dici
353 1527 414 1609 ipsi
439 1527 583 1590 seniores
606 1525 730 1608 judices
761 1524 978 1606 juramentum
1010 1539 1149 1607 prestare
1173 1545 1239 1588 non
1264 1527 1382 1590 debere
1406 1525 1532 1609 adjudi-

264 1648 436 1709 caverunt;
467 1633 597 1715 dequo
629 1631 750 1714 judicio
780 1645 811 1694 et
841 1631 1086 1712 adjudicatione
1119 1633 1263 1716 ipsorum
1288 1633 1451 1696 seniorum
1484 1633 1531 1715 ju·

264 1741 371 1802 dicum
398 1739 541 1822 predicte
565 1741 659 1802 ambe
691 1751 807 1822 partes,
838 1737 989 1800 videlicet
1011 1751 1078 1800 tarn
1112 1739 1179 1820 ipse
1204 1737 1388 1802 Anthonius
1411 1738 1533 1821 juratus

264 1867 360 1928 quam
386 1845 529 1929 prelatus
554 1845 716 1908 Johannes
733 1845 827 1927 judex
852 1865 885 1908 se
910 1857 1078 1908 contentos
1094 1863 1162 1907 esse
1181 1845 1309 1928 penitus
1332 1843 1532 1908 affirmarunt

264 1967 296 2016 et
327 1967 542 2016 asseruerunt.
577 1955 616 2016 Et
647 1953 795 2036 deposito
826 1952 896 2034 ipso
928 1952 1108 2034 juramento
1140 1973 1197 2036 per
1229 1953 1331 2037 ipsam
1364 1953 1530 2016 dominam

264 2059 513 2143 Margaretham‚
538 2060 673 2143 predicti
698 2060 791 2123 liberi
815 2077 872 2122 seu
895 2058 1030 2122 heredes
1053 2059 1153 2142 ipsius
1176 2059 1315 2122 condam
1340 2059 1438 2122 Blasii
1454 2059 1528 2122 Fra-

264 2187 336 2251 wyn
362 2167 466 2250 ipsam
491 2181 608 2230 terram
633 2187 691 2250 pro
722 2165 868 2251 pecuniis
900 2184 959 2250 pro
983 2165 1102 2247 qulbus
1133 2163 1194 2228 luit
1220 2165 1423 2248 inpignorata
1448 2165 1530 2228 redi·

262 2293 348 2336 mere
371 2275 579 2336 tenebuntur.
