3738 5786
573 574 658 632 Anno
682 583 771 650 1453.
798 607 838 617 -
863 587 912 652 14.
936 573 1096 632 decembris.
1430 575 1466 636 61

204 783 367 866 persolvit,
392 783 470 846 ideo
494 781 600 844 eidem
624 782 760 846 Nicolao
778 782 942 845 residuum
960 783 1058 866 precii
1076 785 1240 866 porcionis
1263 805 1318 848 sue
1336 786 1473 848 vinealis

205 905 257 952 aut
281 889 483 972 procuratori
508 888 667 970 legittimo
699 889 845 952 eiusdem
875 890 1000 952 Nicolai
1034 890 1120 952 idem
1146 889 1323 972 Gregorius
1346 893 1471 954 solvere

205 997 364 1058 tenebitur
388 995 467 1058 dum
491 1015 550 1079 pro
574 995 644 1079 ipso
666 995 795 1058 residuo
812 1009 1054 1078 procuratorem
1079 1016 1172 1058 suum
1191 997 1295 1060 mittet
1312 1011 1366 1060 aut
1382 997 1471 1058 solus

206 1121 261 1186 pro
285 1122 326 1165 eo
348 1103 467 1166 veniet.

308 1208 389 1271 ltem
413 1210 547 1272 sabbato
571 1209 718 1292 proxime
743 1209 891 1292 sequenti
924 1209 1066 1272 seniores
1089 1207 1212 1292 judices
1244 1209 1380 1272 civitatis
1402 1231 1473 1294 pre·

205 1315 286 1378 dicte
317 1329 466 1399 presente
498 1314 651 1378 Conrado
684 1315 816 1378 Rawsar
847 1315 952 1398 judice
985 1316 1121 1378 civitatis
1152 1315 1308 1395 eiusdem,
1343 1336 1470 1380 causam

205 1423 352 1505 vituperii
377 1435 409 1484 et
432 1420 506 1484 iacti
530 1421 720 1504 potenciarii
738 1441 795 1504 per
817 1420 1011 1504 Gregorium
1030 1422 1249 1506 Wrecharych
1273 1441 1369 1505 super
1387 1422 1471 1484 Mar·

205 1529 305 1592 tinum
329 1529 472 1610 judicem
496 1529 696 1612 perpetratis,
720 1548 776 1612 pet
805 1527 925 1610 juratos
957 1529 1104 1592 eiusdem
1137 1529 1274 1592 civitatis
1297 1528 1472 1592 modernos

208 1633 434 1716 adjudicatam,
459 1634 499 1696 ad
530 1653 644 1698 omnes
668 1635 736 1696 eius
766 1635 917 1698 articulos
941 1650 973 1698 et
1003 1649 1120 1718 puncta
1145 1635 1272 1720 penitus
1303 1634 1471 1698 confirma·

209 1755 295 1818 runt;
320 1741 361 1804 de
378 1760 444 1824 quo
459 1740 580 1822 judicio
597 1741 663 1824 ipse
682 1739 858 1823 Gregorius
882 1761 946 1804 non
965 1755 1134 1804 contentus
1150 1741 1325 1825 appellavit
1342 1741 1470 1804 easdem

209 1868 315 1910 causas
337 1861 407 1910 tutn
432 1848 523 1910 totali
547 1861 579 1910 et
601 1867 753 1932 processu
778 1848 877 1930 ipsius
901 1847 1154 1928 adjudicationis
1179 1847 1337 1910 dictorum
1363 1849 1469 1911 senio·

209 1975 275 2018 rum
300 1955 445 2036 judicum
470 1955 502 2017 in
527 1956 725 2037 presenciam
750 1955 875 2017 domini
894 1954 1028 2018 Seboldi
1052 1955 1164 2039 Meyer
1187 1955 1345 2038 capitanei
1369 1957 1470 2018 nostri

207 2062 351 2124 moderni
376 2081 435 2145 pro
459 2060 548 2123 finali
573 2073 604 2124 et
627 2061 752 2123 meliori
778 2062 879 2145 ipsius
902 2061 1140 2124 deliberacione
1164 2081 1266 2144 usque
1290 2061 1330 2124 sd
1355 2059 1468 2123 feriam

206 2169 333 2232 terciam
357 2168 502 2251 proxime
528 2183 707 2232 venturam.

255 2387 353 2461 Ferla
382 2395 480 2461 sexta
507 2391 662 2479 proxima
690 2397 767 2479 post
799 2389 922 2462 letam
950 2400 1067 2462 sancte
1095 2389 1193 2463 lucie
1220 2391 1363 2478 virginis
1392 2395 1425 2460 et

681 2515 837 2586 martiris
866 2511 1001 2585 Christi.

706 2665 770 2744 (14.
795 2665 971 2746 decembris).

308 2807 389 2869 Item
414 2808 490 2889 quia
513 2806 648 2889 provida
665 2807 782 2868 mulier
806 2811 899 2868 Anna
918 2807 1034 2869 mulier
1058 2820 1181 2886 vocata,
1205 2808 1315 2870 relicta
1332 2807 1469 2870 condam

207 2913 288 2976 Petri
312 2914 407 2996 jurati
433 2913 524 2978 aliter
549 2913 629 2976 Pero
649 2914 764 2992 vocati,
782 2912 838 2974 lilii
860 2913 998 2975 condam
1024 2913 1163 2993 Thome,
1187 2913 1328 2976 concivis
1352 2927 1470 2992 nostra,

206 3020 236 3082 in
259 3041 316 3083 sua
341 3033 374 3082 et
397 3020 499 3082 Elene
522 3021 656 3103 virginis
680 3019 745 3082 iilie
770 3039 826 3082 sue
852 3039 888 3082 ex
906 3019 1020 3082 eodem
1048 3019 1140 3083 Petro
1164 3019 1267 3100 jurato
1291 3021 1380 3103 olym
1398 3021 1466 3083 viro

204 3147 261 3188 suo
283 3127 447 3210 legittimo
471 3127 638 3210 progenite
663 3139 694 3188 et
716 3139 892 3210 procreate,
925 3127 1081 3210 personis,
1113 3139 1253 3188 nostram
1279 3127 1411 3190 veniens
1436 3127 1468 3188 in

204 3233 401 3314 presenciam
426 3233 520 3294 nobis
544 3251 583 3296 eo
608 3231 707 3294 modo
732 3229 912 3314 significare
929 3232 1061 3312 curavit,
1086 3246 1121 3294 ut
1145 3233 1285 3314 quedam
1302 3246 1383 3295 terra
1402 3252 1469 3294 ara·

204 3339 277 3400 bilis
301 3339 334 3400 in
359 3357 476 3422 campo
500 3352 531 3402 et
554 3339 717 3402 territorio
742 3338 879 3400 civitatis
910 3337 1052 3421 predicte
1077 3338 1159 3400 inter
1184 3353 1282 3400 terras
1306 3339 1469 3402 Valentini

202 3443 318 3525 judicis
341 3442 399 3506 filii
425 3443 562 3506 condam
588 3443 755 3506 Michaelis
771 3443 886 3525 judicis
907 3465 924 3506 a
942 3445 1171 3526 septemtrione
1195 3458 1226 3507 et
1250 3445 1331 3508 inter
1353 3459 1469 3508 terram

204 3551 343 3613 Ladislai
369 3551 427 3614 filii
452 3552 590 3614 condam
616 3551 714 3614 Blasii
732 3551 1009 3636 Czaranthowych
1026 3554 1066 3614 ab
1084 3553 1207 3616 oriente
1232 3567 1262 3614 et
1287 3553 1368 3615 inter
1384 3552 1469 3614 viam

203 3677 411 3720 communem
436 3678 453 3720 a
477 3657 658 3720 meridioue
683 3671 714 3719 et
737 3658 820 3720 inter
840 3659 988 3720 semitam
1007 3677 1213 3720 communem
1238 3660 1277 3720 ab
1302 3659 1469 3720 occidente

202 3765 320 3844 habita,
347 3777 422 3826 octo
446 3764 497 3826 vel
522 3765 599 3828 citra
623 3777 658 3828 ut
682 3764 797 3826 dicitur
815 3765 916 3826 dietas
940 3781 1020 3825 terre
1046 3766 1129 3828 inse
1151 3765 1330 3843 continens,
1354 3763 1468 3847 prefati

204 3871 285 3934 Petri
310 3871 407 3952 jurati
432 3871 520 3954 olym
546 3871 604 3932 viri
630 3872 678 3934 sui
703 3871 852 3952 legittimi
872 3871 1085 3952 empcionalis
1108 3885 1139 3932 et
1155 3871 1331 3934 literatorie
1349 3869 1469 3948 luisset,

205 3991 328 4060 etpost
353 3989 491 4040 mortem
517 3978 617 4060 ipsius
641 3977 724 4040 Petri
757 3977 850 4058 jurati
880 3997 976 4060 super
1008 3977 1092 4059 ipsas
1116 3983 1242 4040 Annam
1269 3979 1413 4040 relictam
1439 3989 1469 4040 ct

206 4083 340 4146 Elenam
367 4083 466 4146 filiam
491 4084 636 4146 eiusdem
661 4083 745 4146 Petri
774 4083 842 4165 jure
877 4083 1070 4146 hereditario
1102 4083 1188 4165 juxta
1213 4085 1311 4166 ipsius
1335 4083 1470 4145 civitatis

203 4191 369 4272 antiquam
393 4190 659 4254 consvetudinem
682 4190 812 4252 nemine
837 4190 964 4274 penitus
982 4191 1221 4254 contradicente
1247 4193 1305 4254 rite
1323 4205 1353 4254 et
1377 4191 1469 4272 legit·

203 4294 277 4356 time
302 4295 544 4374 condescendit,
569 4296 601 4358 in
626 4296 717 4358 cuius
742 4295 889 4358 dominio
910 4311 975 4358 tam
1000 4297 1065 4380 ipse
1084 4297 1195 4358 Petrus
1219 4295 1339 4378 juratus
1365 4316 1465 4378 usque

203 4401 241 4462 ad
264 4415 403 4463 mortem
428 4420 518 4463 suam
552 4421 649 4486 quam
683 4402 749 4484 ipse
782 4409 874 4464 Anna
908 4403 1016 4465 relicta
1048 4418 1078 4464 et
1113 4404 1211 4466 Elena
1236 4403 1301 4464 iilia
1325 4403 1468 4464 eiusdem

205 4505 285 4568 Petri
310 4507 406 4588 jurati
431 4520 658 4590 postmortem
683 4527 775 4570 susm
792 4529 894 4590 usque
920 4528 1004 4570 nunc
1022 4508 1153 4592 pacifice
1169 4529 1296 4591 semper
1321 4529 1467 4592 perman·

203 4627 328 4690 serunt3
354 4627 384 4675 et
408 4614 486 4698 quia
509 4615 640 4696 antiqua
666 4615 756 4678 litera
790 4629 896 4678 nostra
927 4635 984 4677 seu
1008 4616 1143 4678 civitatis
1173 4616 1315 4698 predicte
1340 4616 1467 4698 privile·

203 4719 292 4799 gialis
317 4739 378 4802 pro
402 4733 492 4802 parte
516 4721 615 4801 ipsius
639 4722 777 4783 condam
803 4721 886 4784 Petri
912 4721 1006 4802 jurati
1035 4741 1131 4803 super
1156 4722 1223 4802 ipsa
1247 4735 1331 4784 terra
1355 4722 1467 4784 arabili

204 4825 323 4887 dudum
361 4823 507 4918 confecta
542 4841 573 4888 et
608 4841 755 4890 emanata
787 4829 874 4911 apud
905 4828 1074 4910 providam
1107 4829 1276 4890 mulierem
1309 4834 1466 4910 Agnetem

207 4929 335 5014 Chayka
362 4930 479 4994 dictam
506 4931 539 4993 in
555 4932 691 5014 pignore
715 4933 824 4996 habita
842 4935 1009 4996 casualiter
1027 4934 1192 5017 deperdita
1218 4933 1320 4996 extitit
1336 4953 1353 4996 a
1370 4947 1467 5012 certo,

208 5037 401 5119 quequidem
427 5037 518 5100 litera
542 5038 752 5120 privilegialis
776 5039 815 5100 ad
841 5040 956 5102 trinam
975 5039 1134 5102 forensem
1159 5054 1189 5102 et
1213 5040 1376 5123 publicam
1394 5059 1467 5124 pro-
