<?xml version="1.0" encoding="UTF-8"?>
<!DOCTYPE html PUBLIC "-//W3C//DTD XHTML 1.0 Transitional//EN"
    "http://www.w3.org/TR/xhtml1/DTD/xhtml1-transitional.dtd">
<html xmlns="http://www.w3.org/1999/xhtml" xml:lang="en" lang="en">
 <head>
  <title>
</title>
<meta http-equiv="Content-Type" content="text/html;charset=utf-8" />
  <meta name='ocr-system' content='tesseract 3.04.00' />
  <meta name='ocr-capabilities' content='ocr_page ocr_carea ocr_par ocr_line ocrx_word'/>
</head>
<body>
  <div class='ocr_page' id='page_1' title='image "./monumentahistor13laszgoog_0517.png"; bbox 0 0 3852 5814; ppageno 0'>
   <div class='ocr_carea' id='block_1_1' title="bbox 657 561 1541 639">
    <p class='ocr_par' dir='ltr' id='par_1_1' title="bbox 657 561 1541 639">
     <span class='ocr_line' id='line_1_1' title="bbox 657 561 1541 639; baseline 0.023 -21"><span class='ocrx_word' id='word_1_1' title='bbox 657 561 742 618; x_wconf 85' lang='lat' dir='ltr'>Anno</span> <span class='ocrx_word' id='word_1_2' title='bbox 765 569 852 635; x_wconf 80' lang='lat'><em>1477.</em></span> <span class='ocrx_word' id='word_1_3' title='bbox 879 593 920 602; x_wconf 90' lang='lat'><em>-</em></span> <span class='ocrx_word' id='word_1_4' title='bbox 937 573 992 638; x_wconf 79' lang='lat'>29.</span> <span class='ocrx_word' id='word_1_5' title='bbox 1006 561 1159 636; x_wconf 82' lang='lat' dir='ltr'>januarii.</span> <span class='ocrx_word' id='word_1_6' title='bbox 1477 578 1541 639; x_wconf 89' lang='lat'>457</span> 
     </span>
    </p>
   </div>
   <div class='ocr_carea' id='block_1_2' title="bbox 275 770 1541 1814">
    <p class='ocr_par' dir='ltr' id='par_1_2' title="bbox 275 770 1540 1174">
     <span class='ocr_line' id='line_1_2' title="bbox 275 770 1540 854; baseline -0.003 -20"><span class='ocrx_word' id='word_1_7' title='bbox 275 774 398 854; x_wconf 89' lang='lat' dir='ltr'>judices</span> <span class='ocrx_word' id='word_1_8' title='bbox 421 771 557 833; x_wconf 89' lang='lat' dir='ltr'>eandem</span> <span class='ocrx_word' id='word_1_9' title='bbox 592 790 719 832; x_wconf 91' lang='lat' dir='ltr'>causam</span> <span class='ocrx_word' id='word_1_10' title='bbox 752 791 808 852; x_wconf 91' lang='lat' dir='ltr'>per</span> <span class='ocrx_word' id='word_1_11' title='bbox 840 771 975 831; x_wconf 90' lang='lat' dir='ltr'>eandem</span> <span class='ocrx_word' id='word_1_12' title='bbox 1010 770 1133 831; x_wconf 87' lang='lat' dir='ltr'>lelkam</span> <span class='ocrx_word' id='word_1_13' title='bbox 1166 771 1373 852; x_wconf 80' lang='lat' dir='ltr'>appellatam,</span> <span class='ocrx_word' id='word_1_14' title='bbox 1398 771 1540 832; x_wconf 87' lang='lat' dir='ltr'>seniores</span> 
     </span>
     <span class='ocr_line' id='line_1_3' title="bbox 276 876 1540 960; baseline -0.002 -19"><span class='ocrx_word' id='word_1_15' title='bbox 276 880 397 960; x_wconf 88' lang='lat' dir='ltr'>judices</span> <span class='ocrx_word' id='word_1_16' title='bbox 413 878 658 958; x_wconf 80' lang='lat' dir='ltr'>adjudicassent,</span> <span class='ocrx_word' id='word_1_17' title='bbox 684 891 717 938; x_wconf 94' lang='lat' dir='ltr'>ut</span> <span class='ocrx_word' id='word_1_18' title='bbox 742 878 810 959; x_wconf 89' lang='lat' dir='ltr'>ipsa</span> <span class='ocrx_word' id='word_1_19' title='bbox 839 877 1108 958; x_wconf 88' lang='lat' dir='ltr'>vigesimaquinta</span> <span class='ocrx_word' id='word_1_20' title='bbox 1133 877 1219 956; x_wconf 82' lang='lat' dir='ltr'>juxta</span> <span class='ocrx_word' id='word_1_21' title='bbox 1249 889 1398 939; x_wconf 90' lang='lat' dir='ltr'>contenta</span> <span class='ocrx_word' id='word_1_22' title='bbox 1415 876 1540 957; x_wconf 90' lang='lat' dir='ltr'>adjudi-</span> 
     </span>
     <span class='ocr_line' id='line_1_4' title="bbox 276 983 1539 1065; baseline -0.003 -18"><span class='ocrx_word' id='word_1_23' title='bbox 276 986 415 1048; x_wconf 90' lang='lat' dir='ltr'>cacionis</span> <span class='ocrx_word' id='word_1_24' title='bbox 438 985 600 1046; x_wconf 90' lang='lat' dir='ltr'>seniorum</span> <span class='ocrx_word' id='word_1_25' title='bbox 621 983 764 1064; x_wconf 86' lang='lat' dir='ltr'>judicum</span> <span class='ocrx_word' id='word_1_26' title='bbox 790 984 841 1045; x_wconf 90' lang='lat' dir='ltr'>die</span> <span class='ocrx_word' id='word_1_27' title='bbox 866 997 897 1045; x_wconf 92' lang='lat' dir='ltr'>et</span> <span class='ocrx_word' id='word_1_28' title='bbox 921 984 994 1044; x_wconf 90' lang='lat' dir='ltr'>loco</span> <span class='ocrx_word' id='word_1_29' title='bbox 1013 983 1043 1044; x_wconf 95' lang='lat' dir='ltr'>in</span> <span class='ocrx_word' id='word_1_30' title='bbox 1070 984 1220 1064; x_wconf 85' lang='lat' dir='ltr'>predictis</span> <span class='ocrx_word' id='word_1_31' title='bbox 1245 984 1303 1045; x_wconf 87' lang='lat' dir='ltr'>rite</span> <span class='ocrx_word' id='word_1_32' title='bbox 1329 997 1358 1044; x_wconf 89' lang='lat' dir='ltr'>et</span> <span class='ocrx_word' id='word_1_33' title='bbox 1383 983 1539 1065; x_wconf 86' lang='lat' dir='ltr'>legittime</span> 
     </span>
     <span class='ocr_line' id='line_1_5' title="bbox 276 1090 991 1174; baseline -0.004 -19"><span class='ocrx_word' id='word_1_34' title='bbox 276 1093 491 1174; x_wconf 88' lang='lat' dir='ltr'>juramentum</span> <span class='ocrx_word' id='word_1_35' title='bbox 516 1111 608 1153; x_wconf 87' lang='lat' dir='ltr'>suum</span> <span class='ocrx_word' id='word_1_36' title='bbox 635 1091 785 1172; x_wconf 89' lang='lat' dir='ltr'>deposuit</span> <span class='ocrx_word' id='word_1_37' title='bbox 810 1103 843 1151; x_wconf 93' lang='lat' dir='ltr'>ut</span> <span class='ocrx_word' id='word_1_38' title='bbox 868 1090 991 1152; x_wconf 89' lang='lat' dir='ltr'>debuit.</span> 
     </span>
    </p>

    <p class='ocr_par' dir='ltr' id='par_1_3' title="bbox 276 1197 1541 1814">
     <span class='ocr_line' id='line_1_6' title="bbox 382 1197 1537 1280; baseline -0.002 -21"><span class='ocrx_word' id='word_1_39' title='bbox 382 1199 460 1260; x_wconf 88' lang='lat' dir='ltr'>ltem</span> <span class='ocrx_word' id='word_1_40' title='bbox 486 1199 616 1280; x_wconf 91' lang='lat' dir='ltr'>insuper</span> <span class='ocrx_word' id='word_1_41' title='bbox 640 1197 727 1259; x_wconf 92' lang='lat' dir='ltr'>idem</span> <span class='ocrx_word' id='word_1_42' title='bbox 753 1197 919 1258; x_wconf 87' lang='lat' dir='ltr'>Emericus</span> <span class='ocrx_word' id='word_1_43' title='bbox 944 1197 1074 1278; x_wconf 90' lang='lat' dir='ltr'>sellipar</span> <span class='ocrx_word' id='word_1_44' title='bbox 1106 1197 1263 1278; x_wconf 91' lang='lat' dir='ltr'>obligavit</span> <span class='ocrx_word' id='word_1_45' title='bbox 1286 1217 1318 1258; x_wconf 92' lang='lat' dir='ltr'>se</span> <span class='ocrx_word' id='word_1_46' title='bbox 1344 1199 1375 1258; x_wconf 92' lang='lat' dir='ltr'>in</span> <span class='ocrx_word' id='word_1_47' title='bbox 1401 1216 1537 1280; x_wconf 90' lang='lat' dir='ltr'>persona</span> 
     </span>
     <span class='ocr_line' id='line_1_7' title="bbox 276 1303 1538 1386; baseline -0.003 -18"><span class='ocrx_word' id='word_1_48' title='bbox 276 1306 419 1368; x_wconf 90' lang='lat' dir='ltr'>eiusdem</span> <span class='ocrx_word' id='word_1_49' title='bbox 438 1306 593 1367; x_wconf 87' lang='lat' dir='ltr'>consortis</span> <span class='ocrx_word' id='word_1_50' title='bbox 610 1325 676 1381; x_wconf 90' lang='lat' dir='ltr'>sue,</span> <span class='ocrx_word' id='word_1_51' title='bbox 701 1323 737 1366; x_wconf 88' lang='lat' dir='ltr'>ac</span> <span class='ocrx_word' id='word_1_52' title='bbox 755 1303 839 1364; x_wconf 90' lang='lat' dir='ltr'>idern</span> <span class='ocrx_word' id='word_1_53' title='bbox 863 1304 1028 1365; x_wconf 87' lang='lat' dir='ltr'>Emeticus</span> <span class='ocrx_word' id='word_1_54' title='bbox 1046 1303 1203 1384; x_wconf 90' lang='lat' dir='ltr'>obligavit</span> <span class='ocrx_word' id='word_1_55' title='bbox 1220 1319 1315 1386; x_wconf 90' lang='lat' dir='ltr'>caput</span> <span class='ocrx_word' id='word_1_56' title='bbox 1338 1323 1431 1366; x_wconf 89' lang='lat' dir='ltr'>suum</span> <span class='ocrx_word' id='word_1_57' title='bbox 1450 1304 1538 1386; x_wconf 94' lang='lat' dir='ltr'>quod</span> 
     </span>
     <span class='ocr_line' id='line_1_8' title="bbox 278 1389 1539 1493; baseline -0.002 -20"><span class='ocrx_word' id='word_1_58' title='bbox 278 1413 303 1474; x_wconf 92' lang='lat' dir='ltr'>si</span> <span class='ocrx_word' id='word_1_59' title='bbox 328 1413 496 1474; x_wconf 84' lang='lat' dir='ltr'>resciretur</span> <span class='ocrx_word' id='word_1_60' title='bbox 520 1411 552 1472; x_wconf 94' lang='lat' dir='ltr'>in</span> <span class='ocrx_word' id='word_1_61' title='bbox 585 1410 728 1473; x_wconf 84' lang='lat' dir='ltr'>futurum</span> <span class='ocrx_word' id='word_1_62' title='bbox 761 1423 792 1472; x_wconf 90' lang='lat' dir='ltr'>et</span> <span class='ocrx_word' id='word_1_63' title='bbox 823 1409 854 1470; x_wconf 91' lang='lat' dir='ltr'>in</span> <span class='ocrx_word' id='word_1_64' title='bbox 887 1424 1049 1491; x_wconf 88' lang='lat' dir='ltr'>posterum</span> <span class='ocrx_word' id='word_1_65' title='bbox 1069 1389 1167 1492; x_wconf 55' lang='lat' dir='ltr'>⁸quod</span> <span class='ocrx_word' id='word_1_66' title='bbox 1201 1411 1268 1493; x_wconf 92' lang='lat' dir='ltr'>ipsa</span> <span class='ocrx_word' id='word_1_67' title='bbox 1291 1412 1427 1492; x_wconf 92' lang='lat' dir='ltr'>pecunia</span> <span class='ocrx_word' id='word_1_68' title='bbox 1453 1411 1539 1493; x_wconf 91' lang='lat' dir='ltr'>apud</span> 
     </span>
     <span class='ocr_line' id='line_1_9' title="bbox 278 1517 1540 1600; baseline -0.001 -21"><span class='ocrx_word' id='word_1_69' title='bbox 278 1518 413 1580; x_wconf 89' lang='lat' dir='ltr'>eandem</span> <span class='ocrx_word' id='word_1_70' title='bbox 439 1518 564 1579; x_wconf 83' lang='lat' dir='ltr'>lellram</span> <span class='ocrx_word' id='word_1_71' title='bbox 589 1517 757 1578; x_wconf 87' lang='lat' dir='ltr'>resciretur</span> <span class='ocrx_word' id='word_1_72' title='bbox 773 1517 862 1598; x_wconf 94' lang='lat' dir='ltr'>quod</span> <span class='ocrx_word' id='word_1_73' title='bbox 888 1517 955 1598; x_wconf 91' lang='lat' dir='ltr'>ipsa</span> <span class='ocrx_word' id='word_1_74' title='bbox 972 1517 1142 1598; x_wconf 89' lang='lat' dir='ltr'>recepisset</span> <span class='ocrx_word' id='word_1_75' title='bbox 1165 1517 1216 1580; x_wconf 93' lang='lat' dir='ltr'>vel</span> <span class='ocrx_word' id='word_1_76' title='bbox 1241 1518 1399 1600; x_wconf 88' lang='lat' dir='ltr'>particeps</span> <span class='ocrx_word' id='word_1_77' title='bbox 1424 1517 1455 1578; x_wconf 93' lang='lat' dir='ltr'>in</span> <span class='ocrx_word' id='word_1_78' title='bbox 1474 1517 1540 1599; x_wconf 89' lang='lat' dir='ltr'>ipsa</span> 
     </span>
     <span class='ocr_line' id='line_1_10' title="bbox 280 1623 1541 1707; baseline -0.002 -21"><span class='ocrx_word' id='word_1_79' title='bbox 280 1624 415 1707; x_wconf 87' lang='lat' dir='ltr'>pecunia</span> <span class='ocrx_word' id='word_1_80' title='bbox 442 1623 563 1703; x_wconf 88' lang='lat' dir='ltr'>luisset,</span> <span class='ocrx_word' id='word_1_81' title='bbox 588 1623 676 1706; x_wconf 94' lang='lat' dir='ltr'>quod</span> <span class='ocrx_word' id='word_1_82' title='bbox 702 1624 772 1705; x_wconf 90' lang='lat' dir='ltr'>ipse</span> <span class='ocrx_word' id='word_1_83' title='bbox 797 1623 964 1684; x_wconf 88' lang='lat' dir='ltr'>Emericus</span> <span class='ocrx_word' id='word_1_84' title='bbox 987 1623 1149 1705; x_wconf 92' lang='lat' dir='ltr'>predictus</span> <span class='ocrx_word' id='word_1_85' title='bbox 1172 1639 1267 1706; x_wconf 90' lang='lat' dir='ltr'>caput</span> <span class='ocrx_word' id='word_1_86' title='bbox 1291 1643 1383 1684; x_wconf 89' lang='lat' dir='ltr'>suum</span> <span class='ocrx_word' id='word_1_87' title='bbox 1409 1642 1467 1706; x_wconf 92' lang='lat' dir='ltr'>pro</span> <span class='ocrx_word' id='word_1_88' title='bbox 1491 1642 1541 1684; x_wconf 88' lang='lat' dir='ltr'>so·</span> 
     </span>
     <span class='ocr_line' id='line_1_11' title="bbox 280 1730 1180 1814; baseline -0.001 -22"><span class='ocrx_word' id='word_1_89' title='bbox 280 1731 409 1792; x_wconf 90' lang='lat' dir='ltr'>lucione</span> <span class='ocrx_word' id='word_1_90' title='bbox 434 1730 576 1814; x_wconf 91' lang='lat' dir='ltr'>predicte</span> <span class='ocrx_word' id='word_1_91' title='bbox 601 1730 737 1812; x_wconf 88' lang='lat' dir='ltr'>pecunie</span> <span class='ocrx_word' id='word_1_92' title='bbox 763 1730 924 1811; x_wconf 88' lang='lat' dir='ltr'>deponere</span> <span class='ocrx_word' id='word_1_93' title='bbox 949 1730 1180 1811; x_wconf 87' lang='lat' dir='ltr'>compromisit.</span> 
     </span>
    </p>
   </div>
   <div class='ocr_carea' id='block_1_3' title="bbox 357 1964 1468 2058">
    <p class='ocr_par' dir='ltr' id='par_1_4' title="bbox 357 1964 1468 2058">
     <span class='ocr_line' id='line_1_12' title="bbox 357 1964 1468 2058; baseline -0.003 -18"><span class='ocrx_word' id='word_1_94' title='bbox 357 1966 453 2040; x_wconf 83' lang='lat' dir='ltr'>Feria</span> <span class='ocrx_word' id='word_1_95' title='bbox 483 1977 608 2058; x_wconf 86' lang='lat' dir='ltr'>quarta</span> <span class='ocrx_word' id='word_1_96' title='bbox 637 1977 716 2040; x_wconf 90' lang='lat' dir='ltr'>ante</span> <span class='ocrx_word' id='word_1_97' title='bbox 749 1967 1025 2039; x_wconf 88' lang='lat' dir='ltr'>Purificacionem</span> <span class='ocrx_word' id='word_1_98' title='bbox 1054 1967 1150 2039; x_wconf 84' lang='lat' dir='ltr'>beate</span> <span class='ocrx_word' id='word_1_99' title='bbox 1183 1965 1287 2040; x_wconf 91' lang='lat' dir='ltr'>llarie</span> <span class='ocrx_word' id='word_1_100' title='bbox 1315 1964 1468 2056; x_wconf 82' lang='lat' dir='ltr'>virginis.</span> 
     </span>
    </p>
   </div>
   <div class='ocr_carea' id='block_1_4' title="bbox 678 2121 1131 2200">
    <p class='ocr_par' dir='ltr' id='par_1_5' title="bbox 678 2121 1131 2200">
     <span class='ocr_line' id='line_1_13' title="bbox 678 2121 1131 2200; baseline 0.015 -25"><span class='ocrx_word' id='word_1_101' title='bbox 678 2124 742 2200; x_wconf 86' lang='lat'><em>(29.</em></span> <span class='ocrx_word' id='word_1_102' title='bbox 757 2123 908 2199; x_wconf 82' lang='lat' dir='ltr'>januarii,</span> <span class='ocrx_word' id='word_1_103' title='bbox 933 2141 1002 2182; x_wconf 87' lang='lat' dir='ltr'>ann.</span> <span class='ocrx_word' id='word_1_104' title='bbox 1029 2121 1131 2200; x_wconf 72' lang='lat'><em>1477).</em></span> 
     </span>
    </p>
   </div>
   <div class='ocr_carea' id='block_1_5' title="bbox 272 2261 1541 5005">
    <p class='ocr_par' dir='ltr' id='par_1_6' title="bbox 276 2261 1541 3178">
     <span class='ocr_line' id='line_1_14' title="bbox 385 2261 1540 2344; baseline 0.002 -20"><span class='ocrx_word' id='word_1_105' title='bbox 385 2263 462 2324; x_wconf 92' lang='lat' dir='ltr'>ltem</span> <span class='ocrx_word' id='word_1_106' title='bbox 489 2261 616 2324; x_wconf 86' lang='lat' dir='ltr'>Gredak</span> <span class='ocrx_word' id='word_1_107' title='bbox 642 2281 770 2324; x_wconf 90' lang='lat' dir='ltr'>causam</span> <span class='ocrx_word' id='word_1_108' title='bbox 796 2282 886 2324; x_wconf 91' lang='lat' dir='ltr'>suam</span> <span class='ocrx_word' id='word_1_109' title='bbox 919 2262 1087 2344; x_wconf 89' lang='lat' dir='ltr'>proposuit</span> <span class='ocrx_word' id='word_1_110' title='bbox 1118 2275 1227 2324; x_wconf 91' lang='lat' dir='ltr'>contra</span> <span class='ocrx_word' id='word_1_111' title='bbox 1251 2275 1282 2325; x_wconf 92' lang='lat' dir='ltr'>et</span> <span class='ocrx_word' id='word_1_112' title='bbox 1306 2263 1458 2326; x_wconf 91' lang='lat' dir='ltr'>adversus</span> <span class='ocrx_word' id='word_1_113' title='bbox 1482 2265 1540 2326; x_wconf 90' lang='lat' dir='ltr'>cir-</span> 
     </span>
     <span class='ocr_line' id='line_1_15' title="bbox 278 2369 1541 2453; baseline 0 -21"><span class='ocrx_word' id='word_1_114' title='bbox 278 2383 496 2452; x_wconf 88' lang='lat' dir='ltr'>cumspectum</span> <span class='ocrx_word' id='word_1_115' title='bbox 522 2369 627 2430; x_wconf 90' lang='lat' dir='ltr'>virum</span> <span class='ocrx_word' id='word_1_116' title='bbox 662 2369 815 2431; x_wconf 88' lang='lat' dir='ltr'>Mathiam</span> <span class='ocrx_word' id='word_1_117' title='bbox 848 2389 1003 2450; x_wconf 77' lang='lat' dir='ltr'>generum</span> <span class='ocrx_word' id='word_1_118' title='bbox 1036 2369 1173 2430; x_wconf 90' lang='lat' dir='ltr'>condam</span> <span class='ocrx_word' id='word_1_119' title='bbox 1205 2369 1333 2431; x_wconf 84' lang='lat' dir='ltr'>Andree</span> <span class='ocrx_word' id='word_1_120' title='bbox 1359 2369 1541 2453; x_wconf 88' lang='lat' dir='ltr'>Symwnicz</span> 
     </span>
     <span class='ocr_line' id='line_1_16' title="bbox 276 2475 1540 2559; baseline 0 -21"><span class='ocrx_word' id='word_1_121' title='bbox 276 2475 454 2558; x_wconf 78' lang='lat' dir='ltr'>judicis&#39;eo</span> <span class='ocrx_word' id='word_1_122' title='bbox 479 2476 588 2554; x_wconf 92' lang='lat' dir='ltr'>mod0,</span> <span class='ocrx_word' id='word_1_123' title='bbox 615 2491 648 2538; x_wconf 91' lang='lat' dir='ltr'>ut</span> <span class='ocrx_word' id='word_1_124' title='bbox 673 2476 739 2558; x_wconf 89' lang='lat' dir='ltr'>ipse</span> <span class='ocrx_word' id='word_1_125' title='bbox 758 2491 888 2558; x_wconf 89' lang='lat' dir='ltr'>propter</span> <span class='ocrx_word' id='word_1_126' title='bbox 908 2475 1036 2536; x_wconf 89' lang='lat' dir='ltr'>dacium</span> <span class='ocrx_word' id='word_1_127' title='bbox 1061 2476 1147 2556; x_wconf 88' lang='lat' dir='ltr'>regie</span> <span class='ocrx_word' id='word_1_128' title='bbox 1166 2476 1340 2538; x_wconf 83' lang='lat' dir='ltr'>Maiestatis</span> <span class='ocrx_word' id='word_1_129' title='bbox 1364 2491 1394 2538; x_wconf 92' lang='lat' dir='ltr'>et</span> <span class='ocrx_word' id='word_1_130' title='bbox 1411 2491 1540 2559; x_wconf 90' lang='lat' dir='ltr'>propter</span> 
     </span>
     <span class='ocr_line' id='line_1_17' title="bbox 277 2580 1537 2662; baseline 0 -18"><span class='ocrx_word' id='word_1_131' title='bbox 277 2603 342 2645; x_wconf 93' lang='lat' dir='ltr'>non</span> <span class='ocrx_word' id='word_1_132' title='bbox 378 2583 580 2644; x_wconf 91' lang='lat' dir='ltr'>solucionem</span> <span class='ocrx_word' id='word_1_133' title='bbox 616 2583 750 2644; x_wconf 91' lang='lat' dir='ltr'>domum</span> <span class='ocrx_word' id='word_1_134' title='bbox 782 2601 872 2644; x_wconf 90' lang='lat' dir='ltr'>suam</span> <span class='ocrx_word' id='word_1_135' title='bbox 905 2581 1070 2644; x_wconf 90' lang='lat' dir='ltr'>recludere</span> <span class='ocrx_word' id='word_1_136' title='bbox 1102 2580 1244 2662; x_wconf 83' lang='lat' dir='ltr'>lecisset,</span> <span class='ocrx_word' id='word_1_137' title='bbox 1269 2603 1306 2644; x_wconf 88' lang='lat' dir='ltr'>ae</span> <span class='ocrx_word' id='word_1_138' title='bbox 1329 2585 1387 2645; x_wconf 88' lang='lat' dir='ltr'>sub</span> <span class='ocrx_word' id='word_1_139' title='bbox 1424 2582 1537 2644; x_wconf 91' lang='lat' dir='ltr'>eadem</span> 
     </span>
     <span class='ocr_line' id='line_1_18' title="bbox 277 2688 1537 2771; baseline 0.001 -21"><span class='ocrx_word' id='word_1_140' title='bbox 277 2689 474 2751; x_wconf 87' lang='lat' dir='ltr'>recclusione</span> <span class='ocrx_word' id='word_1_141' title='bbox 507 2708 620 2750; x_wconf 89' lang='lat' dir='ltr'>omnes</span> <span class='ocrx_word' id='word_1_142' title='bbox 644 2709 692 2749; x_wconf 88' lang='lat' dir='ltr'>res</span> <span class='ocrx_word' id='word_1_143' title='bbox 716 2709 772 2750; x_wconf 91' lang='lat' dir='ltr'>sue</span> <span class='ocrx_word' id='word_1_144' title='bbox 797 2688 919 2770; x_wconf 92' lang='lat' dir='ltr'>perdite</span> <span class='ocrx_word' id='word_1_145' title='bbox 953 2701 1068 2768; x_wconf 87' lang='lat' dir='ltr'>essent,</span> <span class='ocrx_word' id='word_1_146' title='bbox 1092 2690 1307 2752; x_wconf 90' lang='lat' dir='ltr'>communitas</span> <span class='ocrx_word' id='word_1_147' title='bbox 1331 2689 1537 2771; x_wconf 88' lang='lat' dir='ltr'>adjudicavit,</span> 
     </span>
     <span class='ocr_line' id='line_1_19' title="bbox 278 2793 1538 2876; baseline 0.001 -19"><span class='ocrx_word' id='word_1_148' title='bbox 278 2810 313 2857; x_wconf 91' lang='lat' dir='ltr'>ut</span> <span class='ocrx_word' id='word_1_149' title='bbox 336 2795 421 2858; x_wconf 88' lang='lat' dir='ltr'>idem</span> <span class='ocrx_word' id='word_1_150' title='bbox 448 2795 575 2858; x_wconf 88' lang='lat' dir='ltr'>Gredak</span> <span class='ocrx_word' id='word_1_151' title='bbox 601 2810 711 2858; x_wconf 89' lang='lat' dir='ltr'>contra</span> <span class='ocrx_word' id='word_1_152' title='bbox 745 2796 884 2858; x_wconf 89' lang='lat' dir='ltr'>eundern</span> <span class='ocrx_word' id='word_1_153' title='bbox 910 2795 1064 2857; x_wconf 90' lang='lat' dir='ltr'>Mathiam</span> <span class='ocrx_word' id='word_1_154' title='bbox 1090 2793 1229 2876; x_wconf 86' lang='lat' dir='ltr'>judicem</span> <span class='ocrx_word' id='word_1_155' title='bbox 1255 2797 1408 2857; x_wconf 88' lang='lat' dir='ltr'>remansit</span> <span class='ocrx_word' id='word_1_156' title='bbox 1431 2797 1463 2858; x_wconf 93' lang='lat' dir='ltr'>in</span> <span class='ocrx_word' id='word_1_157' title='bbox 1489 2817 1538 2858; x_wconf 90' lang='lat' dir='ltr'>ca·</span> 
     </span>
     <span class='ocr_line' id='line_1_20' title="bbox 277 2901 1540 2985; baseline 0.001 -21"><span class='ocrx_word' id='word_1_158' title='bbox 277 2902 422 2984; x_wconf 89' lang='lat' dir='ltr'>lumpnia</span> <span class='ocrx_word' id='word_1_159' title='bbox 446 2921 504 2985; x_wconf 92' lang='lat' dir='ltr'>pro</span> <span class='ocrx_word' id='word_1_160' title='bbox 527 2921 576 2980; x_wconf 89' lang='lat' dir='ltr'>e0,</span> <span class='ocrx_word' id='word_1_161' title='bbox 594 2901 682 2984; x_wconf 92' lang='lat' dir='ltr'>quod</span> <span class='ocrx_word' id='word_1_162' title='bbox 707 2901 872 2964; x_wconf 89' lang='lat' dir='ltr'>accionem</span> <span class='ocrx_word' id='word_1_163' title='bbox 897 2921 987 2962; x_wconf 90' lang='lat' dir='ltr'>suam</span> <span class='ocrx_word' id='word_1_164' title='bbox 1005 2901 1096 2963; x_wconf 93' lang='lat' dir='ltr'>nullo</span> <span class='ocrx_word' id='word_1_165' title='bbox 1120 2901 1304 2964; x_wconf 89' lang='lat' dir='ltr'>testimonio</span> <span class='ocrx_word' id='word_1_166' title='bbox 1330 2905 1540 2985; x_wconf 91' lang='lat' dir='ltr'>comprobare</span> 
     </span>
     <span class='ocr_line' id='line_1_21' title="bbox 276 3007 1541 3091; baseline 0.002 -22"><span class='ocrx_word' id='word_1_167' title='bbox 276 3009 382 3091; x_wconf 90' lang='lat' dir='ltr'>potuit</span> <span class='ocrx_word' id='word_1_168' title='bbox 405 3021 436 3070; x_wconf 89' lang='lat' dir='ltr'>et</span> <span class='ocrx_word' id='word_1_169' title='bbox 467 3008 647 3090; x_wconf 89' lang='lat' dir='ltr'>specialiter</span> <span class='ocrx_word' id='word_1_170' title='bbox 678 3021 808 3090; x_wconf 91' lang='lat' dir='ltr'>propter</span> <span class='ocrx_word' id='word_1_171' title='bbox 840 3007 1013 3090; x_wconf 91' lang='lat' dir='ltr'>quemdam</span> <span class='ocrx_word' id='word_1_172' title='bbox 1047 3027 1146 3069; x_wconf 92' lang='lat' dir='ltr'>unum</span> <span class='ocrx_word' id='word_1_173' title='bbox 1179 3009 1248 3072; x_wconf 90' lang='lat' dir='ltr'>flor.</span> <span class='ocrx_word' id='word_1_174' title='bbox 1280 3029 1377 3090; x_wconf 90' lang='lat' dir='ltr'>quem</span> <span class='ocrx_word' id='word_1_175' title='bbox 1402 3009 1541 3073; x_wconf 87' lang='lat' dir='ltr'>debebat</span> 
     </span>
     <span class='ocr_line' id='line_1_22' title="bbox 278 3115 747 3178; baseline 0.002 -1"><span class='ocrx_word' id='word_1_176' title='bbox 278 3115 488 3178; x_wconf 88' lang='lat' dir='ltr'>accomodare</span> <span class='ocrx_word' id='word_1_177' title='bbox 513 3115 747 3178; x_wconf 89' lang='lat' dir='ltr'>communitati.</span> 
     </span>
    </p>

    <p class='ocr_par' dir='ltr' id='par_1_7' title="bbox 272 3220 1540 5005">
     <span class='ocr_line' id='line_1_23' title="bbox 382 3220 1540 3302; baseline 0.002 -18"><span class='ocrx_word' id='word_1_178' title='bbox 382 3221 460 3284; x_wconf 91' lang='lat' dir='ltr'>ltem</span> <span class='ocrx_word' id='word_1_179' title='bbox 485 3221 571 3282; x_wconf 91' lang='lat' dir='ltr'>idem</span> <span class='ocrx_word' id='word_1_180' title='bbox 597 3221 725 3283; x_wconf 88' lang='lat' dir='ltr'>Gredak</span> <span class='ocrx_word' id='word_1_181' title='bbox 750 3220 882 3282; x_wconf 83' lang='lat' dir='ltr'>excessit</span> <span class='ocrx_word' id='word_1_182' title='bbox 915 3240 973 3302; x_wconf 91' lang='lat' dir='ltr'>pro</span> <span class='ocrx_word' id='word_1_183' title='bbox 1001 3235 1067 3284; x_wconf 89' lang='lat' dir='ltr'>tota</span> <span class='ocrx_word' id='word_1_184' title='bbox 1100 3223 1330 3284; x_wconf 86' lang='lat' dir='ltr'>communitate</span> <span class='ocrx_word' id='word_1_185' title='bbox 1355 3225 1483 3286; x_wconf 86' lang='lat' dir='ltr'>racione</span> <span class='ocrx_word' id='word_1_186' title='bbox 1509 3237 1540 3286; x_wconf 92' lang='lat' dir='ltr'>et</span> 
     </span>
     <span class='ocr_line' id='line_1_24' title="bbox 276 3327 1540 3410; baseline 0.002 -21"><span class='ocrx_word' id='word_1_187' title='bbox 276 3341 420 3409; x_wconf 85' lang='lat' dir='ltr'>pretextu</span> <span class='ocrx_word' id='word_1_188' title='bbox 456 3328 545 3410; x_wconf 91' lang='lat' dir='ltr'>quod</span> <span class='ocrx_word' id='word_1_189' title='bbox 580 3328 716 3390; x_wconf 88' lang='lat' dir='ltr'>eandem</span> <span class='ocrx_word' id='word_1_190' title='bbox 754 3327 1019 3390; x_wconf 84' lang='lat' dir='ltr'>communitatem</span> <span class='ocrx_word' id='word_1_191' title='bbox 1057 3329 1176 3390; x_wconf 88' lang='lat' dir='ltr'>civium</span> <span class='ocrx_word' id='word_1_192' title='bbox 1211 3329 1320 3391; x_wconf 90' lang='lat' dir='ltr'>multis</span> <span class='ocrx_word' id='word_1_193' title='bbox 1353 3330 1472 3391; x_wconf 91' lang='lat' dir='ltr'>illicitis</span> <span class='ocrx_word' id='word_1_194' title='bbox 1510 3344 1540 3393; x_wconf 87' lang='lat' dir='ltr'>et</span> 
     </span>
     <span class='ocr_line' id='line_1_25' title="bbox 275 3433 1537 3517; baseline 0.004 -24"><span class='ocrx_word' id='word_1_195' title='bbox 275 3434 479 3515; x_wconf 89' lang='lat' dir='ltr'>vituperiosis</span> <span class='ocrx_word' id='word_1_196' title='bbox 504 3435 610 3496; x_wconf 85' lang='lat' dir='ltr'>verbis</span> <span class='ocrx_word' id='word_1_197' title='bbox 630 3433 840 3515; x_wconf 89' lang='lat' dir='ltr'>vituperasset</span> <span class='ocrx_word' id='word_1_198' title='bbox 864 3453 900 3496; x_wconf 94' lang='lat' dir='ltr'>ac</span> <span class='ocrx_word' id='word_1_199' title='bbox 918 3435 1049 3496; x_wconf 89' lang='lat' dir='ltr'>eosdem</span> <span class='ocrx_word' id='word_1_200' title='bbox 1074 3434 1242 3497; x_wconf 89' lang='lat' dir='ltr'>traditores</span> <span class='ocrx_word' id='word_1_201' title='bbox 1267 3437 1473 3516; x_wconf 88' lang='lat' dir='ltr'>nominasset,</span> <span class='ocrx_word' id='word_1_202' title='bbox 1491 3437 1537 3517; x_wconf 88' lang='lat' dir='ltr'>ju·</span> 
     </span>
     <span class='ocr_line' id='line_1_26' title="bbox 277 3539 1538 3625; baseline 0.004 -25"><span class='ocrx_word' id='word_1_203' title='bbox 277 3540 334 3601; x_wconf 91' lang='lat' dir='ltr'>rati</span> <span class='ocrx_word' id='word_1_204' title='bbox 368 3561 385 3601; x_wconf 93' lang='lat' dir='ltr'>a</span> <span class='ocrx_word' id='word_1_205' title='bbox 418 3541 648 3602; x_wconf 90' lang='lat' dir='ltr'>communitate</span> <span class='ocrx_word' id='word_1_206' title='bbox 680 3541 772 3602; x_wconf 90' lang='lat' dir='ltr'>electi</span> <span class='ocrx_word' id='word_1_207' title='bbox 805 3539 1071 3622; x_wconf 78' lang='lat' dir='ltr'>adjudicaverunt</span> <span class='ocrx_word' id='word_1_208' title='bbox 1102 3562 1240 3621; x_wconf 89' lang='lat' dir='ltr'>causam,</span> <span class='ocrx_word' id='word_1_209' title='bbox 1273 3544 1361 3624; x_wconf 93' lang='lat' dir='ltr'>quod</span> <span class='ocrx_word' id='word_1_210' title='bbox 1394 3544 1538 3625; x_wconf 79' lang='lat' dir='ltr'>linguam</span> 
     </span>
     <span class='ocr_line' id='line_1_27' title="bbox 275 3647 1540 3732; baseline 0.002 -24"><span class='ocrx_word' id='word_1_211' title='bbox 275 3666 364 3708; x_wconf 88' lang='lat' dir='ltr'>suam</span> <span class='ocrx_word' id='word_1_212' title='bbox 379 3648 524 3710; x_wconf 91' lang='lat' dir='ltr'>amittere</span> <span class='ocrx_word' id='word_1_213' title='bbox 538 3667 594 3709; x_wconf 90' lang='lat' dir='ltr'>seu</span> <span class='ocrx_word' id='word_1_214' title='bbox 607 3647 771 3709; x_wconf 91' lang='lat' dir='ltr'>abscidere</span> <span class='ocrx_word' id='word_1_215' title='bbox 789 3661 964 3709; x_wconf 89' lang='lat' dir='ltr'>mereretur</span> <span class='ocrx_word' id='word_1_216' title='bbox 980 3667 1036 3708; x_wconf 89' lang='lat' dir='ltr'>seu</span> <span class='ocrx_word' id='word_1_217' title='bbox 1054 3649 1170 3730; x_wconf 91' lang='lat' dir='ltr'>privari</span> <span class='ocrx_word' id='word_1_218' title='bbox 1188 3649 1293 3729; x_wconf 90' lang='lat' dir='ltr'>debet,</span> <span class='ocrx_word' id='word_1_219' title='bbox 1312 3650 1367 3710; x_wconf 91' lang='lat' dir='ltr'>sed</span> <span class='ocrx_word' id='word_1_220' title='bbox 1392 3670 1464 3711; x_wconf 93' lang='lat' dir='ltr'>cum</span> <span class='ocrx_word' id='word_1_221' title='bbox 1484 3671 1540 3732; x_wconf 91' lang='lat' dir='ltr'>per</span> 
     </span>
     <span class='ocr_line' id='line_1_28' title="bbox 276 3753 1538 3836; baseline 0.004 -22"><span class='ocrx_word' id='word_1_222' title='bbox 276 3753 551 3836; x_wconf 91' lang='lat' dir='ltr'>supplicacionem</span> <span class='ocrx_word' id='word_1_223' title='bbox 577 3768 736 3815; x_wconf 91' lang='lat' dir='ltr'>certorum</span> <span class='ocrx_word' id='word_1_224' title='bbox 761 3755 936 3834; x_wconf 90' lang='lat' dir='ltr'>proborum</span> <span class='ocrx_word' id='word_1_225' title='bbox 962 3753 1105 3816; x_wconf 88' lang='lat' dir='ltr'>virorum</span> <span class='ocrx_word' id='word_1_226' title='bbox 1131 3755 1263 3818; x_wconf 80' lang='lat' dir='ltr'>fratrum</span> <span class='ocrx_word' id='word_1_227' title='bbox 1287 3777 1342 3819; x_wconf 90' lang='lat' dir='ltr'>seu</span> <span class='ocrx_word' id='word_1_228' title='bbox 1367 3757 1486 3818; x_wconf 91' lang='lat' dir='ltr'>civium</span> <span class='ocrx_word' id='word_1_229' title='bbox 1503 3777 1538 3819; x_wconf 91' lang='lat' dir='ltr'>ac</span> 
     </span>
     <span class='ocr_line' id='line_1_29' title="bbox 275 3860 1538 3941; baseline 0.003 -19"><span class='ocrx_word' id='word_1_230' title='bbox 275 3873 432 3922; x_wconf 90' lang='lat' dir='ltr'>certarum</span> <span class='ocrx_word' id='word_1_231' title='bbox 458 3860 663 3922; x_wconf 90' lang='lat' dir='ltr'>dominarum</span> <span class='ocrx_word' id='word_1_232' title='bbox 688 3860 874 3922; x_wconf 88' lang='lat' dir='ltr'>civissarum</span> <span class='ocrx_word' id='word_1_233' title='bbox 900 3880 958 3941; x_wconf 92' lang='lat' dir='ltr'>pro</span> <span class='ocrx_word' id='word_1_234' title='bbox 982 3860 1169 3924; x_wconf 91' lang='lat' dir='ltr'>huiusmodi</span> <span class='ocrx_word' id='word_1_235' title='bbox 1194 3883 1323 3925; x_wconf 86' lang='lat' dir='ltr'>excessu</span> <span class='ocrx_word' id='word_1_236' title='bbox 1347 3884 1403 3926; x_wconf 90' lang='lat' dir='ltr'>seu</span> <span class='ocrx_word' id='word_1_237' title='bbox 1421 3865 1538 3926; x_wconf 90' lang='lat' dir='ltr'>delicto</span> 
     </span>
     <span class='ocr_line' id='line_1_30' title="bbox 274 3966 1539 4053; baseline 0.005 -27"><span class='ocrx_word' id='word_1_238' title='bbox 274 3985 332 4028; x_wconf 88' lang='lat' dir='ltr'>suo</span> <span class='ocrx_word' id='word_1_239' title='bbox 357 3985 414 4048; x_wconf 91' lang='lat' dir='ltr'>per</span> <span class='ocrx_word' id='word_1_240' title='bbox 437 3979 538 4029; x_wconf 89' lang='lat' dir='ltr'>totam</span> <span class='ocrx_word' id='word_1_241' title='bbox 556 3967 823 4028; x_wconf 90' lang='lat' dir='ltr'>communitatem</span> <span class='ocrx_word' id='word_1_242' title='bbox 848 3966 907 4029; x_wconf 91' lang='lat' dir='ltr'>sibi</span> <span class='ocrx_word' id='word_1_243' title='bbox 925 3968 1032 4047; x_wconf 88' lang='lat' dir='ltr'>gracia</span> <span class='ocrx_word' id='word_1_244' title='bbox 1055 3967 1139 4030; x_wconf 87' lang='lat' dir='ltr'>lacta</span> <span class='ocrx_word' id='word_1_245' title='bbox 1164 3983 1221 4047; x_wconf 89' lang='lat' dir='ltr'>est,</span> <span class='ocrx_word' id='word_1_246' title='bbox 1247 3969 1288 4031; x_wconf 91' lang='lat' dir='ltr'>ita</span> <span class='ocrx_word' id='word_1_247' title='bbox 1313 3985 1432 4050; x_wconf 91' lang='lat' dir='ltr'>tamen,</span> <span class='ocrx_word' id='word_1_248' title='bbox 1450 3972 1539 4053; x_wconf 92' lang='lat' dir='ltr'>quod</span> 
     </span>
     <span class='ocr_line' id='line_1_31' title="bbox 274 4072 1538 4160; baseline 0.005 -26"><span class='ocrx_word' id='word_1_249' title='bbox 274 4073 300 4134; x_wconf 91' lang='lat' dir='ltr'>si</span> <span class='ocrx_word' id='word_1_250' title='bbox 323 4072 386 4154; x_wconf 88' lang='lat' dir='ltr'>jam</span> <span class='ocrx_word' id='word_1_251' title='bbox 413 4093 470 4155; x_wconf 90' lang='lat' dir='ltr'>per</span> <span class='ocrx_word' id='word_1_252' title='bbox 502 4073 641 4156; x_wconf 91' lang='lat' dir='ltr'>amplius</span> <span class='ocrx_word' id='word_1_253' title='bbox 666 4074 696 4134; x_wconf 91' lang='lat' dir='ltr'>in</span> <span class='ocrx_word' id='word_1_254' title='bbox 730 4073 889 4134; x_wconf 91' lang='lat' dir='ltr'>similibus</span> <span class='ocrx_word' id='word_1_255' title='bbox 923 4073 1072 4135; x_wconf 90' lang='lat' dir='ltr'>inventus</span> <span class='ocrx_word' id='word_1_256' title='bbox 1104 4088 1135 4137; x_wconf 91' lang='lat' dir='ltr'>et</span> <span class='ocrx_word' id='word_1_257' title='bbox 1168 4089 1312 4158; x_wconf 90' lang='lat' dir='ltr'>repertus</span> <span class='ocrx_word' id='word_1_258' title='bbox 1340 4077 1446 4157; x_wconf 88' lang='lat' dir='ltr'>fuerit,</span> <span class='ocrx_word' id='word_1_259' title='bbox 1471 4079 1538 4160; x_wconf 91' lang='lat' dir='ltr'>ipse</span> 
     </span>
     <span class='ocr_line' id='line_1_32' title="bbox 275 4179 1537 4265; baseline 0.004 -25"><span class='ocrx_word' id='word_1_260' title='bbox 275 4197 421 4241; x_wconf 84' lang='lat' dir='ltr'>excessus</span> <span class='ocrx_word' id='word_1_261' title='bbox 445 4181 607 4262; x_wconf 89' lang='lat' dir='ltr'>predictus</span> <span class='ocrx_word' id='word_1_262' title='bbox 624 4200 663 4241; x_wconf 91' lang='lat' dir='ltr'>ne</span> <span class='ocrx_word' id='word_1_263' title='bbox 688 4180 727 4240; x_wconf 91' lang='lat' dir='ltr'>sit</span> <span class='ocrx_word' id='word_1_264' title='bbox 751 4179 810 4240; x_wconf 93' lang='lat' dir='ltr'>sibi</span> <span class='ocrx_word' id='word_1_265' title='bbox 830 4179 1018 4261; x_wconf 90' lang='lat' dir='ltr'>parcendua,</span> <span class='ocrx_word' id='word_1_266' title='bbox 1036 4181 1091 4241; x_wconf 92' lang='lat' dir='ltr'>sed</span> <span class='ocrx_word' id='word_1_267' title='bbox 1112 4201 1194 4262; x_wconf 88' lang='lat' dir='ltr'>pena</span> <span class='ocrx_word' id='word_1_268' title='bbox 1212 4183 1352 4264; x_wconf 90' lang='lat' dir='ltr'>predicta</span> <span class='ocrx_word' id='word_1_269' title='bbox 1377 4185 1537 4265; x_wconf 90' lang='lat' dir='ltr'>puniatur,</span> 
     </span>
     <span class='ocr_line' id='line_1_33' title="bbox 274 4285 1537 4371; baseline 0.003 -24"><span class='ocrx_word' id='word_1_270' title='bbox 274 4297 305 4347; x_wconf 90' lang='lat' dir='ltr'>et</span> <span class='ocrx_word' id='word_1_271' title='bbox 327 4286 457 4368; x_wconf 92' lang='lat' dir='ltr'>insuper</span> <span class='ocrx_word' id='word_1_272' title='bbox 481 4286 569 4368; x_wconf 94' lang='lat' dir='ltr'>quod</span> <span class='ocrx_word' id='word_1_273' title='bbox 594 4286 626 4346; x_wconf 92' lang='lat' dir='ltr'>in</span> <span class='ocrx_word' id='word_1_274' title='bbox 652 4285 780 4347; x_wconf 89' lang='lat' dir='ltr'>civitate</span> <span class='ocrx_word' id='word_1_275' title='bbox 805 4305 892 4346; x_wconf 90' lang='lat' dir='ltr'>arma</span> <span class='ocrx_word' id='word_1_276' title='bbox 927 4299 1053 4367; x_wconf 92' lang='lat' dir='ltr'>portare</span> <span class='ocrx_word' id='word_1_277' title='bbox 1079 4307 1143 4348; x_wconf 93' lang='lat' dir='ltr'>non</span> <span class='ocrx_word' id='word_1_278' title='bbox 1170 4288 1285 4350; x_wconf 90' lang='lat' dir='ltr'>debeat</span> <span class='ocrx_word' id='word_1_279' title='bbox 1309 4290 1368 4350; x_wconf 93' lang='lat' dir='ltr'>nisi</span> <span class='ocrx_word' id='word_1_280' title='bbox 1393 4305 1537 4371; x_wconf 90' lang='lat' dir='ltr'>tempore</span> 
     </span>
     <span class='ocr_line' id='line_1_34' title="bbox 274 4393 1537 4478; baseline 0.006 -26"><span class='ocrx_word' id='word_1_281' title='bbox 274 4393 479 4471; x_wconf 89' lang='lat' dir='ltr'>necessitatis,</span> <span class='ocrx_word' id='word_1_282' title='bbox 511 4393 649 4475; x_wconf 89' lang='lat' dir='ltr'>quodsi</span> <span class='ocrx_word' id='word_1_283' title='bbox 678 4393 717 4454; x_wconf 89' lang='lat' dir='ltr'>ad</span> <span class='ocrx_word' id='word_1_284' title='bbox 750 4393 953 4473; x_wconf 90' lang='lat' dir='ltr'>vigilaturam</span> <span class='ocrx_word' id='word_1_285' title='bbox 986 4394 1147 4457; x_wconf 89' lang='lat' dir='ltr'>transierit</span> <span class='ocrx_word' id='word_1_286' title='bbox 1179 4416 1265 4458; x_wconf 89' lang='lat' dir='ltr'>arma</span> <span class='ocrx_word' id='word_1_287' title='bbox 1290 4412 1416 4478; x_wconf 89' lang='lat' dir='ltr'>portare</span> <span class='ocrx_word' id='word_1_288' title='bbox 1442 4419 1537 4459; x_wconf 92' lang='lat' dir='ltr'>ausus</span> 
     </span>
     <span class='ocr_line' id='line_1_35' title="bbox 273 4498 1536 4584; baseline 0.005 -26"><span class='ocrx_word' id='word_1_289' title='bbox 273 4498 323 4578; x_wconf 84' lang='lat' dir='ltr'>sit,</span> <span class='ocrx_word' id='word_1_290' title='bbox 347 4499 448 4561; x_wconf 93' lang='lat' dir='ltr'>immo</span> <span class='ocrx_word' id='word_1_291' title='bbox 473 4500 560 4581; x_wconf 92' lang='lat' dir='ltr'>quod</span> <span class='ocrx_word' id='word_1_292' title='bbox 585 4520 644 4562; x_wconf 93' lang='lat' dir='ltr'>nec</span> <span class='ocrx_word' id='word_1_293' title='bbox 668 4499 835 4561; x_wconf 91' lang='lat' dir='ltr'>cultellum</span> <span class='ocrx_word' id='word_1_294' title='bbox 868 4519 1002 4580; x_wconf 91' lang='lat' dir='ltr'>parvum</span> <span class='ocrx_word' id='word_1_295' title='bbox 1036 4501 1102 4582; x_wconf 90' lang='lat' dir='ltr'>ipse</span> <span class='ocrx_word' id='word_1_296' title='bbox 1134 4522 1206 4564; x_wconf 93' lang='lat' dir='ltr'>cum</span> <span class='ocrx_word' id='word_1_297' title='bbox 1244 4523 1309 4584; x_wconf 93' lang='lat' dir='ltr'>quo</span> <span class='ocrx_word' id='word_1_298' title='bbox 1333 4523 1432 4584; x_wconf 88' lang='lat' dir='ltr'>panes</span> <span class='ocrx_word' id='word_1_299' title='bbox 1455 4504 1536 4564; x_wconf 93' lang='lat' dir='ltr'>scin·</span> 
     </span>
     <span class='ocr_line' id='line_1_36' title="bbox 273 4603 1536 4690; baseline 0.004 -25"><span class='ocrx_word' id='word_1_300' title='bbox 273 4603 388 4666; x_wconf 89' lang='lat' dir='ltr'>dentur</span> <span class='ocrx_word' id='word_1_301' title='bbox 412 4625 478 4667; x_wconf 92' lang='lat' dir='ltr'>non</span> <span class='ocrx_word' id='word_1_302' title='bbox 495 4607 535 4668; x_wconf 93' lang='lat' dir='ltr'>sit</span> <span class='ocrx_word' id='word_1_303' title='bbox 549 4627 644 4668; x_wconf 90' lang='lat' dir='ltr'>ausus</span> <span class='ocrx_word' id='word_1_304' title='bbox 668 4621 795 4690; x_wconf 88' lang='lat' dir='ltr'>portare</span> <span class='ocrx_word' id='word_1_305' title='bbox 810 4606 895 4688; x_wconf 91' lang='lat' dir='ltr'>apud</span> <span class='ocrx_word' id='word_1_306' title='bbox 913 4625 945 4668; x_wconf 92' lang='lat' dir='ltr'>se</span> <span class='ocrx_word' id='word_1_307' title='bbox 963 4620 994 4669; x_wconf 89' lang='lat' dir='ltr'>et</span> <span class='ocrx_word' id='word_1_308' title='bbox 1011 4623 1244 4690; x_wconf 90' lang='lat' dir='ltr'>consequenter</span> <span class='ocrx_word' id='word_1_309' title='bbox 1260 4609 1285 4670; x_wconf 92' lang='lat' dir='ltr'>si</span> <span class='ocrx_word' id='word_1_310' title='bbox 1304 4609 1389 4670; x_wconf 90' lang='lat' dir='ltr'>idern</span> <span class='ocrx_word' id='word_1_311' title='bbox 1407 4609 1536 4672; x_wconf 89' lang='lat' dir='ltr'>Gredak</span> 
     </span>
     <span class='ocr_line' id='line_1_37' title="bbox 274 4708 1537 4798; baseline 0.006 -29"><span class='ocrx_word' id='word_1_312' title='bbox 274 4708 305 4769; x_wconf 92' lang='lat' dir='ltr'>in</span> <span class='ocrx_word' id='word_1_313' title='bbox 330 4711 447 4772; x_wconf 92' lang='lat' dir='ltr'>minori</span> <span class='ocrx_word' id='word_1_314' title='bbox 474 4712 606 4773; x_wconf 90' lang='lat' dir='ltr'>crimine</span> <span class='ocrx_word' id='word_1_315' title='bbox 640 4714 806 4776; x_wconf 81' lang='lat' dir='ltr'>excesserit</span> <span class='ocrx_word' id='word_1_316' title='bbox 831 4727 940 4775; x_wconf 91' lang='lat' dir='ltr'>contra</span> <span class='ocrx_word' id='word_1_317' title='bbox 972 4714 1115 4795; x_wconf 88' lang='lat' dir='ltr'>aliquem</span> <span class='ocrx_word' id='word_1_318' title='bbox 1145 4716 1246 4776; x_wconf 89' lang='lat' dir='ltr'>civem</span> <span class='ocrx_word' id='word_1_319' title='bbox 1271 4716 1481 4798; x_wconf 88' lang='lat' dir='ltr'>opprobriose</span> <span class='ocrx_word' id='word_1_320' title='bbox 1506 4731 1537 4778; x_wconf 93' lang='lat' dir='ltr'>et</span> 
     </span>
     <span class='ocr_line' id='line_1_38' title="bbox 272 4817 1535 4903; baseline 0.006 -27"><span class='ocrx_word' id='word_1_321' title='bbox 272 4817 505 4880; x_wconf 90' lang='lat' dir='ltr'>contumeliose</span> <span class='ocrx_word' id='word_1_322' title='bbox 537 4820 659 4900; x_wconf 89' lang='lat' dir='ltr'>absque</span> <span class='ocrx_word' id='word_1_323' title='bbox 692 4820 780 4880; x_wconf 92' lang='lat' dir='ltr'>omni</span> <span class='ocrx_word' id='word_1_324' title='bbox 812 4820 918 4899; x_wconf 86' lang='lat' dir='ltr'>gracia</span> <span class='ocrx_word' id='word_1_325' title='bbox 943 4820 1003 4881; x_wconf 91' lang='lat' dir='ltr'>sibi</span> <span class='ocrx_word' id='word_1_326' title='bbox 1036 4841 1100 4882; x_wconf 94' lang='lat' dir='ltr'>non</span> <span class='ocrx_word' id='word_1_327' title='bbox 1134 4821 1325 4902; x_wconf 87' lang='lat' dir='ltr'>suffragante</span> <span class='ocrx_word' id='word_1_328' title='bbox 1360 4842 1440 4903; x_wconf 90' lang='lat' dir='ltr'>pena</span> <span class='ocrx_word' id='word_1_329' title='bbox 1466 4844 1535 4903; x_wconf 90' lang='lat' dir='ltr'>pre·</span> 
     </span>
     <span class='ocr_line' id='line_1_39' title="bbox 272 4922 541 5005; baseline 0.019 -22"><span class='ocrx_word' id='word_1_330' title='bbox 272 4922 354 4985; x_wconf 89' lang='lat' dir='ltr'>dicta</span> <span class='ocrx_word' id='word_1_331' title='bbox 380 4925 541 5005; x_wconf 89' lang='lat' dir='ltr'>puniatur.</span> 
     </span>
    </p>
   </div>
   <div class='ocr_carea' id='block_1_6' title="bbox 797 5048 1009 5064">
    <p class='ocr_par' dir='ltr' id='par_1_8' title="bbox 797 5048 1009 5064">
     <span class='ocr_line' id='line_1_40' title="bbox 797 5048 1009 5064; baseline 0.005 -1"><span class='ocrx_word' id='word_1_332' title='bbox 797 5048 1009 5064; x_wconf 46' lang='grc' dir='ltr'>Ἣ·-</span> 
     </span>
    </p>
   </div>
   <div class='ocr_carea' id='block_1_7' title="bbox 0 0 1930 5813">
    <p class='ocr_par' dir='ltr' id='par_1_9' title="bbox 0 0 1930 5813">
     <span class='ocr_line' id='line_1_41' title="bbox 0 0 1930 5813; baseline 0 0"><span class='ocrx_word' id='word_1_333' title='bbox 0 0 1930 5813; x_wconf 95' lang='lat' dir='ltr'> </span> 
     </span>
    </p>
   </div>
  </div>
 </body>
</html>
