3644 5788
161 784 236 830 ravo
263 769 316 829 die
343 769 559 847 juramentum
584 767 747 850 deponere
773 767 913 844 debebit,
938 781 969 830 et
989 767 1137 848 deposito
1163 768 1232 848 ipso
1250 767 1430 847 juramento

162 873 305 955 prefatus
330 876 471 936 lacobus
495 875 599 938 eidem
625 876 752 936 Marino
777 874 873 956 judici
901 874 1081 956 persolvere
1107 874 1247 936 debebit.

269 981 350 1044 item
383 981 475 1061 jurati
508 981 781 1062 adjudicaverunt
805 999 932 1042 causam
967 981 1049 1042 inter
1080 980 1208 1042 Petrum
1234 993 1264 1042 et
1296 981 1429 1042 Luciam

161 1107 295 1150 uxorem
323 1088 452 1149 Martini
471 1088 600 1150 racione
622 1087 839 1169 quorumdam
857 1087 1021 1168 lignorum
1047 1105 1103 1168 per
1120 1085 1257 1148 eandem
1282 1086 1327 1148 uti
1345 1086 1429 1148 dice·

161 1197 254 1256 batur
280 1209 494 1275 receptorum,
519 1190 639 1275 prelata
667 1193 765 1254 Lucia
789 1207 903 1254 octavo
928 1193 980 1254 die
1005 1193 1134 1254 racione
1159 1191 1312 1274 premissa
1345 1192 1428 1274 jura·

161 1313 308 1362 mentum
334 1301 497 1381 deponere
522 1299 653 1362 debebit
677 1301 764 1381 quod
790 1319 855 1361 non
879 1299 1008 1381 recepit.

270 1407 347 1468 ltem
381 1405 474 1486 jurati
507 1405 773 1486 adjudicaverunt
804 1425 931 1468 causam
962 1407 1044 1466 inter
1076 1407 1248 1469 Barbaram
1282 1407 1425 1468 relictam

163 1514 304 1576 condam
331 1513 464 1596 Georgii
491 1512 629 1596 Jurycha
653 1513 728 1574 dicti
754 1526 785 1576 et
803 1513 978 1596 Symonem
1010 1512 1154 1575 italicum
1178 1513 1307 1577 racione
1324 1514 1427 1576 cuius-

164 1621 239 1681 dam
265 1621 341 1701 equi
367 1639 464 1700 quern
489 1619 557 1701 ipsa
581 1619 640 1681 sibi
665 1619 696 1680 in
721 1619 829 1701 precio
846 1619 1122 1700 accomodaverat,
1143 1621 1230 1702 quod
1256 1621 1323 1702 ipsa
1341 1622 1423 1702 jura-

165 1741 312 1788 mentum
337 1726 499 1808 deponere
516 1725 647 1787 debebit
664 1740 776 1787 octavo
795 1726 846 1788 die
862 1726 979 1804 taliter,
996 1726 1085 1808 quod
1103 1727 1169 1808 ipsa
1188 1746 1251 1788 non
1276 1725 1335 1788 luit
1351 1747 1427 1790 con-

162 1847 248 1896 tenta
275 1833 316 1894 de
339 1833 449 1914 precio
474 1832 573 1914 ipsius
597 1833 672 1914 equi
698 1852 754 1914 per
778 1832 912 1894 eandem
939 1833 998 1894 sibi
1025 1832 1237 1896 accomodati.

269 1939 348 2000 item
372 1937 514 1999 secundo
540 1937 626 1999 idern
656 1939 793 2000 Barbara
827 1952 937 2000 contra
970 1938 1108 2000 cundem
1134 1938 1347 2019 juramentum
1373 1938 1427 2001 ha·

163 2047 251 2108 bebit
282 2046 446 2126 deponere
471 2045 582 2126 quanti
615 2045 713 2126 precii
748 2043 807 2106 luit
838 2045 905 2127 ipse
938 2065 1041 2126 equus
1071 2065 1158 2124 suus,
1182 2064 1248 2128 quo
1280 2046 1427 2129 deposito

161 2151 303 2236 prelatus
336 2152 457 2234 Symon
492 2151 619 2213 Italicus
643 2151 785 2234 precium
819 2151 963 2214 eiusdem
989 2153 1062 2234 equi
1095 2152 1228 2215 debebit
1252 2153 1425 2236 deponere.

267 2258 346 2320 item
380 2256 575 2320 Benedictus
606 2256 767 2320 aurifaber
799 2257 942 2320 secundo
975 2257 1088 2320 citatus
1120 2273 1228 2320 contra
1262 2259 1424 2322 Thomam

161 2364 296 2427 Cheden
323 2383 389 2426 non
414 2364 604 2447 comparuit.

205 2600 304 2674 ieria
334 2609 432 2674 sexta
461 2605 614 2691 proxima
647 2609 724 2691 post
751 2601 873 2674 lestum
903 2603 992 2673 beati
1023 2603 1127 2674 llarci
1157 2603 1380 2692 ewangeliste.

688 2751 753 2829 (28.
777 2754 907 2834 aprilis).

267 2897 346 2960 item
371 2897 447 2978 quia
472 2896 587 2960 Vrania
612 2897 720 2958 relicta
747 2895 875 2959 Martini
901 2897 1017 2958 sutoris
1041 2895 1128 2978 olym
1155 2897 1296 2958 concivis
1314 2897 1424 2976 nostri,

130 3036 133 3046 ·
163 3005 193 3064 id
211 3023 282 3066 cum
301 3001 472 3066 sufficienti
491 3017 521 3065 et
537 3001 703 3085 fidedigno
720 3017 904 3065 nostrorum
922 3002 1104 3066 concivium
1122 3001 1309 3064 testimonio
1326 3001 1423 3067 hodie

162 3109 193 3171 in
217 3110 292 3171 sede
317 3123 424 3170 nostra
448 3109 615 3190 judiciaria
639 3109 724 3172 clare
758 3109 981 3190 comprobavit
1013 3127 1122 3170 coram
1147 3107 1251 3187 nobis,
1276 3122 1311 3170 ut
1345 3109 1422 3171 dum

162 3214 300 3298 prefatus
323 3215 481 3278 Martinus
504 3229 593 3277 sutor
617 3215 649 3276 in
675 3215 824 3276 extremis
860 3215 923 3278 vite
947 3235 1003 3276 sue
1027 3215 1215 3298 temporalis
1239 3215 1422 3295 laborasset,

161 3337 235 3384 tunc
259 3323 325 3404 ipse
350 3321 483 3383 totalem
508 3321 642 3382 domum
668 3340 758 3382 suam
785 3335 815 3384 et
835 3319 1035 3383 edificiorum
1060 3341 1096 3382 ac
1120 3321 1198 3382 alias
1221 3340 1334 3383 omnes
1350 3340 1422 3404 pos·

164 3429 319 3490 sessiones
342 3447 415 3488 suas
432 3427 464 3488 in
489 3427 616 3489 civitate
634 3427 776 3509 predicta
794 3441 824 3488 et
848 3427 917 3488 eius
932 3427 1094 3488 territorio
1119 3429 1300 3508 existentes,
1318 3429 1422 3510 ipsum

162 3534 310 3596 videlicet
335 3533 509 3595 Martinum
534 3533 638 3595 virum
651 3553 744 3594 suum
764 3533 956 3614 legittimum
982 3532 1168 3610 literatorie,
1194 3533 1253 3594 rite
1277 3545 1308 3594 et
1331 3532 1422 3614 legit-

162 3641 239 3702 time
272 3653 511 3718 concernentes,
544 3638 665 3722 preiate
689 3638 804 3700 Vrsule
836 3659 893 3721 pro
924 3652 1000 3701 tunc
1033 3638 1160 3699 mulieri
1185 3657 1241 3700 sue
1266 3638 1421 3720 legittime

163 3745 331 3826 legavisset
355 3745 423 3826 jure
455 3758 612 3827 perpetuo
645 3745 854 3826 possidendas
882 3757 913 3806 et
945 3743 1254 3826 quomodocumque
1286 3743 1423 3806 voluerit

163 3852 380 3934 disponendas
403 3851 490 3933 juxta
515 3851 739 3913 condicionem
765 3851 902 3912 civitatis
929 3865 1115 3933 prenotate;
1141 3866 1171 3911 et
1195 3851 1268 3912 ideo
1294 3870 1351 3912 nos
1374 3863 1421 3912 to·

161 3960 259 4020 talem
284 3959 417 4020 domum
442 3977 531 4019 suam
557 3971 588 4018 et
612 3956 702 4018 fundi
721 3970 752 4019 et
776 3956 975 4018 edificiorum
1001 3977 1037 4016 ae
1060 3957 1137 4018 alias
1160 3976 1273 4018 omnes
1297 3976 1420 4039 possea·

160 4067 268 4127 siones
289 4085 361 4126 suas
385 4064 485 4126 modo
510 4065 665 4147 premisso
690 4063 748 4146 ipsi
774 4063 913 4124 Martino
936 4063 1158 4125 incumbentes
1180 4062 1278 4144 (cum)
1303 4063 1422 4124 utilita-

160 4174 247 4233 tibus
270 4186 298 4234 et
328 4171 535 4255 pertinenciis
567 4171 723 4232 universis
755 4169 861 4232 eidem
894 4169 1006 4230 Vrsule
1039 4169 1167 4230 mulieri
1199 4169 1368 4231 statuimus
1392 4183 1423 4232 et

161 4275 421 4340 confirmavimus
445 4277 512 4360 jure
537 4291 692 4360 perpetuo
718 4291 748 4338 et
772 4275 1024 4337 irrevocabiliter
1053 4275 1262 4356 possidendas
1286 4289 1316 4338 et
1340 4294 1421 4357 quo·

162 4384 401 4467 modocumque
437 4384 576 4448 voluerit
612 4383 828 4466 disponendas
864 4381 950 4464 juxta
986 4382 1161 4463 predictam
1197 4382 1421 4444 condicionem

161 4491 298 4552 civitatis
321 4505 488 4574 prenotate
512 4489 737 4574 supradictam.

271 4597 345 4659 item
370 4598 446 4680 quia
481 4597 655 4659 Katherina
688 4595 752 4658 filia
787 4595 924 4658 condam
958 4595 1046 4656 Pauli
1081 4591 1280 4655 Dwmowich
1313 4593 1422 4656 relicta

161 4703 315 4765 iohannis
338 4705 492 4766 institoris
527 4704 606 4765 olim
631 4703 773 4765 concivis
803 4703 913 4776 nostri,
939 4701 969 4762 id
997 4721 1068 4762 curn
1094 4699 1264 4762 sufficienti
1290 4715 1321 4761 et
1345 4699 1422 4762 fide-

162 4811 265 4891 digno
291 4827 470 4873 nostrorum
495 4811 677 4872 concivium
710 4811 896 4872 testimonio
921 4809 1016 4869 hodie
1050 4809 1081 4869 in
1107 4808 1182 4869 sede
1207 4821 1313 4868 nostra
1339 4806 1421 4886 judi·

159 4916 260 4977 ciaria
284 4918 363 4980 clare
395 4918 618 4999 comprobavit
649 4936 756 4978 coram
791 4915 895 4993 nobis,
925 4931 958 4975 ut
983 4915 1060 4975 dum
1093 4912 1233 4996 prelatus
1259 4912 1422 4974 lohannes

161 5021 289 5086 institor
304 5023 333 5086 in
351 5025 499 5086 extremis
516 5024 579 5086 vite
596 5043 652 5086 sue
670 5022 856 5105 temporalis
873 5021 1057 5100 laborasset,
1079 5035 1153 5082 runc
1171 5021 1238 5103 ipse
1257 5019 1420 5102 quandam
