3644 5788
552 577 639 636 Anno
661 571 754 655 1458.
780 610 821 620 -
843 587 891 652 17.
915 577 1090 637 novembris.
1394 573 1451 655 163

186 786 341 848 sicionem
375 799 407 848 et
438 787 681 851 ordinacionem
715 791 949 852 nonnullorum
981 791 1156 873 proborum
1187 801 1218 850 et
1241 787 1451 850 honestorum

186 893 326 956 virorum
356 895 484 956 racione
503 895 671 957 cuiusdam
691 915 784 958 cause
809 897 888 958 alias
905 897 987 960 inter
1003 909 1107 978 partes
1126 895 1209 976 ipsas
1234 913 1341 956 coram
1360 893 1453 955 nobis

185 999 272 1080 prius
297 1015 397 1079 moto,
420 1001 461 1062 ad
478 1003 573 1063 talem
599 1001 800 1064 devenerunt
822 1003 910 1086 pacis
927 1016 958 1065 et
981 1001 1154 1064 concordie
1178 1001 1345 1078 unionem,
1363 999 1451 1081 quod

185 1105 327 1188 prelatus
352 1106 475 1188 Symon
500 1121 588 1169 sutor
612 1107 672 1190 ipsi
704 1108 843 1171 iohanni
871 1109 1034 1172 Werchck
1065 1127 1164 1170 unam
1189 1126 1328 1168 marcam
1354 1107 1452 1168 dena-

184 1213 306 1274 riorum
330 1216 575 1295 wyennensium
607 1233 665 1297 pro
697 1227 842 1297 tempore
874 1215 1076 1277 currencium
1108 1213 1291 1298 persolvere
1319 1213 1452 1276 habebit

182 1318 225 1380 ita
249 1319 414 1398 videlicet,
438 1319 527 1401 quod
551 1320 576 1382 si
601 1319 743 1400 prelatus
774 1321 937 1384 lohannes
964 1319 1126 1382 Werchek
1157 1321 1208 1382 vel
1233 1319 1301 1402 ipse
1327 1319 1450 1402 Symon

184 1439 272 1486 sutor
298 1425 401 1508 ipsam
418 1445 546 1488 causam
571 1445 630 1508 pro
647 1447 710 1509 qua
727 1427 816 1510 prius
840 1427 922 1490 inter
942 1447 975 1490 se
992 1427 1065 1490 lites
1081 1425 1324 1505 contrahebant,
1341 1425 1451 1507 aliquo

164 1519 369 1614 'temporum
395 1533 427 1594 in
451 1552 603 1615 processu
635 1535 797 1596 moverint
828 1535 911 1598 iuter
934 1553 978 1612 se,
1003 1547 1119 1596 extunc
1150 1553 1223 1616 pars
1246 1552 1451 1615 quecumque

185 1637 285 1719 ipsam
319 1658 449 1701 causam
481 1639 619 1702 moverit
651 1653 761 1702 contra
793 1641 1028 1724 compositores
1056 1653 1087 1702 et
1119 1639 1321 1702 ordinatores
1352 1639 1451 1722 ipsius

187 1763 291 1821 cause,
316 1758 427 1806 contra
444 1745 623 1827 quemlibet
638 1747 670 1808 in
688 1747 762 1808 vivo
786 1745 940 1829 homagio
957 1760 988 1808 et
1009 1759 1120 1808 contra
1143 1758 1266 1828 partem
1283 1745 1449 1808 adversam

190 1849 220 1910 in
245 1849 358 1912 decem
375 1852 491 1914 marcis
503 1851 709 1915 denariorum
727 1853 935 1915 convincatur
959 1873 998 1916 eo
1016 1851 1111 1932 lacto,
1128 1873 1164 1916 ac
1176 1851 1323 1914 similiter
1340 1865 1449 1915 contra

189 1954 327 2035 judicem
365 1957 420 2019 ubi
444 1957 518 2020 talis
546 1977 639 2020 causa
671 1972 854 2022 moveretur
884 1959 1032 2022 similiter
1056 1959 1088 2020 in
1113 1959 1225 2022 decem
1257 1959 1372 2021 marcis
1396 1959 1451 2022 de·

187 2063 363 2126 uariorum.

290 2169 368 2232 Item
402 2171 545 2234 seniores
577 2171 699 2254 judices
730 2171 1003 2235 confirmaverunt
1034 2171 1190 2254 judicium
1223 2183 1254 2232 et
1286 2171 1449 2252 adjudica·

187 2276 311 2337 cionem
344 2275 520 2357 juratorum
554 2297 656 2360 nuper
695 2278 777 2340 inter
809 2279 984 2341 Martinum
1018 2278 1157 2361 judicem
1191 2290 1222 2339 et
1256 2277 1448 2361 Dyonisium

186 2381 351 2463 Wodopia
375 2382 594 2464 adjudicatum
619 2385 749 2448 racione
773 2385 991 2467 quorumdam
1008 2384 1224 2466 dampnorum
1250 2383 1282 2444 in
1307 2383 1447 2466 quadam

187 2487 284 2550 domo
308 2487 431 2570 prelato
456 2490 596 2552 Martioo
620 2489 719 2572 judici
744 2492 789 2554 uti
814 2491 931 2554 dicitur
955 2489 1123 2554 factorum.

316 2723 413 2798 Feria
442 2735 541 2800 sexta
569 2737 645 2819 post
684 2730 806 2802 festum
835 2731 925 2802 beati
951 2729 1077 2802 Bricoil
1106 2729 1318 2801 contessoris.

675 2881 738 2964 (17.
763 2881 950 2954 novembris).

289 3018 366 3081 ltem
392 3019 443 3082 bic
467 3020 527 3084 luit
549 3024 740 3086 secundario
771 3023 1004 3106 proclamatum
1037 3041 1132 3105 super
1156 3023 1283 3084 vineam
1308 3022 1445 3084 condam

189 3123 311 3185 Andree
335 3125 470 3188 Zwilich
496 3128 537 3190 ita
562 3129 723 3209 videlicet,
756 3143 790 3192 ut
822 3130 846 3191 si
876 3129 949 3211 quis
972 3129 1080 3210 aliqua
1112 3128 1181 3210 jura
1204 3149 1300 3212 super
1331 3129 1443 3192 eadem

189 3231 276 3293 vinea
300 3231 431 3295 haberet
454 3254 563 3297 coram
588 3237 682 3298 nobis
706 3237 908 3319 specietenus
931 3235 1174 3298 demonstraret.

289 3339 367 3402 ltem
393 3340 569 3424 Dyonisius
593 3343 742 3426 Vodopia
775 3355 885 3406 contra
917 3341 1088 3404 Nicolaum
1120 3355 1262 3404 sutorem
1287 3341 1365 3404 alias
1396 3341 1444 3423 ju·

189 3457 286 3506 ratum
310 3446 416 3528 primo
440 3447 554 3510 citatus
578 3467 643 3510 non
672 3449 862 3532 comparuit.

290 3550 367 3614 ltem
394 3553 496 3615 Bensa
522 3552 607 3616 filius
631 3554 786 3618 Demetrii
812 3555 890 3616 alias
907 3554 1000 3636 jurati
1029 3568 1137 3616 contra
1163 3555 1348 3616 Ladislaum
1365 3555 1444 3618 alias

189 3653 319 3732 juratum
343 3659 450 3741 primo
474 3661 588 3724 citatus
612 3681 678 3723 non
702 3662 893 3744 comparuit.

288 3763 363 3826 Item
389 3767 535 3829 Andreae
558 3781 647 3829 sutor
681 3781 791 3830 contra
816 3766 1016 3828 Demetrium
1048 3765 1199 3847 juratum,
1223 3785 1374 3846 rasorem,
1397 3787 1443 3829 se·

190 3869 289 3931 cundo
312 3871 425 3934 citatus
449 3893 515 3934 non
537 3874 727 3956 comparuit.

286 3975 362 4039 ltem
388 3977 439 4040 hic
462 3977 544 4042 lacta
568 3993 615 4043 est
646 3980 748 4063 prima
780 3979 996 4062 proclamacio
1024 3998 1119 4061 super
1150 3979 1278 4040 vineam
1303 3977 1441 4040 condam

190 4079 335 4145 iohannis
359 4086 523 4166 institoris,
547 4101 582 4150 ut
605 4088 631 4148 si
655 4087 772 4168 aliquis
796 4085 927 4148 haberet
958 4105 1054 4168 super
1078 4083 1191 4146 eadem
1215 4085 1309 4146 vinea
1333 4085 1442 4166 aliqua

189 4184 254 4265 jura
275 4209 329 4252 seu
353 4191 488 4254 literalis
514 4193 723 4256 instrumenta
741 4212 848 4256 coram
870 4193 963 4256 nobis
987 4191 1188 4274 specietenus
1205 4191 1440 4274 producentur;

190 4293 287 4371 quisi
311 4317 366 4378 per
390 4298 532 4381 aliquem
564 4300 779 4362 demonstrata
812 4319 878 4361 noo
910 4297 1028 4360 fuerint
1059 4298 1099 4359 ad
1134 4297 1251 4358 trinam
1276 4297 1439 4380 publicam

190 4413 321 4464 nostram
344 4405 649 4487 proclamacionem,
673 4406 742 4487 jura
766 4419 874 4470 nostra
897 4405 984 4488 juxta
1008 4419 1150 4466 nostram
1176 4402 1442 4466 consuetudinem

190 4503 341 4572 dabuntur
373 4511 548 4574 Katherine
572 4513 663 4582 uxori
696 4532 752 4574 sue
786 4513 831 4574 uti
865 4511 997 4574 maritus
1028 4529 1104 4572 suus
1127 4509 1279 4572 videlicet
1302 4509 1443 4592 prefatus

190 4609 340 4679 lohannes
364 4617 425 4680 sibi
449 4617 578 4700 legavit.

286 4721 363 4786 Item
389 4723 533 4787 Sthanko
557 4723 646 4788 faber
662 4737 772 4788 contra
795 4724 966 4786 Nicolaum
991 4725 1153 4788 literatum
1170 4722 1313 4785 secundo
1331 4721 1443 4784 citatus

190 4843 252 4886 non
274 4831 459 4913 comparuit.

287 4935 362 5000 ltem
388 4937 564 5020 Dyonisius
587 4939 737 5020 Vodopia
769 4949 878 5000 contra
902 4937 1074 4998 Nicolaum
1106 4949 1261 4998 sartorem
1293 4933 1372 4996 alias
1395 4934 1442 5016 ju-

189 5051 285 5100 ratum
307 5045 339 5105 in
364 5045 466 5126 prima
492 5045 544 5106 die
569 5045 703 5126 juridica
728 5045 923 5126 respondere
948 5043 1088 5106 habebit.
1334 5123 1348 5152 ⁸
