3852 5814
395 549 460 608 450
762 525 958 604 Ann01476.
986 559 1026 568 —-
1052 541 1099 584 12.
1119 528 1266 599 januarii.

395 740 482 821 quod
502 739 585 800 idem
611 739 697 799 lwan
714 739 836 820 abipso
853 739 980 799 recessit
998 751 1069 820 post
1093 738 1244 815 eundern,
1270 738 1408 798 eundern
1426 738 1659 816 investigasset,

396 850 436 908 ab
454 846 635 926 eodemque
659 845 776 906 dictam
795 845 935 906 tunicam
961 864 1049 905 suam
1071 845 1137 925 ipse
1163 843 1343 904 Demetrius
1360 843 1547 924 recepisset;
1573 843 1660 903 unde

397 953 529 1032 quidam
555 951 685 1033 Waylto
709 965 739 1012 et
765 951 830 1032 ipse
853 949 1029 1032 Gregorius
1054 949 1149 1010 frater
1173 950 1248 1010 dicti
1269 949 1352 1010 lwan
1377 949 1516 1009 eundem
1544 949 1660 1009 Deme·

397 1058 491 1118 trium
510 1058 727 1138 inculpabunt,
745 1057 832 1138 quod
851 1056 970 1117 dictum
992 1057 1073 1117 lwan
1100 1057 1186 1116 idem
1200 1058 1407 1132 verberasset,
1425 1056 1455 1116 in
1470 1075 1533 1136 qua
1547 1057 1657 1116 verbe·

397 1163 524 1224 racione
543 1163 627 1224 idem
647 1163 730 1223 lwan
750 1163 863 1224 eodem
883 1163 934 1222 die
953 1164 1048 1223 vitant
1068 1161 1221 1224 linivisset
1237 1160 1460 1243 temporalem,
1485 1161 1569 1221 unde
1588 1180 1659 1242 per-

396 1271 518 1352 cipiens
542 1268 683 1352 prelatus
708 1269 890 1330 Demetrius
915 1269 1035 1349 juratus
1058 1289 1091 1330 se
1113 1269 1295 1350 permittere
1320 1287 1384 1340 non
1410 1268 1586 1349 aggravari,
1604 1269 1659 1328 ad·

396 1376 499 1438 ductis
523 1395 631 1437 coram
657 1375 750 1437 nobis
775 1374 955 1436 confessore
982 1376 1056 1436 dicti
1083 1375 1166 1436 lwan
1192 1388 1223 1436 et
1246 1375 1393 1457 pluribus
1416 1375 1549 1437 testibus
1573 1376 1661 1436 vide-

396 1482 470 1542 licet
494 1483 636 1563 quodam
662 1481 831 1543 Clemente
856 1495 887 1543 et
912 1481 1055 1563 Symone
1079 1482 1223 1559 testibus,
1256 1481 1311 1562 qui
1337 1481 1409 1542 fassi
1435 1501 1542 1542 coram
1568 1483 1662 1542 nobis

395 1609 432 1648 ac
456 1601 521 1649 tota
539 1589 782 1666 communitate,
801 1589 887 1669 quod
908 1588 993 1649 idem
1015 1588 1197 1649 Demetrius
1214 1588 1335 1666 juratus
1353 1607 1411 1649 nec
1435 1587 1555 1650 dictum
1575 1587 1659 1649 lwan

395 1697 591 1756 verberasset
609 1714 666 1757 nec
684 1695 714 1754 in
741 1695 877 1755 minimo
895 1694 1000 1755 eidem
1019 1694 1190 1774 culpabilis
1207 1708 1288 1755 esset
1308 1694 1365 1755 sed
1381 1715 1437 1776 per
1462 1707 1660 1775 apostemam

395 1801 492 1862 vitam
518 1799 673 1862 linivisset
696 1800 921 1882 temporalem,
946 1820 978 1862 se
1004 1801 1088 1861 idem
1108 1801 1291 1862 Demetrius
1315 1801 1435 1882 juratus
1459 1821 1567 1862 coram
1593 1801 1660 1882 ipsa

395 1908 626 1968 communitate
651 1906 779 1988 publice
805 1907 993 1988 expurgavit
1021 1905 1188 1968 manifeste
1213 1921 1244 1968 et
1268 1907 1447 1968 eliberavit.

502 2013 579 2074 ltem
599 2013 721 2094 judices
745 2027 775 2074 et
792 2014 1006 2074 communitas
1023 2033 1151 2074 causam
1177 2013 1258 2074 inter
1276 2013 1458 2074 Emericum
1477 2013 1659 2094 selliparem

396 2133 426 2179 et
453 2119 654 2180 Anthonium
680 2118 874 2198 lutifigulum
909 2119 1035 2180 racione
1065 2119 1231 2180 cuiusdam
1264 2120 1359 2179 unius
1391 2119 1503 2180 floreni
1535 2119 1660 2198 adjudi-

395 2239 558 2303 caverunt,
583 2224 671 2307 quod
690 2225 856 2286 Emericus
880 2226 1010 2308 sellipar
1027 2239 1172 2286 teneatur
1197 2225 1330 2287 reddere
1349 2225 1453 2307 ipsum
1472 2245 1572 2286 unum
1590 2225 1660 2288 flor.

395 2333 462 2393 auri
500 2331 623 2413 prelato
660 2331 825 2392 Anthonio
858 2331 1019 2412 lutiligulo
1056 2351 1157 2412 usque
1198 2332 1283 2392 diem
1316 2331 1558 2412 quindecimum
1591 2332 1660 2394 sine

396 2438 628 2520 prorogatione
653 2438 798 2518 aliquali.

502 2544 578 2606 ltem
605 2563 731 2605 causam
758 2545 839 2605 inter
864 2545 1026 2606 Thomam
1059 2560 1201 2606 sutorem
1233 2545 1354 2606 dictum
1381 2544 1601 2627 Fricheychyn
1628 2560 1660 2606 et

396 2652 537 2711 relictam
572 2649 809 2732 Benchetynam
844 2652 971 2712 racione
1005 2651 1172 2712 cuiusdam
1205 2650 1336 2732 dampni
1372 2671 1427 2712 scu
1459 2652 1568 2732 pabuli
1602 2673 1659 2730 per

396 2777 528 2838 peccora
564 2758 717 2819 devastati
751 2758 842 2836 jurati
888 2758 1128 2838 adjudicarunt,
1163 2759 1250 2840 quod
1283 2761 1350 2841 ipse
1387 2759 1533 2820 Thomas
1569 2773 1659 2821 sutor

395 2864 497 2925 solvat
522 2865 625 2944 ipsum
651 2863 826 2945 dampnum
854 2865 952 2947 ipsius
978 2866 1087 2947 pabuli
1111 2867 1170 2945 ipsi
1195 2866 1326 2927 domine
1351 2879 1382 2927 et
1407 2867 1483 2946 Jurg
1506 2865 1658 2936 carnifex,

395 2971 469 3049 quia
495 2983 525 3030 et
556 2971 641 3050 apud
675 2970 778 3050 ipsum
812 2972 1119 3050 cognominaverant
1151 2973 1328 3054 dampnum
1362 2973 1461 3054 ipsius
1493 2973 1602 3054 pabuli
1628 2989 1659 3035 et

395 3095 528 3157 peccora
554 3076 652 3157 ipsius
677 3076 802 3156 Jwrgh;
821 3090 851 3138 et
875 3078 898 3137 si
925 3097 1006 3158 quos
1031 3079 1130 3140 scient
1155 3093 1185 3139 et
1209 3094 1317 3139 contra
1343 3099 1426 3160 quos
1451 3079 1568 3140 habent
1600 3081 1658 3140 du-

396 3183 484 3242 bium
511 3182 614 3262 ipsum
640 3182 817 3263 dampnum
844 3183 943 3263 ipsius
967 3184 1088 3265 pabuli,
1114 3185 1199 3266 ipsos
1216 3184 1408 3264 judicialiter
1439 3185 1478 3245 ad
1501 3184 1656 3266 judicium

396 3301 574 3369 provocant
598 3303 627 3347 et
652 3307 724 3348 cum
750 3289 869 3349 eisdem
895 3304 1000 3370 agant.

501 3394 576 3454 ltem
604 3395 703 3474 ipsam
730 3415 858 3456 causam
883 3397 950 3477 ipse
972 3397 1056 3477 Jwrg
1080 3397 1255 3479 appellavit
1272 3398 1302 3457 in
1328 3399 1524 3476 presenciam
1550 3399 1656 3460 senio·

394 3519 464 3560 rum
490 3499 632 3578 iudicum
659 3501 910 3579 discuciendam,
935 3503 1022 3584 quod
1048 3522 1112 3564 non
1131 3518 1256 3564 tenetur
1281 3504 1347 3584 ipse
1373 3505 1498 3566 nullum
1525 3525 1660 3586 querere

395 3607 476 3667 circa
501 3607 635 3667 dubium
661 3607 715 3668 sed
740 3608 864 3668 solvere
891 3609 956 3688 ipse
983 3608 1138 3670 Thomas.

502 3714 578 3774 ltem
603 3734 729 3774 causam
750 3715 830 3775 inter
848 3715 998 3776 Juracum
1025 3731 1166 3777 sutorem
1185 3731 1215 3778 et
1231 3718 1394 3778 Andream
1414 3717 1558 3779 ltalicum
1577 3717 1660 3798 judi·

395 3834 505 3880 carunt
530 3819 621 3898 jurati
647 3820 686 3880 ad
712 3821 851 3902 primum
877 3820 1019 3883 futurum
1045 3822 1131 3884 diem
1157 3823 1371 3904 judiciarium.

501 3925 577 3986 ltem
611 3946 737 3986 causam
772 3927 853 3990 inter
884 3927 1076 4008 Gregorium
1110 3943 1251 3991 sutorem
1285 3944 1316 3991 et
1341 3930 1532 3992 Michaelem
1558 3934 1660 3993 carni·

395 4031 485 4092 ficem
511 4032 603 4110 jurati
629 4031 903 4112 adjudicaverunt,
928 4035 1014 4114 quod
1034 4033 1211 4115 Gregorius
1229 4049 1317 4098 sutor
1334 4033 1410 4098 feria
1436 4039 1530 4099 tercia
1556 4038 1660 4118 jurare

395 4139 490 4199 debet
514 4139 659 4219 proxime
684 4155 816 4202 ventura
843 4141 873 4200 in
900 4161 952 4202 ara
977 4155 1084 4202 sancte
1109 4140 1233 4204 Crucis.

500 4245 577 4304 ltem
602 4245 727 4325 Agatha
751 4246 945 4307 Brissacicha
971 4247 1010 4308 ad
1044 4247 1199 4320 iudicium
1225 4269 1288 4310 non
1316 4250 1404 4312 venit
1436 4271 1541 4332 neque
1575 4253 1663 4315 misit

394 4365 489 4432 prout
521 4351 580 4410 sibi
614 4352 820 4414 commissum
854 4351 914 4413 fuit
946 4373 1001 4435 per
1037 4352 1159 4434 juratos
1192 4355 1308 4416 intrare
1333 4356 1372 4416 ad
1405 4356 1559 4437 judicium
1591 4361 1662 4421 sine

394 4457 483 4516 omni
509 4457 663 4518 citacione
689 4458 844 4522 ulteriori.
