3644 5788
391 531 449 612 196
767 527 970 608 Ann01461.
995 563 1035 574 -
1060 541 1109 606 27.
1126 533 1276 607 januarii.

386 745 564 826 patibulum
590 743 742 825 suspendi
767 762 825 825 pro
850 763 900 821 eo,
924 742 1014 824 quod
1034 743 1100 824 ipse
1126 761 1198 804 cunt
1223 743 1288 804 suis
1313 741 1471 804 consociis
1497 743 1652 824 predictis

387 851 591 912 commiserat
614 849 839 928 homicidium,
871 849 1053 932 potenciam
1076 869 1113 910 ac
1137 847 1268 910 lurtum.
1296 850 1336 910 Et
1360 850 1417 910 ista
1444 849 1488 910 sic
1512 849 1651 928 judicata

386 977 442 1038 per
466 957 585 1038 juratos
610 957 724 1018 eodem
750 956 802 1017 die
827 955 976 1016 videlicet
993 953 1072 1017 feria
1095 968 1181 1016 sexta
1205 955 1349 1036 proxima
1375 969 1446 1036 post
1470 957 1650 1036 predictum

386 1063 501 1125 lestum
526 1065 692 1124 beatorum
711 1063 845 1124 Fabiani
870 1075 901 1123 et
922 1061 1100 1124 Sebastiam
1119 1061 1284 1122 martirum
1310 1081 1405 1144 super
1422 1061 1529 1143 ipsum
1550 1061 1651 1123 Geor-

384 1172 473 1252 gium
499 1169 632 1233 Gruden
657 1183 778 1252 patrata
802 1183 886 1232 sunt.

491 1294 567 1356 Item
601 1295 733 1376 quidam
766 1293 850 1356 lwan
883 1293 1013 1376 jobagio
1046 1293 1211 1354 Benedicti
1242 1291 1396 1354 aurifabri
1432 1293 1463 1354 in
1496 1294 1651 1355 suburbio

385 1401 522 1463 civitatis
545 1401 687 1483 predicte
713 1420 928 1478 commorans,
954 1400 986 1461 in
1011 1400 1103 1460 cuius
1115 1399 1214 1460 domo
1239 1397 1300 1460 fuit
1323 1414 1467 1480 repertus
1496 1419 1580 1460 unus
1596 1402 1652 1461 bos

386 1521 417 1569 et
441 1527 497 1589 per
529 1507 702 1588 quemdam
737 1506 900 1567 Thomam
927 1506 975 1572 de,
999 1506 1185 1588 Byztrycza‚
1217 1505 1271 1586 qui
1302 1504 1362 1566 luit
1385 1505 1516 1586 jobagio
1543 1519 1574 1568 et
1607 1505 1650 1566 la·

385 1614 492 1675 mulus
517 1613 656 1674 Emerici
681 1612 797 1675 Croaci
815 1613 846 1673 in
873 1611 987 1674 eodem
1012 1612 1168 1673 suburbio
1185 1611 1321 1674 civitatis
1337 1611 1479 1693 predicte
1505 1631 1647 1674 commo·

385 1720 493 1797 rantis,
518 1719 675 1780 adductus
700 1731 731 1780 et
755 1718 876 1780 ibidem
901 1737 958 1800 per
981 1717 1121 1779 eundem
1140 1716 1302 1778 Thomam
1329 1715 1514 1780 interfectus
1538 1732 1568 1780 et
1585 1719 1644 1779 ibi·

385 1826 505 1887 demin
523 1825 622 1887 domo
640 1823 784 1887 eiusdem
810 1825 894 1886 lwan
913 1824 1031 1885 mansit
1055 1837 1086 1884 et
1109 1824 1194 1885 stetit
1211 1842 1312 1905 usque
1330 1822 1432 1904 (dum)
1449 1843 1506 1906 per
1521 1843 1645 1884 vermes

385 1932 556 1994 devoratus
579 1929 656 2008 tuit;
681 1931 736 2012 qui
762 1931 893 2013 quidem
920 1930 1066 1992 Thomas
1089 1943 1260 2013 postquam
1285 1930 1353 2012 ipse
1378 1931 1436 1992 bos
1459 1950 1516 2012 per
1540 1933 1645 2012 ipsum

385 2039 549 2100 Thomam
573 2035 756 2100 interfectus
779 2035 839 2100 tuit
862 2037 901 2098 ad
934 2038 1072 2099 eundem
1099 2049 1129 2098 et
1153 2037 1234 2098 circa
1268 2037 1408 2098 eundem
1433 2038 1550 2099 bovem
1580 2057 1643 2098 non

384 2145 482 2223 venit,
507 2164 564 2227 pro
589 2165 654 2226 quo
680 2144 765 2205 idem
791 2143 875 2205 lwan
900 2141 959 2206 luit
983 2158 1093 2225 captus
1116 2157 1148 2204 et
1175 2143 1206 2204 in
1232 2163 1358 2205 carcere
1383 2163 1439 2225 per
1461 2157 1526 2205 tres
1553 2145 1650 2226 septi·

384 2271 495 2313 manas
512 2251 712 2333 mancipatus
729 2265 760 2312 et
776 2251 877 2312 eciam
895 2265 941 2312 ter
958 2250 1174 2332 proclamatus
1191 2263 1298 2311 utrum
1317 2251 1389 2331 quis
1414 2264 1525 2312 contra
1545 2251 1649 2332 ipsum

384 2359 506 2419 veniret
530 2371 560 2419 et
584 2358 689 2439 ipsum
713 2359 831 2419 bovem
855 2376 950 2418 suum
974 2357 1369 2438 comprobarepotuisset,
1395 2371 1426 2419 et
1451 2358 1526 2438 quia
1552 2377 1649 2418 nemo

384 2464 423 2524 ad
448 2463 726 2546 comprobandum
751 2477 862 2524 contra
895 2464 1000 2545 ipsum
1025 2463 1134 2523 venire
1159 2463 1292 2540 curavit,
1325 2463 1399 2525 ideo
1425 2483 1483 2524 nos
1508 2463 1649 2525 eundem

385 2569 468 2630 lwan
492 2570 630 2630 liberum
656 2582 687 2631 et
704 2569 889 2651 expeditum
914 2589 950 2631 ac
969 2569 1176 2630 innocentem
1194 2568 1351 2630 misimus.
1378 2569 1418 2630 Et
1442 2569 1502 2630 hoc
1527 2568 1647 2631 lactum

383 2674 443 2738 luit
465 2689 610 2758 tempore
646 2677 744 2737 sancti
771 2675 924 2758 Stephani
950 2677 1034 2756 regis
1064 2689 1211 2756 ternpore
1247 2675 1464 2736 nundinarum
1489 2676 1528 2737 de
1564 2695 1650 2737 anno
1729 2692 1733 2698 ·

384 2782 517 2844 Domini
542 2781 695 2844 MCCCC
720 2782 931 2862 sexagesimo.

388 3015 516 3126 ‘Ferla
544 3016 649 3089 tercia
687 3019 841 3106 proxima
871 3025 947 3106 post
975 3017 1098 3088 festum
1134 3017 1369 3090 Conversionis
1399 3016 1488 3089 beati
1518 3017 1614 3088 Pauli

676 3141 821 3230 apostoli
850 3141 888 3210 de
917 3160 1002 3211 anno
1031 3139 1212 3216 ucccttx
1240 3144 1360 3231 primo.

788 3308 853 3390 (27.
869 3312 1021 3387 januarii,
1044 3331 1114 3371 ann.
1140 3308 1247 3392 1461).

492 3452 568 3514 ltem
594 3451 776 3514 Anthonius
801 3450 889 3512 faber
913 3452 1015 3534 prima
1039 3453 1108 3513 vice
1133 3453 1246 3514 citatus
1271 3466 1383 3515 contra
1409 3453 1584 3515 Martinum
1603 3451 1649 3514 sa-

386 3561 542 3622 miliarem
569 3559 736 3620 Benedicti
761 3558 913 3641 Krupych
939 3558 978 3619 de
1006 3559 1112 3620 Mlaka
1137 3579 1201 3620 non
1228 3560 1417 3642 comparuit.

491 3683 568 3745 ltem
593 3683 685 3763 jurati
711 3682 976 3762 adjudicaverunt
1000 3682 1116 3744 eodem
1141 3683 1193 3744 die
1219 3683 1368 3744 familiari
1395 3683 1516 3745 Mathia
1540 3697 1651 3764 tergo-

385 3810 482 3868 wecz,
506 3789 635 3850 Thoma
660 3789 802 3867 nornine,
827 3789 915 3870 quod
941 3789 1007 3870 ipse
1029 3791 1214 3850 terciusmet
1238 3789 1334 3850 debet
1355 3790 1457 3870 jurare
1483 3803 1515 3851 et
1537 3810 1571 3850 se
1598 3810 1652 3850 ex·

385 3918 522 3982 purgare
547 3898 579 3958 in
604 3917 657 3958 ara
681 3911 788 3958 sancte
806 3897 919 3959 Crucis
936 3895 1014 3958 feria
1039 3911 1124 3958 sexta
1143 3897 1289 3980 proxime
1306 3911 1450 3976 ventura,
1475 3899 1563 3980 quod
1583 3899 1654 3981 ipse

384 4003 430 4064 nil
455 4003 506 4064 vel
531 4003 695 4064 modicum
722 4017 802 4064 esset
834 4003 1006 4084 culpabilis
1038 4004 1068 4064 in
1096 4004 1264 4066 ablacione
1297 4003 1452 4066 serrorum
1478 4005 1655 4066 arabilium

385 4108 513 4174 Nicolai
538 4108 643 4190 iurati,
671 4110 808 4172 sartoris.

492 4233 568 4294 ltem
592 4233 686 4314 jurati
711 4233 976 4316 adjudicaverunt
1006 4231 1223 4314 juramentum
1251 4236 1352 4298 Bense
1376 4236 1500 4297 concivi
1526 4249 1656 4314 nostro,

385 4339 525 4401 solomet
548 4341 677 4422 propria
702 4341 733 4401 in
759 4361 895 4422 persona
912 4353 1022 4403 contra
1047 4342 1189 4404 Blasium
1207 4342 1403 4424 lutifigulum
1429 4363 1466 4404 ex
1491 4365 1540 4421 eo,
1559 4345 1656 4425 quod

384 4459 473 4528 pater
498 4447 641 4508 eiusdem
667 4447 768 4508 Bense
793 4447 825 4508 in
850 4447 941 4509 nullo
959 4461 1041 4509 esset
1058 4448 1228 4530 culpabilis
1253 4449 1363 4511 necin
1388 4450 1498 4531 aliquo
1522 4451 1657 4532 obliga·

384 4567 480 4630 retur,
505 4553 617 4615 eadem
643 4553 720 4614 feria
746 4568 842 4618 sexta.

491 4676 568 4738 ltem
593 4676 698 4758 (jurati
722 4677 998 4761 adjudicaverunt)
1031 4679 1131 4740 Elene
1158 4679 1267 4742 relicte
1298 4681 1388 4742 Jurse
1414 4681 1489 4742 dicti
1514 4681 1658 4763 Ryhtar,

384 4783 508 4844 concivi
525 4797 643 4861 nostre,
667 4782 881 4862 juramentum
907 4799 1016 4846 contra
1035 4785 1198 4867 lvlatbyam
1222 4785 1395 4869 Gaychech
1420 4807 1457 4847 ex
1482 4806 1532 4864 eo,
1558 4789 1655 4868 quod

384 4889 451 4970 ipsa
476 4889 580 4950 eidem
606 4909 671 4949 non
695 4902 777 4950 esset
799 4891 970 4972 culpabilis
994 4891 1025 4952 in
1043 4891 1165 4952 lesione
1188 4912 1256 4970 sua,
1282 4906 1313 4954 et
1337 4893 1403 4974 ipsa
1429 4893 1525 4954 debet
1542 4891 1657 4972 jurare

384 4995 518 5056 solamet
542 4996 654 5056 eadem
679 4993 757 5056 seria
780 5010 877 5059 sexta.
