3838 5786
694 587 779 645 Anno
803 599 890 664 1475.
916 623 956 631 -
981 601 1009 648 2.
1027 589 1119 663 junii.
1477 603 1540 666 443

387 802 462 862 Item
501 801 700 882 Margaretha
734 801 819 882 apud
853 801 987 861 eandem
1024 801 1199 882 reperimus
1231 798 1405 877 maleficia,
1440 799 1541 880 capita

281 927 466 990 puerorum,
491 907 612 967 radices
636 927 810 988 perversas,
837 908 1119 988 inpocionaciones
1143 926 1178 967 ac
1199 907 1259 966 alia
1286 905 1385 967 multa
1403 905 1485 966 mala
1511 905 1541 965 in

281 1014 405 1096 scrinya
430 1033 497 1091 sua,
522 1027 552 1074 et
577 1013 769 1074 martirizata
794 1013 931 1073 solamet
962 1013 1101 1094 prodixit
1130 1033 1164 1074 ea
1189 1013 1232 1072 sic
1258 1032 1336 1088 esse,
1361 1025 1392 1072 et
1416 1031 1471 1093 per
1495 1011 1542 1092 ju-

281 1121 368 1181 dices
393 1133 424 1181 et
446 1139 503 1201 per
530 1119 650 1199 juratos
682 1118 876 1200 adjudicata,
908 1133 993 1180 extra
1026 1119 1185 1180 civitatem
1219 1119 1363 1180 baculata
1389 1132 1420 1178 et
1443 1117 1542 1179 licen-

281 1227 360 1287 ciata
385 1239 440 1304 cst,
466 1226 554 1306 quod
581 1225 713 1286 ulterius
747 1225 787 1286 ad
811 1225 1007 1288 territorium
1042 1225 1178 1286 civitatis
1209 1244 1275 1285 non
1301 1224 1404 1302 intret,
1430 1243 1491 1304 que
1517 1224 1542 1284 si

280 1334 443 1395 intraverit
468 1354 582 1416 penam
610 1334 721 1394 mortis
745 1333 897 1416 pacietur.

386 1440 464 1502 ltem
491 1440 589 1500 Elena
624 1439 825 1520 Rogachicza
851 1440 881 1501 in
918 1418 1061 1501 martirio
1094 1440 1182 1517 dixit,
1215 1439 1302 1520 quod
1332 1459 1463 1500 uxorem
1488 1459 1542 1520 ge·

279 1549 363 1609 neris
389 1549 473 1610 Luce
499 1548 660 1609 balneavit
694 1548 724 1608 in
751 1547 911 1608 radicibus
943 1547 1035 1608 malis
1067 1548 1098 1607 in
1131 1559 1239 1628 pute0‚
1265 1560 1295 1607 et
1320 1547 1440 1607 ibidem
1474 1567 1542 1628 per·

278 1651 361 1716 ludit
386 1675 423 1715 ex
448 1655 524 1736 ipsis
549 1654 709 1715 radicibus
734 1654 821 1734 quod
847 1654 978 1714 maritus
1003 1653 1148 1715 eiusdem
1177 1673 1241 1714 non
1267 1655 1413 1714 verberat
1437 1673 1542 1734 neque

279 1761 426 1842 corriget,
452 1761 508 1821 sed
534 1760 622 1842 quod
648 1759 783 1822 eandem
814 1759 971 1842 diligeret.

387 1866 462 1928 ltem
489 1867 666 1949 reperimus
691 1866 775 1948 apud
801 1866 939 1927 eundem
957 1885 1110 1948 generum
1140 1867 1225 1928 Luce
1250 1865 1424 1946 quamdam
1451 1865 1542 1925 insci·

280 1973 381 2034 tulam
407 1974 536 2056 plenam
562 1974 647 2034 malo
674 1987 816 2053 ungento
841 1987 871 2035 et
903 1993 985 2054 aqua
1010 1993 1047 2033 ex
1071 1973 1233 2034 radicibus
1258 1972 1350 2033 malis
1376 1971 1542 2052 repletam,

282 2099 379 2161 quam
406 2078 611 2161 ins(citul)am
636 2081 702 2161 ipse
726 2100 825 2161 gener
857 2081 1010 2142 metsolus
1035 2081 1128 2142 nobis
1167 2080 1362 2162 presentabit
1384 2078 1543 2158 judicibus

281 2199 312 2248 et
336 2185 455 2268 juratis.

387 2292 465 2353 ltem
490 2293 604 2354 iterato
629 2293 715 2354 idem
742 2293 842 2354 Elena
868 2293 1069 2374 Rogachicza
1100 2306 1282 2375 susceperat
1306 2291 1463 2373 quosdam
1488 2291 1542 2352 cli·

282 2412 371 2460 entes
403 2419 475 2460 cum
508 2399 609 2460 salute
641 2420 697 2460 sua
730 2399 769 2460 ad
802 2400 935 2460 domum
968 2421 1069 2478 suam,
1102 2401 1156 2481 qui
1188 2414 1220 2462 et
1254 2400 1308 2462 ubi
1341 2399 1473 2480 quidam
1506 2417 1542 2458 ex

283 2507 359 2587 ipsis
376 2504 481 2567 forent
498 2505 653 2567 interfecti
679 2525 751 2567 curn
769 2526 863 2566 sensu
881 2507 979 2588 ipsius
997 2508 1096 2569 Elene
1122 2521 1152 2568 et
1169 2505 1233 2568 filie
1258 2507 1403 2568 eiusdem
1432 2517 1541 2566 manet

281 2632 364 2673 unus
389 2611 582 2692 interfectus,
608 2613 662 2673 ubi
688 2627 771 2674 certa
804 2613 992 2674 vestimenta
1018 2613 1160 2695 ipsorum
1187 2613 1340 2674 clientum
1366 2611 1543 2694 reperimus

281 2719 312 2778 in
338 2718 437 2779 domo
462 2739 529 2797 sua,
555 2733 585 2780 et
610 2720 715 2800 ipsum
741 2732 904 2780 mortuum
929 2719 1095 2780 hominem
1120 2719 1238 2781 fecerat
1262 2718 1445 2802 protrahere
1470 2729 1543 2779 ante

280 2837 405 2906 portam
432 2824 513 2886 lreni
539 2824 645 2904 fabris,
663 2825 706 2886 ita
731 2845 885 2904 asserens,
910 2825 998 2906 quod
1017 2825 1083 2908 ipse
1109 2826 1206 2887 cliens
1231 2826 1263 2886 in
1281 2825 1380 2886 domo
1404 2844 1460 2885 sua
1477 2843 1542 2884 non

281 2929 391 2991 luisset
417 2931 610 3010 interfectus,
636 2932 690 3013 qui
718 2951 788 2993 cum
815 2945 861 2992 est
878 2929 1062 2994 interfectus
1087 2932 1117 2992 in
1136 2932 1235 2993 domo
1259 2952 1314 2992 sua
1340 2945 1370 2992 et
1394 2930 1457 2992 filie
1475 2949 1543 3008 sue,

282 3055 357 3116 ergo
383 3051 413 3097 et
437 3037 510 3097 ideo
535 3058 593 3118 pro
626 3037 680 3098 tali
714 3037 845 3098 crimine
878 3036 937 3098 fuit
968 3037 1096 3099 detenta
1127 3038 1158 3098 in
1184 3056 1308 3099 carcere
1333 3055 1541 3118 permanens;

281 3161 340 3224 pro
366 3161 431 3223 quo
455 3143 509 3203 tali
535 3143 667 3204 crimine
698 3158 834 3204 mortem
865 3143 1003 3205 debebat
1027 3145 1103 3225 pati,
1134 3158 1240 3204 tamen
1267 3143 1297 3204 in
1325 3143 1393 3224 ipso
1418 3161 1542 3204 carcere

283 3261 419 3327 mortua,
445 3249 568 3331 sepulta
594 3250 696 3311 estin
722 3249 794 3311 loco
819 3251 874 3312 ubi
899 3251 1035 3312 malefici
1062 3265 1316 3312 concremantur.

493 3485 587 3559 Faria
616 3498 714 3561 sexta
744 3499 820 3577 post
848 3498 988 3561 octavas
1017 3488 1171 3578 Corporis
1200 3487 1336 3559 Christi.

821 3641 865 3722 (2.
883 3646 992 3719 junia).

388 3783 464 3844 ltem
484 3783 514 3843 in
530 3803 621 3844 causa
637 3783 718 3846 inter
735 3784 942 3845 Valentinum
956 3781 1161 3866 freniparem,
1181 3781 1393 3844 Laurentium
1414 3781 1542 3861 Sporar,

284 3891 436 3952 Mathiam
453 3891 646 3974 Symunycz,
665 3891 844 3952 lohannem
866 3890 1004 3970 judicem
1024 3891 1121 3951 Pazar
1137 3905 1267 3972 propter
1295 3908 1343 3948 res
1368 3887 1543 3948 Franconis

281 4011 461 4080 prorogata.
489 3998 595 4058 Primo
620 3998 705 4059 citati
731 4017 795 4058 non
821 4011 1080 4080 comparuerunt.

387 4105 465 4166 ltem
491 4105 628 4165 lacobus
660 4104 859 4188 Jakcheuycz
891 4120 1000 4165 contra
1030 4103 1171 4165 Blasium
1204 4102 1342 4184 judicem
1368 4100 1542 4184 appellavit

281 4230 409 4272 causam
435 4211 466 4271 in
492 4211 690 4293 presenciam
719 4211 864 4274 civitatis.

386 4316 463 4378 Item
490 4317 650 4398 Georgius
671 4330 768 4396 sutor,
793 4317 924 4398 juratus,
949 4331 1057 4378 contra
1076 4317 1230 4376 Jacobum
1257 4315 1412 4396 Cotingar
1436 4313 1541 4396 primo

283 4435 313 4482 et
335 4423 477 4484 secundo
502 4425 615 4485 citatus
639 4445 703 4485 non
729 4425 917 4506 comparuit.

388 4529 465 4591 ltem
491 4531 593 4592 Lucas
611 4531 768 4614 Ribarycz
789 4531 895 4592 amisit
922 4549 978 4591 seu
995 4531 1134 4612 perdidit
1158 4530 1266 4590 literas
1290 4547 1345 4589 seu
1363 4527 1430 4608 jura
1448 4547 1542 4609 super

283 4636 382 4697 domo
405 4657 460 4697 seu
486 4635 587 4698 fundo
605 4652 634 4698 et
659 4636 811 4719 (h)ortum
836 4657 928 4698 suum
947 4651 1107 4714 sonantes,
1133 4657 1189 4718 pro
1208 4636 1324 4717 quibus
1348 4647 1395 4696 ter
1418 4634 1538 4716 procla·

282 4757 459 4806 moverunt.

387 4849 464 4911 ltem
502 4871 628 4911 causam
666 4851 746 4910 inter
782 4850 934 4911 Mathiam
972 4863 1111 4912 sutorem
1153 4863 1184 4911 et
1223 4849 1388 4910 dominam
1422 4847 1541 4928 Elazya

281 4971 411 5038 propter
443 4958 617 5038 quamdam
643 4957 780 5034 vineam,
814 4976 910 5037 quam
933 4957 1058 5016 vineam
1093 4957 1223 5017 domina
1250 4956 1367 5038 Elazya
1395 4967 1540 5034 tempore

279 5065 342 5124 vite
368 5065 539 5146 possideat,
563 5079 635 5146 post
660 5079 795 5124 mortem
828 5083 903 5126 vero
932 5083 1022 5124 suam
1055 5064 1225 5125 descendat
1249 5063 1289 5125 ad
1314 5061 1468 5124 Mathiam
1492 5081 1539 5122 se·
