3838 5786
465 555 526 636 346
835 550 1035 631 Anno1469.
1060 587 1103 596 —
1126 565 1177 630 24.
1194 552 1345 628 januarii

571 770 648 830 Item
680 787 808 829 causam
841 767 922 828 inter
956 763 1144 826 Thomasko
1178 776 1331 824 sartorem
1364 775 1394 822 et
1429 761 1511 822 inter
1543 773 1716 822 executores

463 877 643 938 testamenti
669 876 807 936 condam
833 873 1011 936 Clementis
1038 871 1193 952 Hungari,
1218 869 1310 950 jurati
1333 869 1536 946 invenerunt,
1559 867 1644 948 quod
1662 868 1714 949 ipsi

464 997 648 1044 executores
672 997 734 1043 tres
759 981 835 1042 Ieria
861 993 947 1044 sexta
964 979 1110 1060 proxime
1134 990 1267 1038 ventura
1290 975 1392 1058 jurare
1418 976 1619 1052 tenebuntur,
1636 975 1716 1056 quod

467 1089 525 1171 ipsi
551 1108 615 1150 non
634 1088 814 1149 effoderunt
838 1087 974 1168 parietes
991 1086 1163 1146 domorum
1186 1097 1217 1143 et
1241 1082 1460 1165 pavimentum
1487 1081 1602 1142 domus
1625 1081 1716 1162 ipsIus

464 1196 601 1258 condam
634 1195 823 1272 Clementis,
856 1213 952 1274 quam
986 1191 1092 1252 eidem
1123 1190 1312 1252 Thomasko
1344 1187 1571 1264 vendiderant;
1603 1202 1632 1248 et
1662 1187 1717 1248 hoc

464 1303 564 1364 eciam
591 1302 720 1383 jobagio
745 1301 888 1362 eiusdem
915 1300 1017 1361 Iacere
1046 1313 1172 1360 tenetur
1196 1311 1227 1358 et
1252 1296 1365 1376 jurare.

570 1409 646 1470 Item
674 1427 802 1469 causam
828 1408 910 1468 inter
927 1405 1135 1468 Valentinum
1162 1405 1201 1464 de
1227 1403 1394 1484 Zawersya
1419 1416 1449 1460 et
1474 1401 1555 1462 Inter
1573 1401 1717 1462 Mathiam

462 1535 646 1596 arcuparem
673 1516 801 1576 racione
828 1513 1031 1595 impulsionis
1056 1509 1270 1592 quarumdam
1296 1527 1474 1590 caprarum,
1499 1507 1566 1588 ipse
1592 1506 1718 1568 Matthias

463 1623 662 1682 estimatores
694 1621 909 1702 dampnorum
943 1617 1021 1680 feria
1054 1617 1193 1678 secunda
1226 1615 1371 1698 proxime
1404 1627 1536 1674 ventura
1568 1613 1718 1673 adducere

464 1727 632 1788 tenebitur.

569 1835 646 1895 Item
672 1833 886 1914 juramentum
915 1832 1013 1892 Paulo
1038 1851 1158 1911 genero
1176 1829 1364 1911 ScrInarych
1390 1841 1498 1889 contra
1524 1825 1716 1886 Anthonium

463 1941 600 2020 judicem
623 1941 750 2001 racione
776 1939 979 2020 depascionis
1003 1937 1109 1998 fertilis
1134 1939 1233 2019 ipsIus
1259 1935 1411 1996 Anthonii
1437 1933 1561 2014 judicis,
1586 1933 1643 1992 sibi
1668 1931 1717 1992 ad-

464 2047 652 2126 judicatum,
676 2046 825 2128 deposuit
851 2057 884 2106 ut
908 2045 1029 2106 debuit.

544 2265 639 2338 Faria
669 2269 776 2338 tercIa
805 2269 958 2354 proxima
988 2273 1066 2335 ante
1104 2265 1225 2335 Iestum
1254 2265 1342 2334 beati
1372 2261 1466 2332 Pauli
1495 2261 1651 2349 apostoli.

858 2389 898 2460 de
926 2408 1012 2459 auno
1042 2385 1324 2460 IICCCCIIIVIIII.

970 2541 1037 2621 (24.
1054 2541 1223 2618 januariI).

567 2684 644 2746 Item
669 2685 743 2766 quia
769 2684 902 2766 provida
920 2683 1036 2744 mulier
1059 2681 1220 2744 Dorothca
1245 2697 1356 2743 vocata
1385 2683 1476 2743 aliter
1502 2684 1595 2744 Kwsa
1621 2681 1715 2742 nomi·

462 2805 545 2868 nata,
570 2791 710 2872 prImum
735 2791 844 2851 relicta
868 2790 1004 2850 condam
1038 2789 1135 2849 Blasii
1164 2787 1319 2849 carnificis
1351 2788 1610 2871 Chwdaxvchych
1635 2788 1715 2862 dicti,

461 2897 538 2958 olim
572 2897 650 2957 civis
682 2897 764 2958 dicte
797 2897 952 2974 civitatis,
984 2915 1067 2955 nunc
1101 2915 1177 2955 vero
1209 2913 1340 2955 consors
1375 2894 1535 2956 ValentIni
1570 2892 1717 2956 carnificis

464 3003 606 3064 Hermen
640 3003 734 3081 dicti,
766 3003 844 3063 civis
875 3003 1008 3063 Abbatis
1041 3002 1274 3082 zagrabiensis,
1309 3001 1339 3061 id
1373 3001 1512 3062 evidenti
1537 3000 1714 3062 testImonio

464 3111 639 3192 proborum
666 3111 807 3170 virorum
833 3123 864 3170 et
888 3109 1070 3170 concivium
1096 3121 1279 3169 nostrorum
1303 3107 1561 3189 (comprobavit),
1586 3123 1619 3168 ut
1644 3107 1713 3166 dum

463 3215 608 3277 Thomas
640 3214 735 3276 irater
775 3215 918 3276 elusdem
951 3215 1103 3292 carnalis,
1146 3213 1231 3276 filius
1266 3214 1403 3276 condam
1437 3214 1601 3276 Benedicti
1639 3213 1713 3293 agri-

462 3323 531 3383 cole
565 3323 656 3383 aliter
688 3321 795 3382 Bedelr
829 3322 922 3399 dicti,
955 3322 1032 3382 olim
1073 3321 1214 3383 concivis
1245 3321 1364 3397 nostri,
1408 3322 1438 3382 in
1473 3323 1622 3382 extremis
1656 3319 1712 3379 vitc

461 3449 518 3490 sue
544 3430 731 3510 temporalis
755 3429 939 3507 laborasset,
964 3441 1039 3488 tunc
1065 3428 1130 3510 ipse
1152 3428 1326 3508 quamdam
1351 3429 1537 3509 porcionem
1563 3448 1650 3488 suam
1675 3425 1715 3484 vi-

461 3535 588 3595 nealem
614 3535 645 3594 in
670 3536 831 3596 territorio
856 3535 938 3596 dicte
964 3535 1100 3596 civitatis
1117 3535 1269 3612 habitam,
1294 3535 1400 3616 Ipsum
1424 3549 1495 3615 post
1511 3535 1634 3597 obitum
1654 3553 1715 3614 pre·

461 3639 516 3701 lati
542 3641 706 3702 Benedicti
732 3641 829 3722 patris
861 3642 909 3701 sui
934 3641 1002 3722 jure
1035 3639 1227 3701 hereditario
1260 3641 1318 3702 rite
1351 3656 1382 3702 et
1412 3641 1568 3721 legittime
1595 3660 1715 3703 concer-

461 3759 601 3825 nentem,
627 3768 700 3808 cum
725 3749 836 3808 ceteris
859 3748 925 3809 suis
955 3747 1146 3808 utilitatibus
1178 3747 1441 3808 testamentaliter
1463 3748 1598 3828 legasset
1622 3763 1651 3808 et
1674 3747 1715 3806 di·

460 3854 607 3933 misisset,
632 3855 705 3915 ideo
731 3875 789 3916 nos
821 3854 928 3916 literas
961 3869 1084 3915 nostras
1113 3867 1143 3914 et
1175 3855 1257 3915 dicte
1283 3854 1418 3916 cIvitatis
1449 3874 1544 3937 super
1569 3856 1715 3938 premissa

461 3961 613 4042 porcione
638 3961 756 4022 vineali
781 3960 856 4022 dare
881 3960 1031 4022 duxImus
1055 3961 1263 4042 assignandas
1287 3973 1318 4022 et
1342 3960 1472 4022 dandas.

568 4067 643 4128 Item
678 4087 805 4128 causam
839 4068 920 4129 inter
952 4067 1152 4129 Demetrium
1191 4065 1342 4128 claudum
1382 4081 1536 4128 sartorem
1576 4081 1609 4130 et
1641 4067 1715 4128 inter

463 4172 640 4252 Georgium
666 4173 881 4256 Jelovvchych,
906 4174 998 4254 jurati
1022 4174 1126 4236 taliter
1158 4173 1391 4255 adjudicarunt,
1416 4175 1504 4254 quod
1529 4175 1610 4235 illud
1634 4171 1714 4255 quod

461 4278 527 4360 ipse
554 4279 735 4339 Demetrius
759 4281 888 4342 servivit
912 4281 1017 4342 eidem
1043 4280 1185 4361 GeorgIo
1203 4293 1233 4341 et
1254 4277 1371 4342 fecerat
1388 4281 1640 4342 convencionem
1656 4300 1714 4341 ser-

459 4385 526 4444 vire
551 4384 590 4444 ad
616 4404 736 4444 annum
754 4401 784 4445 et
807 4387 935 4447 recessit
959 4389 999 4448 ab
1028 4407 1124 4464 anno,
1149 4387 1216 4468 ipse
1238 4385 1398 4467 Georgius
1426 4387 1524 4448 nichil
1548 4389 1712 4469 obligatur,

460 4491 515 4552 sed
533 4490 676 4572 precium
701 4492 787 4571 quod
806 4493 894 4574 prius
910 4493 1041 4554 servivit
1065 4493 1125 4554 sibi
1147 4513 1205 4574 pro
1229 4513 1294 4574 quo
1313 4511 1376 4553 non
1402 4509 1597 4556 convenerat
1613 4511 1713 4555 secum

458 4597 499 4658 ad
532 4596 730 4658 ebdomadas
761 4599 828 4680 ipse
862 4598 1021 4679 Georgius
1055 4613 1183 4661 tenetur
1211 4599 1317 4660 eidem
1350 4599 1475 4661 solvere
1508 4615 1539 4662 et
1569 4601 1712 4682 pelicium

460 4704 630 4785 antiquum
665 4705 753 4785 quod
786 4706 881 4767 habet
912 4707 979 4788 ipse
1012 4707 1193 4768 Demetrius
1218 4707 1322 4767 eidem
1356 4721 1513 4787 quantum
1544 4707 1627 4768 valet
1657 4705 1712 4767 sol·

458 4831 532 4872 vere
555 4823 691 4873 tenetur.

566 4916 642 4978 Item
669 4937 796 4978 causam
822 4919 904 4980 inter
929 4918 1117 4981 Thomasko
1138 4933 1292 4980 sartorem
1318 4932 1348 4980 et
1372 4935 1558 4983 executores
1580 4919 1710 4982 condam

460 5023 636 5085 Clementis
669 5025 817 5086 videlicet
849 5027 1041 5089 Michaelem
1071 5025 1244 5109 pellificem
1275 5038 1306 5088 et
1338 5028 1502 5092 Thomam
1536 5029 1656 5113 Glazyn
1679 5044 1710 5086 ac
