3818 5786
387 509 431 571 38
802 492 888 549 Anno
911 503 1001 568 1452.
1025 525 1069 534 -
1091 505 1140 550 21.
1156 490 1240 565 julii.

389 703 506 766 Bolsak
525 718 639 766 octavo
664 703 715 765 die
732 723 828 786 super
852 722 939 765 aram
965 715 1073 764 contra
1092 702 1223 784 Petrycz
1244 699 1421 761 institorem
1445 699 1548 782 jurare
1565 712 1652 762 tene-

392 811 477 873 bitur
500 830 596 893 super
620 829 670 888 eo,
695 823 730 871 ut
754 811 820 892 ipse
846 811 977 892 Petrycz
996 823 1058 870 tres
1082 807 1221 870 florenos
1238 805 1305 867 auri
1329 806 1380 868 vel
1405 819 1545 884 monete,
1571 825 1653 887 quos

390 917 450 1000 ipsi
475 917 607 978 domine
632 916 733 978 Elene
757 915 854 978 hodie
873 917 1032 978 asserebat
1056 913 1125 977 fore
1145 914 1247 992 datos,
1271 912 1377 974 eidem
1395 912 1527 974 domine
1551 912 1652 974 Elene

389 1042 455 1084 non
474 1023 564 1085 dedit
587 1041 693 1104 neque
710 1022 816 1102 solvit,
841 1021 897 1083 sed
921 1023 954 1084 in
977 1021 1067 1084 totali
1093 1021 1224 1082 accione
1242 1019 1385 1081 eiusdem
1410 1019 1541 1102 Petrycz
1559 1019 1651 1080 inno·

388 1149 462 1192 cens
487 1141 569 1192 esset
591 1128 722 1212 penitus
745 1143 776 1190 et
800 1128 940 1194 innoxia.

390 1345 487 1421 Faria
515 1355 612 1420 sexta
650 1349 803 1438 proxlma
839 1355 916 1437 post
954 1347 1076 1420 festam
1114 1353 1311 1419 sanctorum
1340 1346 1420 1432 Viti,
1451 1345 1592 1417 Modesti
1621 1353 1656 1417 et

809 1470 1000 1544 crescencie
1027 1479 1231 1560 martyrum.

933 1637 995 1715 (16.
1012 1643 1120 1718 sunit).

891 1798 1006 1864 (eoiret.
1025 1815 1083 1865 aaa·
1102 1797 1157 1864 36.)

497 1943 575 2006 Item
600 1942 784 2005 Anthonius
809 1941 898 2004 faber
922 1954 1032 2005 contra
1057 1943 1269 2006 Benedictum
1286 1945 1465 2006 institorem
1490 1941 1596 2024 primo
1613 1940 1656 2002 ci-

390 2062 475 2113 tatus
499 2069 564 2112 non
589 2049 779 2132 comparuit.

418 2285 514 2360 Feria
543 2295 641 2359 sexta
678 2289 831 2376 proxima
860 2295 937 2358 ante
974 2287 1098 2359 festum
1135 2297 1252 2360 sancte
1289 2288 1395 2359 Marie
1425 2284 1629 2375 Magdalene.

933 2457 995 2531 (21.
1012 2459 1111 2534 julii).

497 2597 574 2658 Item
600 2595 677 2677 quia
694 2595 855 2677 Georgius
872 2595 961 2657 faber
977 2595 1062 2658 filius
1083 2597 1167 2659 Petri
1185 2598 1320 2680 Ztrugar
1337 2596 1377 2660 de
1402 2596 1657 2678 Hrazthowycza

390 2704 424 2766 in
448 2701 619 2764 manifesto
644 2701 730 2763 furtu
754 2715 785 2764 et
814 2703 1035 2785 asportatione
1068 2704 1278 2786 pecuniarum
1302 2703 1362 2765 viri
1395 2703 1522 2786 providi
1547 2715 1577 2763 et
1601 2701 1658 2764 ho·

391 2809 471 2870 nesti
495 2808 659 2871 Valentini
683 2806 763 2869 fabri
789 2807 845 2869 filii
870 2809 999 2870 Martini
1028 2809 1275 2893 Woyewodych
1300 2810 1340 2872 de
1365 2808 1512 2893 Tersych
1537 2821 1584 2871 est
1608 2809 1655 2870 in-

392 2930 517 2994 ventus,
541 2928 636 2996 prout
660 2915 795 2996 ipsemet
824 2913 983 2996 Georgius
1007 2914 1096 2978 faber
1119 2915 1216 2978 hodie
1248 2918 1282 2979 in
1312 2916 1433 2998 judicio
1458 2935 1568 2978 coram
1592 2928 1658 2978 tota

393 3021 623 3083 communitate
648 3034 694 3082 est
723 3021 903 3100 confessus,
935 3021 1075 3104 ideoque
1107 3023 1213 3105 ipsum
1246 3022 1426 3104 Georgium
1459 3021 1586 3085 fabrum
1619 3019 1659 3082 ad

392 3127 564 3188 instantem
599 3127 794 3208 peticionem
830 3128 1043 3210 plurimorum
1079 3129 1240 3190 bonorum
1272 3129 1416 3191 virorum
1450 3147 1509 3210 pro
1542 3126 1659 3189 eodem

395 3231 537 3312 Georgio
562 3231 652 3298 fabro
677 3233 771 3295 nobis
795 3232 921 3314 factam,
952 3235 991 3294 de
1024 3235 1150 3296 civitate
1175 3235 1298 3297 eteius
1331 3235 1492 3297 territorio
1523 3234 1659 3317 turpiter

394 3339 511 3421 expelli
544 3337 677 3399 fecimus
708 3359 766 3421 pro
798 3340 900 3421 prima
932 3341 1152 3421 correccione,
1184 3343 1258 3404 licet
1290 3361 1348 3424 pro
1380 3342 1451 3424 ipso
1484 3340 1571 3402 furtu
1601 3359 1660 3401 suo

395 3463 511 3526 penam
536 3445 685 3526 supplicii
710 3445 845 3526 patibuli
863 3445 1083 3526 demeruisset,
1100 3448 1339 3510 committentes
1363 3447 1469 3509 eidem
1495 3461 1531 3509 ut
1554 3447 1593 3509 de
1610 3467 1661 3509 ce·

395 3563 464 3612 tero
488 3550 573 3612 idem
602 3549 761 3631 Georgius
785 3549 874 3612 faber
905 3551 945 3613 ad
976 3553 1137 3615 civitatem
1170 3553 1346 3637 predictam
1379 3570 1410 3617 et
1434 3555 1504 3617 eius
1536 3555 1661 3616 territo·

395 3657 478 3718 rium
502 3655 681 3738 predictum
707 3677 874 3739 nunquam
899 3659 1016 3721 intrare
1036 3658 1161 3740 debeat,
1186 3661 1241 3742 qui
1266 3661 1292 3722 si
1317 3661 1452 3723 indicta
1478 3661 1606 3723 civitate
1630 3673 1661 3722 et

396 3763 464 3823 eius
487 3763 647 3825 territorio
672 3763 811 3845 amplius
834 3779 1000 3847 reppertus
1031 3765 1136 3846 fuerit,
1165 3768 1251 3848 juxta
1283 3767 1440 3831 demerita
1464 3781 1529 3830 tam
1554 3767 1661 3850 priora

396 3888 493 3949 quam
518 3869 694 3950 posteriora
711 3889 827 3951 penam
845 3871 993 3953 supplicii
1018 3891 1115 3953 quarn
1133 3872 1330 3935 demeruerit
1346 3894 1421 3936 mox
1446 3887 1663 3957 consequetur

396 3988 427 4036 et
449 3975 601 4057 pacietur.

501 4079 578 4141 ltetn
611 4079 703 4160 jurati
736 4083 960 4162 adjudicarunt
992 4103 1118 4145 causam
1152 4085 1234 4147 inter
1266 4087 1432 4149 Thomam
1465 4085 1661 4170 freniparem

397 4184 516 4247 dictum
543 4185 721 4269 Seleznyalr
745 4187 847 4249 filium
874 4189 970 4251 Blasii
995 4203 1025 4252 et
1056 4191 1138 4253 inter
1162 4191 1328 4256 Andream
1359 4207 1514 4256 sartorem
1539 4194 1662 4257 dictum

397 4289 592 4371 Zernchych‚
625 4292 752 4353 racione
782 4295 1017 4357 vul'neracionis
1047 4296 1147 4378 ipsius
1179 4297 1308 4360 Thorne
1341 4298 1522 4382 freniparis,
1554 4319 1663 4362 coram

398 4393 519 4454 eisdem
543 4394 653 4474 juratis
676 4417 733 4478 per
756 4399 861 4481 ipsum
887 4400 1050 4462 Thomam
1083 4400 1277 4486 frcniparem
1310 4404 1374 4486 jam
1399 4419 1533 4486 motam,
1557 4405 1664 4468 taliter

397 4509 430 4558 et
452 4517 490 4558 eo
515 4499 624 4580 modo,
649 4515 684 4563 ut
708 4503 774 4584 ipse
799 4504 944 4566 Andreas
968 4519 1069 4569 sartor
1099 4509 1244 4590 predicto
1269 4510 1400 4574 Thome
1426 4511 1580 4595 frenipari
1604 4533 1663 4596 pro

398 4603 538 4684 predicta
562 4606 789 4670 vulneratione
813 4629 914 4692 usque
939 4611 979 4673 ad
1006 4614 1141 4676 tercium
1174 4615 1261 4678 diem
1286 4617 1383 4680 debet
1406 4617 1664 4682 satisfaccionem

398 4709 620 4771 omnimodam
646 4712 830 4794 inpendere.

503 4831 580 4893 ltem
607 4834 730 4896 blasius
754 4838 962 4920 Kylawchich
988 4858 1097 4906 contra
1122 4845 1295 4910 Lucasium
1320 4863 1466 4913 sutorem
1491 4853 1596 4934 primo
1621 4853 1665 4915 ci-

399 4948 481 4997 tatus
506 4957 571 4999 non
596 4943 784 5023 comparuit.
