3738 5786
403 553 461 612 140
765 537 852 594 Anno
873 547 962 614 1457.
988 569 1029 578 —
1051 547 1100 611 25.
1125 535 1299 596 novembris.

397 746 444 805 vir
469 745 621 808 Clemens
645 747 784 827 agricola
809 747 913 809 dictus
938 747 1094 810 Bulrweth
1119 747 1203 810 filius
1227 748 1365 809 condam
1391 747 1522 830 Georgii
1549 750 1581 810 in
1607 769 1661 810 ex·

397 853 508 913 tremis
532 854 596 914 vite
621 873 676 914 sue
701 853 888 935 temporalis
913 855 1097 933 laborasset,
1121 871 1197 917 tunc
1222 855 1288 936 ipse
1313 853 1453 936 prefatos
1478 855 1659 916 iohannem

397 971 427 1020 et
452 958 664 1038 Demetrium,
688 960 819 1041 juratos,
844 961 1081 1024 commissarios
1106 975 1137 1023 et
1161 975 1347 1023 executores
1371 961 1610 1043 possessionum
1629 975 1662 1022 et

396 1085 502 1127 rerum
528 1087 563 1128 ac
588 1067 749 1128 bonorum
778 1086 910 1128 suorum
943 1068 1169 1146 constituisset,
1195 1068 1335 1148 ideoque
1367 1087 1427 1128 nos
1451 1067 1581 1128 eosdem
1608 1067 1663 1128 Jo-

395 1171 535 1234 hannem
560 1188 590 1234 et
612 1173 813 1235 Demetrium
838 1173 958 1254 juratos
982 1175 1013 1235 in
1040 1175 1108 1257 ipsa
1132 1173 1350 1236 commissaria
1376 1173 1570 1235 execucione
1595 1173 1663 1234 dic·

394 1293 498 1340 tarum
515 1281 755 1362 possessionum
773 1295 803 1342 et
820 1301 926 1342 rerum
944 1281 1020 1343 dicti
1038 1282 1176 1343 condam
1189 1281 1368 1344 Clementis
1386 1281 1661 1358 confirmavimus,

395 1385 506 1448 dantes
530 1388 576 1448 eis
600 1388 729 1470 plenam
763 1387 984 1449 auctoritatem
1014 1388 1194 1470 exequendi
1220 1403 1251 1450 et
1283 1388 1476 1470 disponendi
1501 1387 1587 1469 juxta
1612 1388 1658 1450 le·

394 1494 561 1573 gacionem
588 1495 686 1576 ipsius
710 1493 889 1556 Clementis
912 1495 1140 1576 supradictam.

499 1599 577 1662 ltem
610 1601 729 1662 nobilis
761 1601 809 1662 vir
841 1602 967 1694 Marcus
995 1601 1080 1664 filius
1111 1602 1249 1663 condam
1284 1600 1440 1662 lobannis
1464 1601 1504 1661 de
1537 1599 1659 1662 Chawa

394 1705 492 1769 hodie
517 1707 646 1790 publice
671 1727 778 1770 coram
804 1709 917 1790 populi
948 1709 1157 1770 multitudine
1189 1721 1236 1770 est
1266 1720 1469 1790 protestatus,
1492 1708 1661 1788 quomodo

394 1813 526 1875 illustris
550 1815 698 1896 princeps
715 1815 852 1876 condam
878 1814 1029 1876 dominus
1045 1815 1172 1877 Vlricus
1193 1835 1312 1892 comes,
1337 1815 1471 1876 domum
1497 1829 1656 1875 muratam

394 1940 465 1982 cum
493 1919 600 1982 fundis
632 1935 662 1982 et
695 1921 828 1983 edificiis
861 1923 960 2004 ipsius
984 1923 1082 1984 Marci
1112 1923 1144 1983 in
1177 1921 1259 1983 dicta
1292 1922 1418 1983 civitate
1452 1920 1594 1982 habitam
1628 1935 1659 1981 et

393 2025 547 2108 (h)ortum
572 2027 715 2089 eiusdem
742 2028 840 2090 Marci
867 2029 898 2089 in
923 2029 1078 2090 suburbio
1113 2029 1257 2090 eiusdem
1282 2027 1418 2090 civitatis
1443 2047 1480 2088 ex
1504 2025 1656 2108 opposito

394 2133 493 2215 ipsius
517 2133 633 2195 domus
657 2148 780 2196 murate
812 2147 843 2196 et
867 2133 957 2196 fundi
990 2155 1026 2196 ac
1057 2133 1256 2196 edificiorum
1281 2135 1389 2212 situm,
1421 2135 1543 2214 absque
1567 2131 1659 2193 omni

393 2239 487 2321 culpa
512 2260 568 2300 sua
594 2253 624 2302 et
648 2242 769 2321 absque
792 2241 882 2302 omni
914 2241 1081 2303 solucione
1113 2241 1298 2323 pecuniaria
1330 2242 1369 2302 ab
1395 2239 1510 2300 eodem
1544 2239 1655 2300 Marco

392 2346 615 2426 potencialiter
643 2346 844 2428 occupando,
876 2366 934 2429 pro
955 2367 987 2408 se
1017 2348 1086 2416 ipso
1110 2347 1241 2408 abstulit
1264 2360 1295 2408 et
1327 2345 1528 2428 aliquamdiu
1551 2345 1657 2407 tenuit

393 2471 494 2534 usque
519 2453 557 2514 ad
584 2467 720 2515 mortem
752 2469 898 2514 suamet
928 2467 1001 2536 post
1028 2467 1165 2514 mortem
1197 2452 1297 2534 ipsius
1321 2452 1453 2513 domina
1478 2451 1656 2512 Katherina

391 2559 501 2621 relicta
526 2559 625 2641 ipsius
649 2559 785 2620 condam
820 2559 944 2621 domini
969 2559 1069 2621 Vlrici
1101 2559 1227 2620 comitis
1257 2557 1393 2620 eandem
1419 2557 1553 2618 domum
1585 2575 1658 2618 mu-

391 2679 492 2728 ratam
517 2685 590 2727 cum
615 2663 724 2728 lundis
748 2681 778 2726 et
803 2664 937 2728 edificiis
972 2687 1009 2727 ac
1033 2665 1153 2748 (h)orto
1183 2664 1376 2747 supradictis
1400 2665 1514 2726 iterum
1541 2683 1599 2745 pro
1624 2684 1659 2725 se

390 2773 614 2855 potencialiter
637 2773 806 2855 occupavit
837 2775 959 2854 absque
985 2773 1074 2834 omni
1108 2772 1201 2854 culpa
1226 2772 1325 2853 ipsius
1351 2772 1449 2833 Marci
1482 2785 1513 2832 et
1536 2773 1660 2852 absque

391 2879 478 2941 omni
505 2879 690 2960 pecuniaria
715 2879 882 2940 solucione
900 2881 939 2940 ab
964 2879 1080 2941 eodem
1106 2880 1215 2940 Marco
1233 2877 1364 2940 abstulit
1380 2892 1411 2939 et
1435 2877 1475 2940 ad
1499 2878 1659 2959 plurimas

391 2985 566 3066 peticiones
591 2985 690 3067 ipsius
715 2985 814 3046 Marci
840 3005 876 3046 ac
901 2985 940 3045 ad
963 2985 1176 3046 literatorium
1194 2985 1319 3064 regium
1344 2983 1533 3046 mandatum
1550 2983 1659 3045 eidem

391 3093 499 3154 Marco
532 3093 717 3154 nullatenus
748 3092 882 3154 reddere
916 3107 946 3154 et
977 3093 1144 3154 restituere
1177 3091 1290 3170 voluit,
1323 3093 1355 3152 in
1381 3111 1447 3172 quo
1472 3089 1556 3152 facto
1589 3092 1659 3174 ipsa

391 3197 522 3260 domina
557 3197 730 3259 Katherina
763 3218 836 3260 curn
869 3198 1014 3280 predicto
1046 3198 1184 3260 condam
1216 3197 1285 3259 viro
1317 3217 1376 3259 suo
1402 3197 1461 3280 ipsi
1486 3199 1596 3260 Marco
1621 3199 1656 3258 in

390 3306 537 3388 expensis
555 3305 619 3366 suis
633 3305 705 3388 plus
722 3325 819 3386 quam
845 3305 877 3366 in
902 3305 1086 3387 quingentis
1103 3303 1172 3366 flor.
1197 3304 1267 3366 auri
1281 3319 1413 3386 excepto
1432 3304 1539 3386 precio
1556 3303 1660 3386 ipsius

389 3412 506 3473 domus
538 3425 661 3473 murate
693 3425 724 3474 et
755 3409 930 3474 fundorum
963 3431 998 3472 ac
1031 3409 1231 3472 edificiorum
1264 3424 1295 3472 et
1327 3411 1403 3472 dicti
1435 3409 1563 3493 (h)orti,
1595 3431 1658 3493 pro

390 3519 508 3600 quibus
532 3533 718 3600 comparata
742 3517 882 3597 fuerunt,
911 3518 1088 3600 dampnum
1122 3515 1198 3579 fecit
1221 3531 1251 3578 et
1275 3517 1401 3594 intulit;
1426 3529 1457 3579 et
1480 3521 1563 3579 facta
1587 3517 1658 3600 ipsa

390 3625 625 3707 protestacione
650 3625 736 3685 idem
763 3609 888 3686 Marcus
919 3624 1054 3686 eandem
1089 3624 1255 3685 dominam
1286 3623 1494 3685 Katherinam
1520 3637 1551 3684 et
1575 3623 1660 3685 alios

389 3732 552 3814 quoslibet
575 3733 614 3793 ab
640 3730 783 3793 ulteriori
810 3732 1028 3814 occupacione
1053 3744 1084 3792 et
1106 3730 1296 3792 detentione
1321 3730 1421 3811 ipsius
1445 3730 1561 3791 domus
1584 3749 1658 3791 mu-

388 3854 451 3902 rate
477 3854 507 3900 et
531 3837 706 3899 fundorum
732 3858 767 3899 ac
792 3837 993 3900 edificiorum
1018 3851 1049 3899 et
1073 3837 1149 3899 dicti
1167 3835 1275 3918 (h)orti
1300 3836 1428 3918 publice
1454 3835 1595 3897 inhibuit
1619 3849 1654 3898 et

390 3945 555 4028 prohibuit
578 3964 685 4006 coram
710 3943 813 4006 nobis.

496 4051 572 4114 ltem
599 4050 746 4133 Mathyas
769 4050 848 4111 alias
877 4050 1012 4110 servitor
1043 4048 1167 4110 domini
1192 4047 1358 4110 Benedicti
1391 4047 1544 4130 episcopi,
1569 4065 1660 4111 nunc

390 4160 525 4220 servitor
549 4158 681 4219 domine
699 4158 836 4218 Barbare
861 4155 925 4218 filie
951 4155 1082 4218 domine
1110 4155 1224 4216 Vrsule
1248 4154 1366 4216 sororis
1391 4154 1490 4236 ipsius
1513 4153 1656 4215 condam

388 4265 512 4325 domini
530 4263 695 4325 Benedicti
714 4263 867 4344 episcopi,
886 4263 917 4324 in
935 4263 1081 4344 personis
1098 4263 1239 4343 ipsarum
1254 4259 1527 4342 prohibuithodie
1544 4279 1658 4321 coram

387 4371 498 4452 populi
523 4369 731 4432 multitudine
764 4368 929 4451 prohibuit
962 4369 1132 4430 dominum
1158 4367 1376 4428 Balthasarem
1409 4387 1442 4428 se
1466 4366 1659 4448 episcopum

387 4477 520 4538 ecclesie
545 4476 762 4557 zagrabieusis
787 4489 818 4537 et
835 4495 948 4536 ornnes
966 4475 1065 4556 ipsius
1089 4487 1154 4535 tarn
1172 4473 1353 4555 spirituales
1371 4491 1468 4553 quam
1493 4471 1661 4534 seculares

387 4582 559 4644 familiares
583 4603 619 4643 ac
644 4582 814 4652 servitores
839 4596 869 4642 et
893 4581 973 4642 alios
998 4581 1162 4662 quoslibet
1185 4581 1224 4640 ab
1244 4579 1461 4661 occupacione
1486 4592 1517 4642 et
1541 4578 1658 4640 deten-

386 4690 478 4751 cione
503 4709 538 4750 ac
564 4689 777 4770 usurpacione
802 4708 837 4748 ac
862 4687 1002 4768 sibiipsis
1036 4686 1314 4768 appropriatione,
1348 4685 1597 4767 perpetuacione
1621 4701 1661 4748 et

386 4794 627 4857 statuifaccione
661 4795 778 4856 domus
811 4794 949 4875 ipsarum
984 4793 1115 4854 domine
1149 4793 1286 4853 Barbare
1319 4807 1350 4854 et
1382 4791 1513 4852 domine
1537 4791 1658 4853 Vrsule

387 4903 497 4964 matris
521 4921 576 4962 sue
601 4922 637 4962 ac
662 4901 753 4962 fundi
778 4915 809 4962 ct
833 4899 1033 4962 edificiorum
1060 4918 1169 4962 earum
1192 4913 1256 4959 tam
1281 4897 1400 4980 lapidei
1425 4897 1530 4980 operis
1553 4917 1657 4978 quam

386 5009 483 5090 lignei
512 5023 542 5070 et
567 5009 702 5070 aliarum
734 5007 879 5068 omnium
915 5008 1154 5088 possessionum
1188 5005 1329 5087 ipsarum
1359 5005 1391 5065 in
1417 5003 1499 5065 dicta
1524 5003 1657 5068 civitate
