<?xml version="1.0" encoding="UTF-8"?>
<!DOCTYPE html PUBLIC "-//W3C//DTD XHTML 1.0 Transitional//EN"
    "http://www.w3.org/TR/xhtml1/DTD/xhtml1-transitional.dtd">
<html xmlns="http://www.w3.org/1999/xhtml" xml:lang="en" lang="en">
 <head>
  <title>
</title>
<meta http-equiv="Content-Type" content="text/html;charset=utf-8" />
  <meta name='ocr-system' content='tesseract 3.04.00' />
  <meta name='ocr-capabilities' content='ocr_page ocr_carea ocr_par ocr_line ocrx_word'/>
</head>
<body>
  <div class='ocr_page' id='page_1' title='image "./monumentahistor13laszgoog_0260.png"; bbox 0 0 3644 5788; ppageno 0'>
   <div class='ocr_carea' id='block_1_1' title="bbox 798 521 1251 604">
    <p class='ocr_par' dir='ltr' id='par_1_1' title="bbox 798 521 1251 604">
     <span class='ocr_line' id='line_1_1' title="bbox 798 521 1251 604; baseline -0.004 -16"><span class='ocrx_word' id='word_1_1' title='bbox 798 524 998 604; x_wconf 81' lang='lat' dir='ltr'>Anno1461.</span> <span class='ocrx_word' id='word_1_2' title='bbox 1023 560 1063 572; x_wconf 92' lang='lat'>-</span> <span class='ocrx_word' id='word_1_3' title='bbox 1088 521 1118 588; x_wconf 86' lang='lat'>6.</span> <span class='ocrx_word' id='word_1_4' title='bbox 1143 527 1251 586; x_wconf 83' lang='lat' dir='ltr'>martii.</span> 
     </span>
    </p>
   </div>
   <div class='ocr_carea' id='block_1_2' title="bbox 855 736 1464 1654">
    <p class='ocr_par' dir='ltr' id='par_1_2' title="bbox 856 736 1191 820">
     <span class='ocr_line' id='line_1_2' title="bbox 856 736 1191 820; baseline -0.003 -21"><span class='ocrx_word' id='word_1_5' title='bbox 856 739 975 799; x_wconf 87' lang='lat' dir='ltr'>Paulus</span> <span class='ocrx_word' id='word_1_6' title='bbox 999 736 1191 820; x_wconf 86' lang='lat' dir='ltr'>lagechych.</span> 
     </span>
    </p>

    <p class='ocr_par' dir='ltr' id='par_1_3' title="bbox 859 845 1113 928">
     <span class='ocr_line' id='line_1_3' title="bbox 859 845 1113 928; baseline 0 -21"><span class='ocrx_word' id='word_1_7' title='bbox 859 845 992 928; x_wconf 88' lang='lat' dir='ltr'>Mykula</span> <span class='ocrx_word' id='word_1_8' title='bbox 1015 856 1113 907; x_wconf 88' lang='lat' dir='ltr'>sutor.</span> 
     </span>
    </p>

    <p class='ocr_par' dir='ltr' id='par_1_4' title="bbox 859 950 1190 1033">
     <span class='ocr_line' id='line_1_4' title="bbox 859 950 1190 1033; baseline 0.003 -21"><span class='ocrx_word' id='word_1_9' title='bbox 859 951 979 1014; x_wconf 84' lang='lat' dir='ltr'>Paulus</span> <span class='ocrx_word' id='word_1_10' title='bbox 1002 950 1190 1033; x_wconf 87' lang='lat' dir='ltr'>lagathych.</span> 
     </span>
    </p>

    <p class='ocr_par' dir='ltr' id='par_1_5' title="bbox 860 1055 1464 1246">
     <span class='ocr_line' id='line_1_5' title="bbox 860 1055 1464 1141; baseline 0.002 -21"><span class='ocrx_word' id='word_1_11' title='bbox 860 1058 926 1141; x_wconf 87' lang='lat' dir='ltr'>llya</span> <span class='ocrx_word' id='word_1_12' title='bbox 949 1076 1090 1136; x_wconf 86' lang='lat' dir='ltr'>zwonar,</span> <span class='ocrx_word' id='word_1_13' title='bbox 1114 1076 1343 1140; x_wconf 89' lang='lat' dir='ltr'>campanarum</span> <span class='ocrx_word' id='word_1_14' title='bbox 1367 1055 1464 1122; x_wconf 85' lang='lat' dir='ltr'>fusor.</span> 
     </span>
     <span class='ocr_line' id='line_1_6' title="bbox 860 1164 1160 1246; baseline -0.007 -17"><span class='ocrx_word' id='word_1_15' title='bbox 860 1164 1037 1246; x_wconf 79' lang='lat' dir='ltr'>Gregorius</span> <span class='ocrx_word' id='word_1_16' title='bbox 1060 1177 1160 1227; x_wconf 92' lang='lat' dir='ltr'>sutor.</span> 
     </span>
    </p>

    <p class='ocr_par' dir='ltr' id='par_1_6' title="bbox 860 1271 1267 1355">
     <span class='ocr_line' id='line_1_7' title="bbox 860 1271 1267 1355; baseline -0.007 -20"><span class='ocrx_word' id='word_1_17' title='bbox 860 1272 1008 1355; x_wconf 87' lang='lat' dir='ltr'>Mathyas</span> <span class='ocrx_word' id='word_1_18' title='bbox 1031 1271 1267 1354; x_wconf 86' lang='lat' dir='ltr'>panczerarius.</span> 
     </span>
    </p>

    <p class='ocr_par' dir='ltr' id='par_1_7' title="bbox 855 1378 1214 1442">
     <span class='ocr_line' id='line_1_8' title="bbox 855 1378 1214 1442; baseline -0.003 0"><span class='ocrx_word' id='word_1_19' title='bbox 855 1379 1018 1442; x_wconf 89' lang='lat' dir='ltr'>lohannes</span> <span class='ocrx_word' id='word_1_20' title='bbox 1041 1378 1214 1441; x_wconf 87' lang='lat' dir='ltr'>Werchek.</span> 
     </span>
    </p>

    <p class='ocr_par' dir='ltr' id='par_1_8' title="bbox 857 1484 1280 1654">
     <span class='ocr_line' id='line_1_9' title="bbox 857 1484 1280 1568; baseline -0.005 -18"><span class='ocrx_word' id='word_1_21' title='bbox 857 1486 1043 1550; x_wconf 82' lang='lat' dir='ltr'>Anthonius</span> <span class='ocrx_word' id='word_1_22' title='bbox 1066 1484 1280 1568; x_wconf 89' lang='lat' dir='ltr'>Thermsycb.</span> 
     </span>
     <span class='ocr_line' id='line_1_10' title="bbox 857 1591 1146 1654; baseline 0 0"><span class='ocrx_word' id='word_1_23' title='bbox 857 1591 1019 1654; x_wconf 88' lang='lat' dir='ltr'>lohannes</span> <span class='ocrx_word' id='word_1_24' title='bbox 1047 1604 1146 1654; x_wconf 87' lang='lat' dir='ltr'>sutor.</span> 
     </span>
    </p>
   </div>
   <div class='ocr_carea' id='block_1_3' title="bbox 391 1732 1657 3092">
    <p class='ocr_par' dir='ltr' id='par_1_9' title="bbox 391 1732 1657 2562">
     <span class='ocr_line' id='line_1_11' title="bbox 499 1732 1655 1820; baseline -0.005 -22"><span class='ocrx_word' id='word_1_25' title='bbox 499 1737 576 1799; x_wconf 88' lang='lat' dir='ltr'><strong>Item</strong></span> <span class='ocrx_word' id='word_1_26' title='bbox 601 1735 716 1820; x_wconf 85' lang='lat' dir='ltr'>prelati</span> <span class='ocrx_word' id='word_1_27' title='bbox 739 1735 922 1798; x_wconf 84' lang='lat' dir='ltr'>Anthonius</span> <span class='ocrx_word' id='word_1_28' title='bbox 939 1733 1036 1816; x_wconf 82' lang='lat' dir='ltr'>judex</span> <span class='ocrx_word' id='word_1_29' title='bbox 1060 1747 1091 1796; x_wconf 89' lang='lat' dir='ltr'>et</span> <span class='ocrx_word' id='word_1_30' title='bbox 1106 1732 1201 1814; x_wconf 91' lang='lat' dir='ltr'>jurati</span> <span class='ocrx_word' id='word_1_31' title='bbox 1224 1752 1261 1795; x_wconf 88' lang='lat' dir='ltr'>ac</span> <span class='ocrx_word' id='word_1_32' title='bbox 1280 1732 1457 1795; x_wconf 86' lang='lat' dir='ltr'>consiliarii</span> <span class='ocrx_word' id='word_1_33' title='bbox 1482 1751 1555 1794; x_wconf 89' lang='lat' dir='ltr'>curn</span> <span class='ocrx_word' id='word_1_34' title='bbox 1581 1751 1655 1793; x_wconf 91' lang='lat' dir='ltr'>con·</span> 
     </span>
     <span class='ocr_line' id='line_1_12' title="bbox 392 1838 1656 1906; baseline -0.005 -2"><span class='ocrx_word' id='word_1_35' title='bbox 392 1863 487 1904; x_wconf 87' lang='lat' dir='ltr'>sensu</span> <span class='ocrx_word' id='word_1_36' title='bbox 512 1856 543 1905; x_wconf 93' lang='lat' dir='ltr'>et</span> <span class='ocrx_word' id='word_1_37' title='bbox 567 1841 793 1906; x_wconf 88' lang='lat' dir='ltr'>commissione</span> <span class='ocrx_word' id='word_1_38' title='bbox 818 1841 964 1904; x_wconf 90' lang='lat' dir='ltr'>unanimi</span> <span class='ocrx_word' id='word_1_39' title='bbox 988 1859 1024 1902; x_wconf 90' lang='lat' dir='ltr'>ac</span> <span class='ocrx_word' id='word_1_40' title='bbox 1041 1840 1194 1902; x_wconf 88' lang='lat' dir='ltr'>concordi</span> <span class='ocrx_word' id='word_1_41' title='bbox 1218 1839 1384 1901; x_wconf 89' lang='lat' dir='ltr'>voluntate</span> <span class='ocrx_word' id='word_1_42' title='bbox 1408 1852 1439 1900; x_wconf 86' lang='lat' dir='ltr'>et</span> <span class='ocrx_word' id='word_1_43' title='bbox 1463 1838 1593 1900; x_wconf 92' lang='lat' dir='ltr'>decreto</span> <span class='ocrx_word' id='word_1_44' title='bbox 1609 1852 1656 1899; x_wconf 93' lang='lat' dir='ltr'>to-</span> 
     </span>
     <span class='ocr_line' id='line_1_13' title="bbox 394 1946 1656 2028; baseline -0.004 -17"><span class='ocrx_word' id='word_1_45' title='bbox 394 1951 461 2011; x_wconf 87' lang='lat' dir='ltr'>cius</span> <span class='ocrx_word' id='word_1_46' title='bbox 484 1949 736 2028; x_wconf 81' lang='lat' dir='ltr'>communitatis,</span> <span class='ocrx_word' id='word_1_47' title='bbox 761 1949 871 2010; x_wconf 89' lang='lat' dir='ltr'>omnia</span> <span class='ocrx_word' id='word_1_48' title='bbox 895 1949 1022 2009; x_wconf 89' lang='lat' dir='ltr'>decreta</span> <span class='ocrx_word' id='word_1_49' title='bbox 1046 1959 1077 2008; x_wconf 92' lang='lat' dir='ltr'>et</span> <span class='ocrx_word' id='word_1_50' title='bbox 1092 1959 1208 2008; x_wconf 86' lang='lat' dir='ltr'>statuta</span> <span class='ocrx_word' id='word_1_51' title='bbox 1238 1959 1304 2008; x_wconf 88' lang='lat' dir='ltr'>tarn</span> <span class='ocrx_word' id='word_1_52' title='bbox 1330 1946 1362 2007; x_wconf 93' lang='lat' dir='ltr'>in</span> <span class='ocrx_word' id='word_1_53' title='bbox 1387 1947 1527 2027; x_wconf 82' lang='lat' dir='ltr'>presenti</span> <span class='ocrx_word' id='word_1_54' title='bbox 1558 1965 1656 2026; x_wconf 88' lang='lat' dir='ltr'>quam</span> 
     </span>
     <span class='ocr_line' id='line_1_14' title="bbox 393 2051 1657 2137; baseline -0.004 -21"><span class='ocrx_word' id='word_1_55' title='bbox 393 2056 425 2116; x_wconf 90' lang='lat' dir='ltr'>in</span> <span class='ocrx_word' id='word_1_56' title='bbox 450 2055 591 2137; x_wconf 85' lang='lat' dir='ltr'>antiquis</span> <span class='ocrx_word' id='word_1_57' title='bbox 615 2054 754 2116; x_wconf 79' lang='lat' dir='ltr'>laternis</span> <span class='ocrx_word' id='word_1_58' title='bbox 784 2055 901 2116; x_wconf 88' lang='lat' dir='ltr'>nostris</span> <span class='ocrx_word' id='word_1_59' title='bbox 924 2065 1073 2116; x_wconf 89' lang='lat' dir='ltr'>contenta</span> <span class='ocrx_word' id='word_1_60' title='bbox 1099 2066 1129 2114; x_wconf 92' lang='lat' dir='ltr'>et</span> <span class='ocrx_word' id='word_1_61' title='bbox 1153 2053 1287 2133; x_wconf 90' lang='lat' dir='ltr'>scripta,</span> <span class='ocrx_word' id='word_1_62' title='bbox 1320 2051 1428 2133; x_wconf 87' lang='lat' dir='ltr'>quoad</span> <span class='ocrx_word' id='word_1_63' title='bbox 1461 2071 1580 2112; x_wconf 89' lang='lat' dir='ltr'>omnes</span> <span class='ocrx_word' id='word_1_64' title='bbox 1610 2070 1657 2111; x_wconf 86' lang='lat' dir='ltr'>ar-</span> 
     </span>
     <span class='ocr_line' id='line_1_15' title="bbox 391 2157 1654 2244; baseline -0.006 -20"><span class='ocrx_word' id='word_1_65' title='bbox 391 2161 509 2224; x_wconf 89' lang='lat' dir='ltr'>ticulos</span> <span class='ocrx_word' id='word_1_66' title='bbox 532 2175 564 2222; x_wconf 93' lang='lat' dir='ltr'>et</span> <span class='ocrx_word' id='word_1_67' title='bbox 586 2173 705 2244; x_wconf 89' lang='lat' dir='ltr'>puncta</span> <span class='ocrx_word' id='word_1_68' title='bbox 729 2182 765 2223; x_wconf 87' lang='lat' dir='ltr'>ac</span> <span class='ocrx_word' id='word_1_69' title='bbox 789 2160 949 2223; x_wconf 80' lang='lat' dir='ltr'>clausulas</span> <span class='ocrx_word' id='word_1_70' title='bbox 973 2158 1162 2222; x_wconf 90' lang='lat' dir='ltr'>eorumdem</span> <span class='ocrx_word' id='word_1_71' title='bbox 1179 2171 1372 2220; x_wconf 90' lang='lat' dir='ltr'>statutorum</span> <span class='ocrx_word' id='word_1_72' title='bbox 1396 2171 1427 2219; x_wconf 89' lang='lat' dir='ltr'>et</span> <span class='ocrx_word' id='word_1_73' title='bbox 1451 2157 1654 2219; x_wconf 89' lang='lat' dir='ltr'>decretorum</span> 
     </span>
     <span class='ocr_line' id='line_1_16' title="bbox 392 2263 1656 2350; baseline -0.005 -21"><span class='ocrx_word' id='word_1_74' title='bbox 392 2287 449 2350; x_wconf 86' lang='lat' dir='ltr'>per</span> <span class='ocrx_word' id='word_1_75' title='bbox 464 2280 569 2330; x_wconf 89' lang='lat' dir='ltr'>totum</span> <span class='ocrx_word' id='word_1_76' title='bbox 586 2287 707 2329; x_wconf 88' lang='lat' dir='ltr'>annum</span> <span class='ocrx_word' id='word_1_77' title='bbox 725 2268 880 2349; x_wconf 89' lang='lat' dir='ltr'>presentis</span> <span class='ocrx_word' id='word_1_78' title='bbox 896 2266 1055 2347; x_wconf 89' lang='lat' dir='ltr'>judicatus</span> <span class='ocrx_word' id='word_1_79' title='bbox 1071 2265 1171 2347; x_wconf 91' lang='lat' dir='ltr'>ipsius</span> <span class='ocrx_word' id='word_1_80' title='bbox 1187 2263 1344 2326; x_wconf 86' lang='lat' dir='ltr'>Anthonii</span> <span class='ocrx_word' id='word_1_81' title='bbox 1362 2264 1476 2346; x_wconf 84' lang='lat' dir='ltr'>judicis</span> <span class='ocrx_word' id='word_1_82' title='bbox 1494 2277 1526 2325; x_wconf 90' lang='lat' dir='ltr'>et</span> <span class='ocrx_word' id='word_1_83' title='bbox 1549 2282 1656 2324; x_wconf 90' lang='lat' dir='ltr'>conse-</span> 
     </span>
     <span class='ocr_line' id='line_1_17' title="bbox 392 2367 1657 2456; baseline -0.005 -21"><span class='ocrx_word' id='word_1_84' title='bbox 392 2386 528 2456; x_wconf 92' lang='lat' dir='ltr'>quenter</span> <span class='ocrx_word' id='word_1_85' title='bbox 552 2387 582 2434; x_wconf 91' lang='lat' dir='ltr'>et</span> <span class='ocrx_word' id='word_1_86' title='bbox 614 2373 765 2455; x_wconf 89' lang='lat' dir='ltr'>deinceps</span> <span class='ocrx_word' id='word_1_87' title='bbox 796 2373 863 2456; x_wconf 92' lang='lat' dir='ltr'>jure</span> <span class='ocrx_word' id='word_1_88' title='bbox 896 2385 1051 2455; x_wconf 89' lang='lat' dir='ltr'>perpetuo</span> <span class='ocrx_word' id='word_1_89' title='bbox 1080 2385 1111 2433; x_wconf 90' lang='lat' dir='ltr'>et</span> <span class='ocrx_word' id='word_1_90' title='bbox 1143 2370 1396 2432; x_wconf 85' lang='lat' dir='ltr'>irrevocabiliter</span> <span class='ocrx_word' id='word_1_91' title='bbox 1427 2367 1657 2431; x_wconf 86' lang='lat' dir='ltr'>confirmarunt</span> 
     </span>
     <span class='ocr_line' id='line_1_18' title="bbox 392 2478 1121 2562; baseline -0.004 -19"><span class='ocrx_word' id='word_1_92' title='bbox 392 2501 518 2562; x_wconf 86' lang='lat' dir='ltr'>semper</span> <span class='ocrx_word' id='word_1_93' title='bbox 542 2481 677 2542; x_wconf 89' lang='lat' dir='ltr'>valitura</span> <span class='ocrx_word' id='word_1_94' title='bbox 702 2493 733 2542; x_wconf 91' lang='lat' dir='ltr'>et</span> <span class='ocrx_word' id='word_1_95' title='bbox 756 2479 888 2542; x_wconf 89' lang='lat' dir='ltr'>firmiter</span> <span class='ocrx_word' id='word_1_96' title='bbox 911 2478 1121 2541; x_wconf 87' lang='lat' dir='ltr'>observanda.</span> 
     </span>
    </p>

    <p class='ocr_par' dir='ltr' id='par_1_10' title="bbox 392 2581 1656 3092">
     <span class='ocr_line' id='line_1_19' title="bbox 500 2581 1656 2667; baseline -0.006 -19"><span class='ocrx_word' id='word_1_97' title='bbox 500 2587 578 2650; x_wconf 89' lang='lat' dir='ltr'>ltem</span> <span class='ocrx_word' id='word_1_98' title='bbox 596 2588 709 2648; x_wconf 90' lang='lat' dir='ltr'>eadem</span> <span class='ocrx_word' id='word_1_99' title='bbox 722 2585 800 2648; x_wconf 85' lang='lat' dir='ltr'>feria</span> <span class='ocrx_word' id='word_1_100' title='bbox 816 2586 912 2648; x_wconf 90' lang='lat' dir='ltr'>tercia</span> <span class='ocrx_word' id='word_1_101' title='bbox 930 2597 1003 2667; x_wconf 91' lang='lat' dir='ltr'>post</span> <span class='ocrx_word' id='word_1_102' title='bbox 1015 2584 1192 2667; x_wconf 89' lang='lat' dir='ltr'>predictam</span> <span class='ocrx_word' id='word_1_103' title='bbox 1210 2583 1408 2644; x_wconf 87' lang='lat' dir='ltr'>dominicam</span> <span class='ocrx_word' id='word_1_104' title='bbox 1425 2581 1656 2658; x_wconf 88' lang='lat' dir='ltr'>Reminiscere,</span> 
     </span>
     <span class='ocr_line' id='line_1_20' title="bbox 393 2687 1655 2775; baseline -0.005 -21"><span class='ocrx_word' id='word_1_105' title='bbox 393 2693 580 2756; x_wconf 90' lang='lat' dir='ltr'>Anthonius</span> <span class='ocrx_word' id='word_1_106' title='bbox 603 2706 702 2774; x_wconf 92' lang='lat' dir='ltr'>sutor,</span> <span class='ocrx_word' id='word_1_107' title='bbox 726 2693 857 2775; x_wconf 87' lang='lat' dir='ltr'>juratus,</span> <span class='ocrx_word' id='word_1_108' title='bbox 872 2692 956 2754; x_wconf 91' lang='lat' dir='ltr'>clare</span> <span class='ocrx_word' id='word_1_109' title='bbox 980 2691 1204 2773; x_wconf 85' lang='lat' dir='ltr'>comprobavit</span> <span class='ocrx_word' id='word_1_110' title='bbox 1226 2709 1334 2750; x_wconf 86' lang='lat' dir='ltr'>coram</span> <span class='ocrx_word' id='word_1_111' title='bbox 1359 2689 1462 2766; x_wconf 91' lang='lat' dir='ltr'>nobis,</span> <span class='ocrx_word' id='word_1_112' title='bbox 1488 2687 1655 2770; x_wconf 91' lang='lat' dir='ltr'>quomodo</span> 
     </span>
     <span class='ocr_line' id='line_1_21' title="bbox 394 2793 1655 2882; baseline -0.005 -22"><span class='ocrx_word' id='word_1_113' title='bbox 394 2801 460 2882; x_wconf 91' lang='lat' dir='ltr'>ipse</span> <span class='ocrx_word' id='word_1_114' title='bbox 485 2814 532 2862; x_wconf 90' lang='lat' dir='ltr'>est</span> <span class='ocrx_word' id='word_1_115' title='bbox 555 2821 650 2862; x_wconf 90' lang='lat' dir='ltr'>verus</span> <span class='ocrx_word' id='word_1_116' title='bbox 674 2813 705 2862; x_wconf 89' lang='lat' dir='ltr'>et</span> <span class='ocrx_word' id='word_1_117' title='bbox 728 2800 905 2880; x_wconf 89' lang='lat' dir='ltr'>legittimus</span> <span class='ocrx_word' id='word_1_118' title='bbox 929 2811 1078 2859; x_wconf 89' lang='lat' dir='ltr'>executor</span> <span class='ocrx_word' id='word_1_119' title='bbox 1103 2811 1134 2859; x_wconf 91' lang='lat' dir='ltr'>et</span> <span class='ocrx_word' id='word_1_120' title='bbox 1150 2795 1388 2858; x_wconf 90' lang='lat' dir='ltr'>commissarius</span> <span class='ocrx_word' id='word_1_121' title='bbox 1412 2795 1553 2856; x_wconf 88' lang='lat' dir='ltr'>condam</span> <span class='ocrx_word' id='word_1_122' title='bbox 1579 2793 1655 2856; x_wconf 91' lang='lat' dir='ltr'>Gre-</span> 
     </span>
     <span class='ocr_line' id='line_1_22' title="bbox 392 2900 1652 2989; baseline -0.006 -21"><span class='ocrx_word' id='word_1_123' title='bbox 392 2907 476 2989; x_wconf 86' lang='lat' dir='ltr'>gorii</span> <span class='ocrx_word' id='word_1_124' title='bbox 501 2906 693 2969; x_wconf 88' lang='lat' dir='ltr'>Schwchecz</span> <span class='ocrx_word' id='word_1_125' title='bbox 718 2906 860 2968; x_wconf 86' lang='lat' dir='ltr'>concivis</span> <span class='ocrx_word' id='word_1_126' title='bbox 884 2905 994 2982; x_wconf 91' lang='lat' dir='ltr'>nostri,</span> <span class='ocrx_word' id='word_1_127' title='bbox 1019 2903 1093 2966; x_wconf 92' lang='lat' dir='ltr'>ideo</span> <span class='ocrx_word' id='word_1_128' title='bbox 1118 2923 1177 2965; x_wconf 92' lang='lat' dir='ltr'>nos</span> <span class='ocrx_word' id='word_1_129' title='bbox 1193 2903 1293 2964; x_wconf 90' lang='lat' dir='ltr'>modo</span> <span class='ocrx_word' id='word_1_130' title='bbox 1318 2902 1458 2964; x_wconf 91' lang='lat' dir='ltr'>eundem</span> <span class='ocrx_word' id='word_1_131' title='bbox 1483 2900 1652 2963; x_wconf 88' lang='lat' dir='ltr'>confirma·</span> 
     </span>
     <span class='ocr_line' id='line_1_23' title="bbox 392 3008 1484 3092; baseline -0.005 -18"><span class='ocrx_word' id='word_1_132' title='bbox 392 3015 498 3076; x_wconf 87' lang='lat' dir='ltr'>vimus</span> <span class='ocrx_word' id='word_1_133' title='bbox 523 3014 554 3074; x_wconf 92' lang='lat' dir='ltr'>in</span> <span class='ocrx_word' id='word_1_134' title='bbox 580 3027 782 3074; x_wconf 84' lang='lat' dir='ltr'>executorem</span> <span class='ocrx_word' id='word_1_135' title='bbox 806 3011 988 3074; x_wconf 86' lang='lat' dir='ltr'>testamenti</span> <span class='ocrx_word' id='word_1_136' title='bbox 1011 3009 1125 3092; x_wconf 89' lang='lat' dir='ltr'>prefati</span> <span class='ocrx_word' id='word_1_137' title='bbox 1151 3008 1300 3091; x_wconf 83' lang='lat' dir='ltr'>Gregorii</span> <span class='ocrx_word' id='word_1_138' title='bbox 1326 3008 1484 3070; x_wconf 88' lang='lat' dir='ltr'>Scwcecz.</span> 
     </span>
    </p>
   </div>
   <div class='ocr_carea' id='block_1_4' title="bbox 614 3208 1434 3444">
    <p class='ocr_par' dir='ltr' id='par_1_11' title="bbox 614 3208 1434 3444">
     <span class='ocr_line' id='line_1_24' title="bbox 614 3208 1434 3303; baseline -0.005 -19"><span class='ocrx_word' id='word_1_139' title='bbox 614 3213 709 3285; x_wconf 83' lang='lat' dir='ltr'>Faria</span> <span class='ocrx_word' id='word_1_140' title='bbox 738 3221 834 3285; x_wconf 88' lang='lat' dir='ltr'>sexta</span> <span class='ocrx_word' id='word_1_141' title='bbox 863 3221 940 3303; x_wconf 85' lang='lat' dir='ltr'>post</span> <span class='ocrx_word' id='word_1_142' title='bbox 968 3213 1170 3284; x_wconf 88' lang='lat' dir='ltr'>dominicam</span> <span class='ocrx_word' id='word_1_143' title='bbox 1198 3208 1434 3282; x_wconf 87' lang='lat' dir='ltr'>Reminiscere.</span> 
     </span>
     <span class='ocr_line' id='line_1_25' title="bbox 926 3363 1115 3444; baseline 0.011 -19"><span class='ocrx_word' id='word_1_144' title='bbox 926 3363 971 3444; x_wconf 71' lang='grc' dir='ltr'>(ό.</span> <span class='ocrx_word' id='word_1_145' title='bbox 994 3366 1115 3443; x_wconf 77' lang='lat' dir='ltr'>martit).</span> 
     </span>
    </p>
   </div>
   <div class='ocr_carea' id='block_1_5' title="bbox 391 3504 1656 5060">
    <p class='ocr_par' dir='ltr' id='par_1_12' title="bbox 391 3504 1653 3806">
     <span class='ocr_line' id='line_1_26' title="bbox 500 3504 1652 3588; baseline -0.005 -18"><span class='ocrx_word' id='word_1_146' title='bbox 500 3509 577 3571; x_wconf 91' lang='lat' dir='ltr'>ltem</span> <span class='ocrx_word' id='word_1_147' title='bbox 602 3509 713 3570; x_wconf 89' lang='lat' dir='ltr'>Petrus</span> <span class='ocrx_word' id='word_1_148' title='bbox 736 3521 838 3570; x_wconf 89' lang='lat' dir='ltr'>sartor</span> <span class='ocrx_word' id='word_1_149' title='bbox 862 3507 982 3568; x_wconf 89' lang='lat' dir='ltr'>Pulzak</span> <span class='ocrx_word' id='word_1_150' title='bbox 1006 3506 1119 3586; x_wconf 91' lang='lat' dir='ltr'>dictus,</span> <span class='ocrx_word' id='word_1_151' title='bbox 1144 3519 1253 3568; x_wconf 87' lang='lat' dir='ltr'>contra</span> <span class='ocrx_word' id='word_1_152' title='bbox 1279 3504 1472 3588; x_wconf 90' lang='lat' dir='ltr'>Dyonisium</span> <span class='ocrx_word' id='word_1_153' title='bbox 1497 3518 1652 3565; x_wconf 88' lang='lat' dir='ltr'>sartorem</span> 
     </span>
     <span class='ocr_line' id='line_1_27' title="bbox 391 3611 1653 3699; baseline -0.006 -22"><span class='ocrx_word' id='word_1_154' title='bbox 391 3617 496 3699; x_wconf 88' lang='lat' dir='ltr'>pritno</span> <span class='ocrx_word' id='word_1_155' title='bbox 522 3616 635 3676; x_wconf 90' lang='lat' dir='ltr'>citatus</span> <span class='ocrx_word' id='word_1_156' title='bbox 659 3631 689 3676; x_wconf 91' lang='lat' dir='ltr'>et</span> <span class='ocrx_word' id='word_1_157' title='bbox 701 3615 814 3697; x_wconf 91' lang='lat' dir='ltr'>petivit</span> <span class='ocrx_word' id='word_1_158' title='bbox 837 3613 1011 3674; x_wconf 88' lang='lat' dir='ltr'>terminum</span> <span class='ocrx_word' id='word_1_159' title='bbox 1029 3612 1105 3694; x_wconf 90' lang='lat' dir='ltr'>juris</span> <span class='ocrx_word' id='word_1_160' title='bbox 1128 3611 1214 3694; x_wconf 80' lang='lat' dir='ltr'>juxta</span> <span class='ocrx_word' id='word_1_161' title='bbox 1232 3611 1499 3673; x_wconf 76' lang='lat' dir='ltr'>consuetudinem</span> <span class='ocrx_word' id='word_1_162' title='bbox 1518 3611 1653 3672; x_wconf 86' lang='lat' dir='ltr'>civitatis</span> 
     </span>
     <span class='ocr_line' id='line_1_28' title="bbox 392 3721 524 3806; baseline 0 -22"><span class='ocrx_word' id='word_1_163' title='bbox 392 3721 524 3806; x_wconf 84' lang='lat' dir='ltr'>prefate.</span> 
     </span>
    </p>

    <p class='ocr_par' dir='ltr' id='par_1_13' title="bbox 391 3823 1656 5060">
     <span class='ocr_line' id='line_1_29' title="bbox 498 3823 1656 3908; baseline -0.004 -20"><span class='ocrx_word' id='word_1_164' title='bbox 498 3827 576 3890; x_wconf 90' lang='lat' dir='ltr'>ltem</span> <span class='ocrx_word' id='word_1_165' title='bbox 595 3827 727 3908; x_wconf 87' lang='lat' dir='ltr'>quidam</span> <span class='ocrx_word' id='word_1_166' title='bbox 746 3827 908 3888; x_wconf 88' lang='lat' dir='ltr'>lohannes</span> <span class='ocrx_word' id='word_1_167' title='bbox 931 3839 1033 3888; x_wconf 87' lang='lat' dir='ltr'>sartor</span> <span class='ocrx_word' id='word_1_168' title='bbox 1050 3824 1135 3887; x_wconf 86' lang='lat' dir='ltr'>filius</span> <span class='ocrx_word' id='word_1_169' title='bbox 1151 3824 1279 3886; x_wconf 87' lang='lat' dir='ltr'>Nicolai</span> <span class='ocrx_word' id='word_1_170' title='bbox 1304 3825 1345 3886; x_wconf 91' lang='lat' dir='ltr'>de</span> <span class='ocrx_word' id='word_1_171' title='bbox 1362 3823 1457 3902; x_wconf 91' lang='lat' dir='ltr'>Cilia,</span> <span class='ocrx_word' id='word_1_172' title='bbox 1483 3823 1563 3884; x_wconf 89' lang='lat' dir='ltr'>alias</span> <span class='ocrx_word' id='word_1_173' title='bbox 1579 3823 1656 3884; x_wconf 90' lang='lat' dir='ltr'>civis</span> 
     </span>
     <span class='ocr_line' id='line_1_30' title="bbox 391 3930 1655 4016; baseline -0.004 -20"><span class='ocrx_word' id='word_1_174' title='bbox 391 3935 474 3996; x_wconf 92' lang='lat' dir='ltr'>dicte</span> <span class='ocrx_word' id='word_1_175' title='bbox 499 3935 636 3996; x_wconf 90' lang='lat' dir='ltr'>civitatis</span> <span class='ocrx_word' id='word_1_176' title='bbox 660 3934 813 4016; x_wconf 88' lang='lat' dir='ltr'>predicte,</span> <span class='ocrx_word' id='word_1_177' title='bbox 845 3934 929 4016; x_wconf 88' lang='lat' dir='ltr'>apud</span> <span class='ocrx_word' id='word_1_178' title='bbox 962 3953 1060 4014; x_wconf 89' lang='lat' dir='ltr'>quem</span> <span class='ocrx_word' id='word_1_179' title='bbox 1093 3946 1217 4014; x_wconf 88' lang='lat' dir='ltr'>reperta</span> <span class='ocrx_word' id='word_1_180' title='bbox 1242 3931 1302 3992; x_wconf 86' lang='lat' dir='ltr'>luit</span> <span class='ocrx_word' id='word_1_181' title='bbox 1326 3930 1406 3992; x_wconf 85' lang='lat' dir='ltr'>falsa</span> <span class='ocrx_word' id='word_1_182' title='bbox 1438 3931 1594 4013; x_wconf 86' lang='lat' dir='ltr'>peccunia</span> <span class='ocrx_word' id='word_1_183' title='bbox 1625 3944 1655 3991; x_wconf 89' lang='lat' dir='ltr'>et</span> 
     </span>
     <span class='ocr_line' id='line_1_31' title="bbox 391 4037 1655 4123; baseline -0.006 -20"><span class='ocrx_word' id='word_1_184' title='bbox 391 4043 467 4123; x_wconf 89' lang='lat' dir='ltr'>quia</span> <span class='ocrx_word' id='word_1_185' title='bbox 493 4043 561 4123; x_wconf 89' lang='lat' dir='ltr'>ipse</span> <span class='ocrx_word' id='word_1_186' title='bbox 594 4040 756 4102; x_wconf 90' lang='lat' dir='ltr'>lohannes</span> <span class='ocrx_word' id='word_1_187' title='bbox 789 4039 904 4101; x_wconf 89' lang='lat' dir='ltr'>furtive</span> <span class='ocrx_word' id='word_1_188' title='bbox 936 4039 1065 4102; x_wconf 88' lang='lat' dir='ltr'>recessit</span> <span class='ocrx_word' id='word_1_189' title='bbox 1095 4038 1135 4100; x_wconf 90' lang='lat' dir='ltr'>de</span> <span class='ocrx_word' id='word_1_190' title='bbox 1167 4038 1234 4120; x_wconf 89' lang='lat' dir='ltr'>ipsa</span> <span class='ocrx_word' id='word_1_191' title='bbox 1267 4038 1395 4099; x_wconf 91' lang='lat' dir='ltr'>civitate</span> <span class='ocrx_word' id='word_1_192' title='bbox 1419 4037 1549 4098; x_wconf 88' lang='lat' dir='ltr'>racione</span> <span class='ocrx_word' id='word_1_193' title='bbox 1574 4037 1655 4098; x_wconf 89' lang='lat' dir='ltr'>dicte</span> 
     </span>
     <span class='ocr_line' id='line_1_32' title="bbox 391 4143 1654 4229; baseline -0.004 -21"><span class='ocrx_word' id='word_1_194' title='bbox 391 4147 469 4209; x_wconf 84' lang='lat' dir='ltr'>salse</span> <span class='ocrx_word' id='word_1_195' title='bbox 495 4147 650 4229; x_wconf 90' lang='lat' dir='ltr'>peccunie</span> <span class='ocrx_word' id='word_1_196' title='bbox 675 4145 779 4207; x_wconf 89' lang='lat' dir='ltr'>adhuc</span> <span class='ocrx_word' id='word_1_197' title='bbox 801 4159 947 4228; x_wconf 90' lang='lat' dir='ltr'>tempore</span> <span class='ocrx_word' id='word_1_198' title='bbox 972 4145 1131 4226; x_wconf 82' lang='lat' dir='ltr'>judicatus</span> <span class='ocrx_word' id='word_1_199' title='bbox 1147 4143 1275 4227; x_wconf 91' lang='lat' dir='ltr'>providi</span> <span class='ocrx_word' id='word_1_200' title='bbox 1300 4159 1330 4206; x_wconf 91' lang='lat' dir='ltr'>et</span> <span class='ocrx_word' id='word_1_201' title='bbox 1355 4143 1578 4224; x_wconf 87' lang='lat' dir='ltr'>circumspecti</span> <span class='ocrx_word' id='word_1_202' title='bbox 1597 4143 1654 4203; x_wconf 90' lang='lat' dir='ltr'>viri</span> 
     </span>
     <span class='ocr_line' id='line_1_33' title="bbox 391 4248 1652 4334; baseline -0.004 -20"><span class='ocrx_word' id='word_1_203' title='bbox 391 4253 546 4314; x_wconf 89' lang='lat' dir='ltr'>lobannis</span> <span class='ocrx_word' id='word_1_204' title='bbox 570 4253 744 4334; x_wconf 81' lang='lat' dir='ltr'>Perowych</span> <span class='ocrx_word' id='word_1_205' title='bbox 769 4252 817 4312; x_wconf 92' lang='lat' dir='ltr'>sui</span> <span class='ocrx_word' id='word_1_206' title='bbox 846 4251 979 4314; x_wconf 90' lang='lat' dir='ltr'>secundi</span> <span class='ocrx_word' id='word_1_207' title='bbox 1010 4251 1180 4333; x_wconf 85' lang='lat' dir='ltr'>judicatus,</span> <span class='ocrx_word' id='word_1_208' title='bbox 1205 4265 1235 4312; x_wconf 90' lang='lat' dir='ltr'>et</span> <span class='ocrx_word' id='word_1_209' title='bbox 1266 4248 1325 4312; x_wconf 87' lang='lat' dir='ltr'>luit</span> <span class='ocrx_word' id='word_1_210' title='bbox 1349 4250 1568 4332; x_wconf 88' lang='lat' dir='ltr'>proclamatus</span> <span class='ocrx_word' id='word_1_211' title='bbox 1593 4268 1652 4330; x_wconf 95' lang='lat' dir='ltr'>pu-</span> 
     </span>
     <span class='ocr_line' id='line_1_34' title="bbox 391 4355 1654 4438; baseline -0.004 -17"><span class='ocrx_word' id='word_1_212' title='bbox 391 4360 473 4422; x_wconf 91' lang='lat' dir='ltr'>blice</span> <span class='ocrx_word' id='word_1_213' title='bbox 490 4373 524 4421; x_wconf 93' lang='lat' dir='ltr'>ut</span> <span class='ocrx_word' id='word_1_214' title='bbox 540 4359 679 4420; x_wconf 91' lang='lat' dir='ltr'>venisset</span> <span class='ocrx_word' id='word_1_215' title='bbox 694 4358 734 4420; x_wconf 88' lang='lat' dir='ltr'>ad</span> <span class='ocrx_word' id='word_1_216' title='bbox 751 4357 906 4438; x_wconf 91' lang='lat' dir='ltr'>judicium</span> <span class='ocrx_word' id='word_1_217' title='bbox 924 4373 955 4420; x_wconf 90' lang='lat' dir='ltr'>et</span> <span class='ocrx_word' id='word_1_218' title='bbox 974 4379 1006 4418; x_wconf 91' lang='lat' dir='ltr'>se</span> <span class='ocrx_word' id='word_1_219' title='bbox 1031 4356 1249 4419; x_wconf 87' lang='lat' dir='ltr'>excusandum</span> <span class='ocrx_word' id='word_1_220' title='bbox 1266 4377 1301 4417; x_wconf 85' lang='lat' dir='ltr'>ac</span> <span class='ocrx_word' id='word_1_221' title='bbox 1318 4355 1552 4418; x_wconf 88' lang='lat' dir='ltr'>fideiussoriam</span> <span class='ocrx_word' id='word_1_222' title='bbox 1578 4375 1654 4416; x_wconf 88' lang='lat' dir='ltr'>cau·</span> 
     </span>
     <span class='ocr_line' id='line_1_35' title="bbox 391 4461 1652 4546; baseline -0.004 -19"><span class='ocrx_word' id='word_1_223' title='bbox 391 4467 517 4527; x_wconf 90' lang='lat' dir='ltr'>cionem</span> <span class='ocrx_word' id='word_1_224' title='bbox 534 4465 573 4526; x_wconf 93' lang='lat' dir='ltr'>de</span> <span class='ocrx_word' id='word_1_225' title='bbox 590 4485 623 4526; x_wconf 92' lang='lat' dir='ltr'>se</span> <span class='ocrx_word' id='word_1_226' title='bbox 640 4464 876 4546; x_wconf 87' lang='lat' dir='ltr'>deponendam,</span> <span class='ocrx_word' id='word_1_227' title='bbox 901 4465 956 4545; x_wconf 91' lang='lat' dir='ltr'>qui</span> <span class='ocrx_word' id='word_1_228' title='bbox 973 4464 1107 4525; x_wconf 92' lang='lat' dir='ltr'>minime</span> <span class='ocrx_word' id='word_1_229' title='bbox 1123 4461 1198 4525; x_wconf 84' lang='lat' dir='ltr'>fecit</span> <span class='ocrx_word' id='word_1_230' title='bbox 1221 4477 1252 4525; x_wconf 92' lang='lat' dir='ltr'>et</span> <span class='ocrx_word' id='word_1_231' title='bbox 1270 4463 1402 4524; x_wconf 89' lang='lat' dir='ltr'>minime</span> <span class='ocrx_word' id='word_1_232' title='bbox 1419 4462 1553 4540; x_wconf 91' lang='lat' dir='ltr'>curavit,</span> <span class='ocrx_word' id='word_1_233' title='bbox 1578 4461 1652 4522; x_wconf 89' lang='lat' dir='ltr'>ideo</span> 
     </span>
     <span class='ocr_line' id='line_1_36' title="bbox 391 4567 1655 4651; baseline -0.002 -21"><span class='ocrx_word' id='word_1_234' title='bbox 391 4585 548 4632; x_wconf 90' lang='lat' dir='ltr'>venerunt</span> <span class='ocrx_word' id='word_1_235' title='bbox 572 4569 733 4630; x_wconf 89' lang='lat' dir='ltr'>debitores</span> <span class='ocrx_word' id='word_1_236' title='bbox 750 4569 894 4630; x_wconf 89' lang='lat' dir='ltr'>eiusdem</span> <span class='ocrx_word' id='word_1_237' title='bbox 919 4570 1075 4632; x_wconf 80' lang='lat' dir='ltr'>iohannis</span> <span class='ocrx_word' id='word_1_238' title='bbox 1091 4570 1191 4632; x_wconf 91' lang='lat' dir='ltr'>nostri</span> <span class='ocrx_word' id='word_1_239' title='bbox 1209 4569 1241 4630; x_wconf 93' lang='lat' dir='ltr'>in</span> <span class='ocrx_word' id='word_1_240' title='bbox 1259 4569 1469 4651; x_wconf 89' lang='lat' dir='ltr'>presenciam,</span> <span class='ocrx_word' id='word_1_241' title='bbox 1494 4567 1655 4648; x_wconf 86' lang='lat' dir='ltr'>nobisque</span> 
     </span>
     <span class='ocr_line' id='line_1_37' title="bbox 392 4675 1655 4758; baseline -0.002 -20"><span class='ocrx_word' id='word_1_242' title='bbox 392 4696 429 4738; x_wconf 86' lang='lat' dir='ltr'>ex</span> <span class='ocrx_word' id='word_1_243' title='bbox 454 4690 542 4758; x_wconf 86' lang='lat' dir='ltr'>parte</span> <span class='ocrx_word' id='word_1_244' title='bbox 567 4675 711 4736; x_wconf 91' lang='lat' dir='ltr'>eiusdem</span> <span class='ocrx_word' id='word_1_245' title='bbox 728 4675 886 4756; x_wconf 88' lang='lat' dir='ltr'>justiciam</span> <span class='ocrx_word' id='word_1_246' title='bbox 913 4677 974 4736; x_wconf 92' lang='lat' dir='ltr'>sibi</span> <span class='ocrx_word' id='word_1_247' title='bbox 999 4676 1076 4758; x_wconf 89' lang='lat' dir='ltr'>ipsis</span> <span class='ocrx_word' id='word_1_248' title='bbox 1092 4676 1272 4737; x_wconf 89' lang='lat' dir='ltr'>ministrare</span> <span class='ocrx_word' id='word_1_249' title='bbox 1290 4675 1507 4758; x_wconf 81' lang='lat' dir='ltr'>postulantes3</span> <span class='ocrx_word' id='word_1_250' title='bbox 1532 4688 1563 4736; x_wconf 90' lang='lat' dir='ltr'>et</span> <span class='ocrx_word' id='word_1_251' title='bbox 1580 4675 1655 4756; x_wconf 86' lang='lat' dir='ltr'>quia</span> 
     </span>
     <span class='ocr_line' id='line_1_38' title="bbox 392 4781 1653 4864; baseline 0 -22"><span class='ocrx_word' id='word_1_252' title='bbox 392 4783 489 4842; x_wconf 88' lang='lat' dir='ltr'>iidem</span> <span class='ocrx_word' id='word_1_253' title='bbox 515 4782 676 4843; x_wconf 88' lang='lat' dir='ltr'>debitores</span> <span class='ocrx_word' id='word_1_254' title='bbox 701 4782 732 4842; x_wconf 92' lang='lat' dir='ltr'>id</span> <span class='ocrx_word' id='word_1_255' title='bbox 758 4783 1009 4862; x_wconf 89' lang='lat' dir='ltr'>comprobarunt</span> <span class='ocrx_word' id='word_1_256' title='bbox 1025 4802 1132 4844; x_wconf 89' lang='lat' dir='ltr'>coram</span> <span class='ocrx_word' id='word_1_257' title='bbox 1154 4783 1247 4843; x_wconf 92' lang='lat' dir='ltr'>nobis</span> <span class='ocrx_word' id='word_1_258' title='bbox 1273 4782 1340 4864; x_wconf 89' lang='lat' dir='ltr'>ipsa</span> <span class='ocrx_word' id='word_1_259' title='bbox 1365 4781 1471 4842; x_wconf 89' lang='lat' dir='ltr'>debita</span> <span class='ocrx_word' id='word_1_260' title='bbox 1498 4781 1575 4862; x_wconf 90' lang='lat' dir='ltr'>ipsis</span> <span class='ocrx_word' id='word_1_261' title='bbox 1600 4781 1653 4842; x_wconf 92' lang='lat' dir='ltr'>de-</span> 
     </span>
     <span class='ocr_line' id='line_1_39' title="bbox 396 4887 1653 4972; baseline 0.002 -24"><span class='ocrx_word' id='word_1_262' title='bbox 396 4888 512 4966; x_wconf 90' lang='lat' dir='ltr'>benda,</span> <span class='ocrx_word' id='word_1_263' title='bbox 538 4887 611 4948; x_wconf 90' lang='lat' dir='ltr'>ideo</span> <span class='ocrx_word' id='word_1_264' title='bbox 636 4907 695 4948; x_wconf 92' lang='lat' dir='ltr'>nos</span> <span class='ocrx_word' id='word_1_265' title='bbox 718 4888 838 4949; x_wconf 88' lang='lat' dir='ltr'>eisdem</span> <span class='ocrx_word' id='word_1_266' title='bbox 864 4888 1065 4953; x_wconf 90' lang='lat' dir='ltr'>debitoribus</span> <span class='ocrx_word' id='word_1_267' title='bbox 1082 4888 1271 4954; x_wconf 84' lang='lat' dir='ltr'>admisimus</span> <span class='ocrx_word' id='word_1_268' title='bbox 1297 4889 1398 4972; x_wconf 90' lang='lat' dir='ltr'>ipsam</span> <span class='ocrx_word' id='word_1_269' title='bbox 1417 4887 1551 4950; x_wconf 89' lang='lat' dir='ltr'>domum</span> <span class='ocrx_word' id='word_1_270' title='bbox 1578 4909 1653 4950; x_wconf 90' lang='lat' dir='ltr'>ven-</span> 
     </span>
     <span class='ocr_line' id='line_1_40' title="bbox 393 4991 868 5060; baseline 0.015 -7"><span class='ocrx_word' id='word_1_271' title='bbox 393 4991 488 5055; x_wconf 89' lang='lat' dir='ltr'>dendi</span> <span class='ocrx_word' id='word_1_272' title='bbox 514 4992 647 5056; x_wconf 88' lang='lat' dir='ltr'>liberam</span> <span class='ocrx_word' id='word_1_273' title='bbox 672 4991 868 5060; x_wconf 83' lang='lat' dir='ltr'>facultatem.</span> 
     </span>
    </p>
   </div>
   <div class='ocr_carea' id='block_1_6' title="bbox 0 0 1826 5788">
    <p class='ocr_par' dir='ltr' id='par_1_14' title="bbox 0 0 1826 5788">
     <span class='ocr_line' id='line_1_41' title="bbox 0 0 1826 5788; baseline 0 0"><span class='ocrx_word' id='word_1_274' title='bbox 0 0 1826 5788; x_wconf 95' lang='lat' dir='ltr'> </span> 
     </span>
    </p>
   </div>
   <div class='ocr_carea' id='block_1_7' title="bbox 1820 1183 1823 1751">
    <p class='ocr_par' dir='ltr' id='par_1_15' title="bbox 1820 1183 1823 1751">
     <span class='ocr_line' id='line_1_42' title="bbox 1820 1183 1823 1751; baseline 0 0"><span class='ocrx_word' id='word_1_275' title='bbox 1820 1183 1823 1751; x_wconf 95' lang='lat' dir='ltr'> </span> 
     </span>
    </p>
   </div>
  </div>
 </body>
</html>
