<?xml version="1.0" encoding="UTF-8"?>
<!DOCTYPE html PUBLIC "-//W3C//DTD XHTML 1.0 Transitional//EN"
    "http://www.w3.org/TR/xhtml1/DTD/xhtml1-transitional.dtd">
<html xmlns="http://www.w3.org/1999/xhtml" xml:lang="en" lang="en">
 <head>
  <title>
</title>
<meta http-equiv="Content-Type" content="text/html;charset=utf-8" />
  <meta name='ocr-system' content='tesseract 3.04.00' />
  <meta name='ocr-capabilities' content='ocr_page ocr_carea ocr_par ocr_line ocrx_word'/>
</head>
<body>
  <div class='ocr_page' id='page_1' title='image "./monumentahistor13laszgoog_0161.png"; bbox 0 0 3738 5786; ppageno 0'>
   <div class='ocr_carea' id='block_1_1' title="bbox 185 553 1455 2107">
    <p class='ocr_par' dir='ltr' id='par_1_1' title="bbox 185 553 1455 2107">
     <span class='ocr_line' id='line_1_1' title="bbox 557 553 1449 628; baseline 0.003 -21"><span class='ocrx_word' id='word_1_1' title='bbox 557 555 642 608; x_wconf 80' lang='lat' dir='ltr'>Anno</span> <span class='ocrx_word' id='word_1_2' title='bbox 666 563 756 628; x_wconf 78' lang='lat'><em>1455.</em></span> <span class='ocrx_word' id='word_1_3' title='bbox 782 585 823 594; x_wconf 90' lang='lat'><em>-</em></span> <span class='ocrx_word' id='word_1_4' title='bbox 847 565 896 611; x_wconf 88' lang='lat'>21.</span> <span class='ocrx_word' id='word_1_5' title='bbox 921 553 1088 612; x_wconf 72' lang='lat' dir='ltr'>novembris.</span> <span class='ocrx_word' id='word_1_6' title='bbox 1395 571 1449 614; x_wconf 85' lang='lat' dir='ltr'>tor</span> 
     </span>
     <span class='ocr_line' id='line_1_2' title="bbox 187 761 1455 847; baseline 0.002 -25"><span class='ocrx_word' id='word_1_7' title='bbox 187 761 367 823; x_wconf 90' lang='lat' dir='ltr'>liberorum</span> <span class='ocrx_word' id='word_1_8' title='bbox 403 761 542 823; x_wconf 83' lang='lat' dir='ltr'>condam</span> <span class='ocrx_word' id='word_1_9' title='bbox 574 761 672 824; x_wconf 79' lang='lat' dir='ltr'>Blasii</span> <span class='ocrx_word' id='word_1_10' title='bbox 704 761 797 844; x_wconf 90' lang='lat' dir='ltr'>jurati</span> <span class='ocrx_word' id='word_1_11' title='bbox 828 763 905 825; x_wconf 90' lang='lat' dir='ltr'>dicti</span> <span class='ocrx_word' id='word_1_12' title='bbox 939 763 1074 846; x_wconf 87' lang='lat' dir='ltr'>Frawyn</span> <span class='ocrx_word' id='word_1_13' title='bbox 1100 763 1156 825; x_wconf 90' lang='lat' dir='ltr'>filii</span> <span class='ocrx_word' id='word_1_14' title='bbox 1189 764 1374 840; x_wconf 78' lang='lat' dir='ltr'>Alexandri,</span> <span class='ocrx_word' id='word_1_15' title='bbox 1398 784 1455 847; x_wconf 92' lang='lat' dir='ltr'>per</span> 
     </span>
     <span class='ocr_line' id='line_1_3' title="bbox 189 867 1453 952; baseline 0.002 -23"><span class='ocrx_word' id='word_1_16' title='bbox 189 870 294 950; x_wconf 90' lang='lat' dir='ltr'>ipsum</span> <span class='ocrx_word' id='word_1_17' title='bbox 332 869 473 930; x_wconf 86' lang='lat' dir='ltr'>condam</span> <span class='ocrx_word' id='word_1_18' title='bbox 498 867 641 931; x_wconf 89' lang='lat' dir='ltr'>Blaaium</span> <span class='ocrx_word' id='word_1_19' title='bbox 674 869 812 951; x_wconf 86' lang='lat' dir='ltr'>juratum</span> <span class='ocrx_word' id='word_1_20' title='bbox 839 870 974 952; x_wconf 88' lang='lat' dir='ltr'>Frawyn</span> <span class='ocrx_word' id='word_1_21' title='bbox 1008 869 1144 932; x_wconf 91' lang='lat' dir='ltr'>condam</span> <span class='ocrx_word' id='word_1_22' title='bbox 1169 869 1327 952; x_wconf 81' lang='lat' dir='ltr'>Gregorio</span> <span class='ocrx_word' id='word_1_23' title='bbox 1350 871 1453 951; x_wconf 87' lang='lat' dir='ltr'>jurato</span> 
     </span>
     <span class='ocr_line' id='line_1_4' title="bbox 186 974 1453 1059; baseline 0.003 -23"><span class='ocrx_word' id='word_1_24' title='bbox 186 977 273 1037; x_wconf 91' lang='lat' dir='ltr'>dicto</span> <span class='ocrx_word' id='word_1_25' title='bbox 300 975 475 1058; x_wconf 89' lang='lat' dir='ltr'>Hudostyh</span> <span class='ocrx_word' id='word_1_26' title='bbox 492 991 637 1058; x_wconf 88' lang='lat' dir='ltr'>tempore</span> <span class='ocrx_word' id='word_1_27' title='bbox 662 976 727 1037; x_wconf 89' lang='lat' dir='ltr'>vite</span> <span class='ocrx_word' id='word_1_28' title='bbox 750 997 806 1038; x_wconf 86' lang='lat' dir='ltr'>aue</span> <span class='ocrx_word' id='word_1_29' title='bbox 824 974 884 1038; x_wconf 84' lang='lat' dir='ltr'>luit</span> <span class='ocrx_word' id='word_1_30' title='bbox 910 977 1125 1059; x_wconf 77' lang='lat' dir='ltr'>inpignorata,</span> <span class='ocrx_word' id='word_1_31' title='bbox 1149 977 1203 1038; x_wconf 88' lang='lat' dir='ltr'>tali</span> <span class='ocrx_word' id='word_1_32' title='bbox 1230 979 1340 1056; x_wconf 89' lang='lat' dir='ltr'>modo,</span> <span class='ocrx_word' id='word_1_33' title='bbox 1365 979 1453 1059; x_wconf 93' lang='lat' dir='ltr'>quod</span> 
     </span>
     <span class='ocr_line' id='line_1_5' title="bbox 185 1082 1452 1166; baseline 0.001 -23"><span class='ocrx_word' id='word_1_34' title='bbox 185 1082 332 1164; x_wconf 83' lang='lat' dir='ltr'>ipsorum</span> <span class='ocrx_word' id='word_1_35' title='bbox 357 1083 495 1165; x_wconf 83' lang='lat' dir='ltr'>quilibet</span> <span class='ocrx_word' id='word_1_36' title='bbox 518 1083 668 1146; x_wconf 86' lang='lat' dir='ltr'>videlicet</span> <span class='ocrx_word' id='word_1_37' title='bbox 692 1097 756 1146; x_wconf 90' lang='lat' dir='ltr'>tam</span> <span class='ocrx_word' id='word_1_38' title='bbox 782 1083 945 1144; x_wconf 88' lang='lat' dir='ltr'>lohannes</span> <span class='ocrx_word' id='word_1_39' title='bbox 969 1083 1064 1166; x_wconf 89' lang='lat' dir='ltr'>judex</span> <span class='ocrx_word' id='word_1_40' title='bbox 1089 1103 1186 1165; x_wconf 88' lang='lat' dir='ltr'>quam</span> <span class='ocrx_word' id='word_1_41' title='bbox 1213 1084 1344 1145; x_wconf 87' lang='lat' dir='ltr'>domina</span> <span class='ocrx_word' id='word_1_42' title='bbox 1370 1085 1452 1146; x_wconf 89' lang='lat' dir='ltr'>Mar·</span> 
     </span>
     <span class='ocr_line' id='line_1_6' title="bbox 185 1189 1453 1273; baseline 0.002 -23"><span class='ocrx_word' id='word_1_43' title='bbox 185 1189 318 1270; x_wconf 88' lang='lat' dir='ltr'>garetha</span> <span class='ocrx_word' id='word_1_44' title='bbox 350 1205 451 1252; x_wconf 88' lang='lat' dir='ltr'>mater</span> <span class='ocrx_word' id='word_1_45' title='bbox 475 1210 532 1252; x_wconf 88' lang='lat' dir='ltr'>sua</span> <span class='ocrx_word' id='word_1_46' title='bbox 563 1210 722 1273; x_wconf 89' lang='lat' dir='ltr'>supereo</span> <span class='ocrx_word' id='word_1_47' title='bbox 755 1189 860 1272; x_wconf 87' lang='lat' dir='ltr'>jurare</span> <span class='ocrx_word' id='word_1_48' title='bbox 891 1193 1054 1252; x_wconf 80' lang='lat' dir='ltr'>tenebitur</span> <span class='ocrx_word' id='word_1_49' title='bbox 1085 1209 1180 1272; x_wconf 86' lang='lat' dir='ltr'>super</span> <span class='ocrx_word' id='word_1_50' title='bbox 1203 1210 1301 1268; x_wconf 89' lang='lat' dir='ltr'>aram,</span> <span class='ocrx_word' id='word_1_51' title='bbox 1327 1205 1361 1252; x_wconf 92' lang='lat' dir='ltr'>ut</span> <span class='ocrx_word' id='word_1_52' title='bbox 1386 1192 1453 1272; x_wconf 91' lang='lat' dir='ltr'>ipse</span> 
     </span>
     <span class='ocr_line' id='line_1_7' title="bbox 186 1296 1453 1380; baseline 0.001 -23"><span class='ocrx_word' id='word_1_53' title='bbox 186 1296 325 1358; x_wconf 89' lang='lat' dir='ltr'>condam</span> <span class='ocrx_word' id='word_1_54' title='bbox 352 1296 529 1378; x_wconf 81' lang='lat' dir='ltr'>Gregorius</span> <span class='ocrx_word' id='word_1_55' title='bbox 546 1297 666 1380; x_wconf 82' lang='lat' dir='ltr'>juratus</span> <span class='ocrx_word' id='word_1_56' title='bbox 691 1298 722 1359; x_wconf 95' lang='lat' dir='ltr'>in</span> <span class='ocrx_word' id='word_1_57' title='bbox 749 1299 900 1360; x_wconf 84' lang='lat' dir='ltr'>extremis</span> <span class='ocrx_word' id='word_1_58' title='bbox 916 1299 980 1360; x_wconf 85' lang='lat' dir='ltr'>vite</span> <span class='ocrx_word' id='word_1_59' title='bbox 1001 1317 1056 1358; x_wconf 88' lang='lat' dir='ltr'>sue</span> <span class='ocrx_word' id='word_1_60' title='bbox 1082 1299 1268 1380; x_wconf 89' lang='lat' dir='ltr'>temporalis</span> <span class='ocrx_word' id='word_1_61' title='bbox 1293 1299 1453 1376; x_wconf 88' lang='lat' dir='ltr'>laborans,</span> 
     </span>
     <span class='ocr_line' id='line_1_8' title="bbox 186 1403 1452 1488; baseline 0.002 -24"><span class='ocrx_word' id='word_1_62' title='bbox 186 1403 227 1464; x_wconf 87' lang='lat' dir='ltr'>de</span> <span class='ocrx_word' id='word_1_63' title='bbox 249 1405 403 1487; x_wconf 86' lang='lat' dir='ltr'>predictis</span> <span class='ocrx_word' id='word_1_64' title='bbox 427 1406 573 1488; x_wconf 89' lang='lat' dir='ltr'>pecuniis</span> <span class='ocrx_word' id='word_1_65' title='bbox 596 1407 662 1468; x_wconf 88' lang='lat' dir='ltr'>suis</span> <span class='ocrx_word' id='word_1_66' title='bbox 695 1425 754 1487; x_wconf 92' lang='lat' dir='ltr'>pro</span> <span class='ocrx_word' id='word_1_67' title='bbox 779 1405 897 1486; x_wconf 90' lang='lat' dir='ltr'>quibus</span> <span class='ocrx_word' id='word_1_68' title='bbox 928 1405 987 1466; x_wconf 89' lang='lat' dir='ltr'>sibi</span> <span class='ocrx_word' id='word_1_69' title='bbox 1013 1405 1080 1486; x_wconf 91' lang='lat' dir='ltr'>ipsa</span> <span class='ocrx_word' id='word_1_70' title='bbox 1113 1419 1196 1466; x_wconf 87' lang='lat' dir='ltr'>terra</span> <span class='ocrx_word' id='word_1_71' title='bbox 1221 1403 1280 1466; x_wconf 83' lang='lat' dir='ltr'>fuit</span> <span class='ocrx_word' id='word_1_72' title='bbox 1304 1405 1452 1487; x_wconf 91' lang='lat' dir='ltr'>inpigno-</span> 
     </span>
     <span class='ocr_line' id='line_1_9' title="bbox 188 1511 1451 1594; baseline 0.002 -24"><span class='ocrx_word' id='word_1_73' title='bbox 188 1523 264 1584; x_wconf 86' lang='lat' dir='ltr'>rata,</span> <span class='ocrx_word' id='word_1_74' title='bbox 289 1511 415 1573; x_wconf 90' lang='lat' dir='ltr'>nullam</span> <span class='ocrx_word' id='word_1_75' title='bbox 432 1526 556 1594; x_wconf 88' lang='lat' dir='ltr'>partem</span> <span class='ocrx_word' id='word_1_76' title='bbox 581 1513 723 1594; x_wconf 90' lang='lat' dir='ltr'>ipsarum</span> <span class='ocrx_word' id='word_1_77' title='bbox 741 1513 950 1594; x_wconf 79' lang='lat' dir='ltr'>pecuniarum</span> <span class='ocrx_word' id='word_1_78' title='bbox 969 1531 1027 1572; x_wconf 90' lang='lat' dir='ltr'>nec</span> <span class='ocrx_word' id='word_1_79' title='bbox 1045 1531 1157 1593; x_wconf 89' lang='lat' dir='ltr'>parum</span> <span class='ocrx_word' id='word_1_80' title='bbox 1184 1531 1289 1593; x_wconf 87' lang='lat' dir='ltr'>neque</span> <span class='ocrx_word' id='word_1_81' title='bbox 1314 1511 1451 1573; x_wconf 91' lang='lat' dir='ltr'>multum</span> 
     </span>
     <span class='ocr_line' id='line_1_10' title="bbox 187 1617 1452 1700; baseline 0.003 -24"><span class='ocrx_word' id='word_1_82' title='bbox 187 1617 352 1697; x_wconf 85' lang='lat' dir='ltr'>relaxavit,</span> <span class='ocrx_word' id='word_1_83' title='bbox 377 1617 432 1680; x_wconf 88' lang='lat' dir='ltr'>sed</span> <span class='ocrx_word' id='word_1_84' title='bbox 467 1617 603 1680; x_wconf 88' lang='lat' dir='ltr'>eandem</span> <span class='ocrx_word' id='word_1_85' title='bbox 634 1631 734 1680; x_wconf 88' lang='lat' dir='ltr'>totam</span> <span class='ocrx_word' id='word_1_86' title='bbox 766 1618 937 1700; x_wconf 88' lang='lat' dir='ltr'>pecuniam</span> <span class='ocrx_word' id='word_1_87' title='bbox 970 1617 1198 1679; x_wconf 86' lang='lat' dir='ltr'>commissariis</span> <span class='ocrx_word' id='word_1_88' title='bbox 1230 1617 1295 1678; x_wconf 86' lang='lat' dir='ltr'>suis</span> <span class='ocrx_word' id='word_1_89' title='bbox 1326 1617 1452 1698; x_wconf 81' lang='lat' dir='ltr'>exigere</span> 
     </span>
     <span class='ocr_line' id='line_1_11' title="bbox 186 1723 1450 1806; baseline 0 -22"><span class='ocrx_word' id='word_1_90' title='bbox 186 1724 387 1805; x_wconf 82' lang='lat' dir='ltr'>integraliter</span> <span class='ocrx_word' id='word_1_91' title='bbox 420 1724 636 1801; x_wconf 85' lang='lat' dir='ltr'>recommisit;</span> <span class='ocrx_word' id='word_1_92' title='bbox 669 1723 799 1806; x_wconf 91' lang='lat' dir='ltr'>dequo</span> <span class='ocrx_word' id='word_1_93' title='bbox 832 1723 953 1806; x_wconf 86' lang='lat' dir='ltr'>judicio</span> <span class='ocrx_word' id='word_1_94' title='bbox 978 1737 1009 1784; x_wconf 93' lang='lat' dir='ltr'>et</span> <span class='ocrx_word' id='word_1_95' title='bbox 1040 1723 1283 1805; x_wconf 87' lang='lat' dir='ltr'>adjudicacione</span> <span class='ocrx_word' id='word_1_96' title='bbox 1308 1724 1450 1806; x_wconf 88' lang='lat' dir='ltr'>ipsorum</span> 
     </span>
     <span class='ocr_line' id='line_1_12' title="bbox 185 1829 1450 1913; baseline -0.002 -22"><span class='ocrx_word' id='word_1_97' title='bbox 185 1831 364 1911; x_wconf 85' lang='lat' dir='ltr'>juratorum</span> <span class='ocrx_word' id='word_1_98' title='bbox 389 1831 458 1913; x_wconf 89' lang='lat' dir='ltr'>ipse</span> <span class='ocrx_word' id='word_1_99' title='bbox 491 1830 653 1893; x_wconf 84' lang='lat' dir='ltr'>lohannes</span> <span class='ocrx_word' id='word_1_100' title='bbox 684 1829 781 1910; x_wconf 89' lang='lat' dir='ltr'>judex</span> <span class='ocrx_word' id='word_1_101' title='bbox 813 1850 877 1892; x_wconf 94' lang='lat' dir='ltr'>non</span> <span class='ocrx_word' id='word_1_102' title='bbox 916 1843 1085 1892; x_wconf 88' lang='lat' dir='ltr'>contentus</span> <span class='ocrx_word' id='word_1_103' title='bbox 1116 1829 1291 1912; x_wconf 87' lang='lat' dir='ltr'>appellavit</span> <span class='ocrx_word' id='word_1_104' title='bbox 1315 1829 1450 1892; x_wconf 86' lang='lat' dir='ltr'>eandem</span> 
     </span>
     <span class='ocr_line' id='line_1_13' title="bbox 186 1935 1452 2020; baseline 0 -22"><span class='ocrx_word' id='word_1_105' title='bbox 186 1957 314 1999; x_wconf 87' lang='lat' dir='ltr'>causam</span> <span class='ocrx_word' id='word_1_106' title='bbox 341 1938 373 1998; x_wconf 94' lang='lat' dir='ltr'>in</span> <span class='ocrx_word' id='word_1_107' title='bbox 391 1937 590 2020; x_wconf 86' lang='lat' dir='ltr'>presenciam</span> <span class='ocrx_word' id='word_1_108' title='bbox 607 1937 772 1999; x_wconf 87' lang='lat' dir='ltr'>seniorum</span> <span class='ocrx_word' id='word_1_109' title='bbox 797 1937 941 2018; x_wconf 89' lang='lat' dir='ltr'>judicum</span> <span class='ocrx_word' id='word_1_110' title='bbox 966 1955 1024 2017; x_wconf 91' lang='lat' dir='ltr'>pro</span> <span class='ocrx_word' id='word_1_111' title='bbox 1042 1935 1129 1999; x_wconf 87' lang='lat' dir='ltr'>finali</span> <span class='ocrx_word' id='word_1_112' title='bbox 1147 1951 1177 1998; x_wconf 90' lang='lat' dir='ltr'>et</span> <span class='ocrx_word' id='word_1_113' title='bbox 1201 1935 1327 1998; x_wconf 89' lang='lat' dir='ltr'>meliori</span> <span class='ocrx_word' id='word_1_114' title='bbox 1353 1935 1452 2017; x_wconf 80' lang='lat' dir='ltr'>ipsius</span> 
     </span>
     <span class='ocr_line' id='line_1_14' title="bbox 186 2044 555 2107; baseline 0.003 -2"><span class='ocrx_word' id='word_1_115' title='bbox 186 2063 279 2106; x_wconf 89' lang='lat' dir='ltr'>cause</span> <span class='ocrx_word' id='word_1_116' title='bbox 305 2044 555 2107; x_wconf 83' lang='lat' dir='ltr'>deliberacione.</span> 
     </span>
    </p>
   </div>
   <div class='ocr_carea' id='block_1_2' title="bbox 239 2262 1397 2357">
    <p class='ocr_par' dir='ltr' id='par_1_2' title="bbox 239 2262 1397 2357">
     <span class='ocr_line' id='line_1_15' title="bbox 239 2262 1397 2357; baseline -0.003 -19"><span class='ocrx_word' id='word_1_117' title='bbox 239 2263 336 2339; x_wconf 81' lang='lat' dir='ltr'>leria</span> <span class='ocrx_word' id='word_1_118' title='bbox 365 2275 464 2339; x_wconf 87' lang='lat' dir='ltr'>sexta</span> <span class='ocrx_word' id='word_1_119' title='bbox 493 2268 646 2357; x_wconf 85' lang='lat' dir='ltr'>proxima</span> <span class='ocrx_word' id='word_1_120' title='bbox 683 2275 761 2356; x_wconf 87' lang='lat' dir='ltr'>post</span> <span class='ocrx_word' id='word_1_121' title='bbox 797 2267 920 2338; x_wconf 83' lang='lat' dir='ltr'>festum</span> <span class='ocrx_word' id='word_1_122' title='bbox 954 2269 1050 2339; x_wconf 88' lang='lat' dir='ltr'>beate</span> <span class='ocrx_word' id='word_1_123' title='bbox 1079 2264 1259 2354; x_wconf 76' lang='lat' dir='ltr'>Elyzabeth</span> <span class='ocrx_word' id='word_1_124' title='bbox 1287 2262 1397 2335; x_wconf 86' lang='lat' dir='ltr'>vidue.</span> 
     </span>
    </p>
   </div>
   <div class='ocr_carea' id='block_1_3' title="bbox 680 2420 956 2500">
    <p class='ocr_par' dir='ltr' id='par_1_3' title="bbox 680 2420 956 2500">
     <span class='ocr_line' id='line_1_16' title="bbox 680 2420 956 2500; baseline 0.011 -22"><span class='ocrx_word' id='word_1_125' title='bbox 680 2420 743 2499; x_wconf 88' lang='lat'><em>(21.</em></span> <span class='ocrx_word' id='word_1_126' title='bbox 768 2420 956 2500; x_wconf 81' lang='lat' dir='ltr'>novembris).</span> 
     </span>
    </p>
   </div>
   <div class='ocr_carea' id='block_1_4' title="bbox 177 2561 1450 5099">
    <p class='ocr_par' dir='ltr' id='par_1_4' title="bbox 177 2561 1450 5099">
     <span class='ocr_line' id='line_1_17' title="bbox 290 2561 1449 2643; baseline -0.002 -20"><span class='ocrx_word' id='word_1_127' title='bbox 290 2562 369 2624; x_wconf 90' lang='lat' dir='ltr'>ltem</span> <span class='ocrx_word' id='word_1_128' title='bbox 395 2563 470 2643; x_wconf 90' lang='lat' dir='ltr'>quia</span> <span class='ocrx_word' id='word_1_129' title='bbox 497 2563 653 2625; x_wconf 88' lang='lat' dir='ltr'>Martinus</span> <span class='ocrx_word' id='word_1_130' title='bbox 677 2563 771 2642; x_wconf 76' lang='lat' dir='ltr'>iudex</span> <span class='ocrx_word' id='word_1_131' title='bbox 793 2561 878 2624; x_wconf 89' lang='lat' dir='ltr'>filius</span> <span class='ocrx_word' id='word_1_132' title='bbox 902 2563 1043 2642; x_wconf 91' lang='lat' dir='ltr'>Thome,</span> <span class='ocrx_word' id='word_1_133' title='bbox 1068 2563 1175 2623; x_wconf 89' lang='lat' dir='ltr'>senior</span> <span class='ocrx_word' id='word_1_134' title='bbox 1200 2561 1295 2636; x_wconf 82' lang='lat' dir='ltr'>iudex</span> <span class='ocrx_word' id='word_1_135' title='bbox 1319 2575 1350 2623; x_wconf 92' lang='lat' dir='ltr'>et</span> <span class='ocrx_word' id='word_1_136' title='bbox 1374 2580 1449 2622; x_wconf 91' lang='lat' dir='ltr'>con·</span> 
     </span>
     <span class='ocr_line' id='line_1_18' title="bbox 188 2667 1448 2750; baseline 0 -22"><span class='ocrx_word' id='word_1_137' title='bbox 188 2669 262 2730; x_wconf 90' lang='lat' dir='ltr'>civis</span> <span class='ocrx_word' id='word_1_138' title='bbox 285 2682 405 2746; x_wconf 90' lang='lat' dir='ltr'>noster,</span> <span class='ocrx_word' id='word_1_139' title='bbox 431 2669 462 2729; x_wconf 88' lang='lat' dir='ltr'>id</span> <span class='ocrx_word' id='word_1_140' title='bbox 489 2689 560 2731; x_wconf 92' lang='lat' dir='ltr'>cum</span> <span class='ocrx_word' id='word_1_141' title='bbox 594 2668 764 2731; x_wconf 86' lang='lat' dir='ltr'>sufficienti</span> <span class='ocrx_word' id='word_1_142' title='bbox 797 2683 827 2732; x_wconf 89' lang='lat' dir='ltr'>et</span> <span class='ocrx_word' id='word_1_143' title='bbox 852 2669 1018 2750; x_wconf 88' lang='lat' dir='ltr'>fidedigno</span> <span class='ocrx_word' id='word_1_144' title='bbox 1050 2681 1233 2730; x_wconf 89' lang='lat' dir='ltr'>nostrorum</span> <span class='ocrx_word' id='word_1_145' title='bbox 1266 2667 1448 2729; x_wconf 86' lang='lat' dir='ltr'>concivium</span> 
     </span>
     <span class='ocr_line' id='line_1_19' title="bbox 185 2773 1450 2858; baseline -0.001 -23"><span class='ocrx_word' id='word_1_146' title='bbox 185 2775 370 2837; x_wconf 88' lang='lat' dir='ltr'>testimonio</span> <span class='ocrx_word' id='word_1_147' title='bbox 402 2775 534 2837; x_wconf 87' lang='lat' dir='ltr'>insede</span> <span class='ocrx_word' id='word_1_148' title='bbox 567 2791 673 2837; x_wconf 88' lang='lat' dir='ltr'>nostra</span> <span class='ocrx_word' id='word_1_149' title='bbox 706 2777 872 2858; x_wconf 86' lang='lat' dir='ltr'>judiciaria</span> <span class='ocrx_word' id='word_1_150' title='bbox 905 2777 989 2838; x_wconf 88' lang='lat' dir='ltr'>clare</span> <span class='ocrx_word' id='word_1_151' title='bbox 1013 2789 1044 2838; x_wconf 88' lang='lat' dir='ltr'>et</span> <span class='ocrx_word' id='word_1_152' title='bbox 1075 2775 1194 2838; x_wconf 89' lang='lat' dir='ltr'>seriose</span> <span class='ocrx_word' id='word_1_153' title='bbox 1226 2773 1450 2856; x_wconf 84' lang='lat' dir='ltr'>comprobavit</span> 
     </span>
     <span class='ocr_line' id='line_1_20' title="bbox 186 2879 1448 2964; baseline -0.002 -22"><span class='ocrx_word' id='word_1_154' title='bbox 186 2901 289 2943; x_wconf 88' lang='lat' dir='ltr'>coram</span> <span class='ocrx_word' id='word_1_155' title='bbox 315 2883 422 2959; x_wconf 89' lang='lat' dir='ltr'>nobis,</span> <span class='ocrx_word' id='word_1_156' title='bbox 447 2897 481 2943; x_wconf 91' lang='lat' dir='ltr'>ut</span> <span class='ocrx_word' id='word_1_157' title='bbox 505 2881 582 2944; x_wconf 91' lang='lat' dir='ltr'>dnm</span> <span class='ocrx_word' id='word_1_158' title='bbox 615 2883 749 2964; x_wconf 90' lang='lat' dir='ltr'>provida</span> <span class='ocrx_word' id='word_1_159' title='bbox 780 2883 918 2944; x_wconf 90' lang='lat' dir='ltr'>condam</span> <span class='ocrx_word' id='word_1_160' title='bbox 952 2883 1070 2944; x_wconf 89' lang='lat' dir='ltr'>mulier</span> <span class='ocrx_word' id='word_1_161' title='bbox 1097 2879 1297 2964; x_wconf 84' lang='lat' dir='ltr'>Margaretha</span> <span class='ocrx_word' id='word_1_162' title='bbox 1323 2893 1448 2957; x_wconf 88' lang='lat' dir='ltr'>vocata,</span> 
     </span>
     <span class='ocr_line' id='line_1_21' title="bbox 187 2985 1448 3071; baseline -0.001 -24"><span class='ocrx_word' id='word_1_163' title='bbox 187 2988 291 3049; x_wconf 91' lang='lat' dir='ltr'>relicta</span> <span class='ocrx_word' id='word_1_164' title='bbox 316 2988 457 3049; x_wconf 89' lang='lat' dir='ltr'>condam</span> <span class='ocrx_word' id='word_1_165' title='bbox 483 2987 638 3050; x_wconf 87' lang='lat' dir='ltr'>lobannis</span> <span class='ocrx_word' id='word_1_166' title='bbox 663 2989 742 3051; x_wconf 86' lang='lat' dir='ltr'>fabri</span> <span class='ocrx_word' id='word_1_167' title='bbox 768 2989 844 3050; x_wconf 90' lang='lat' dir='ltr'>dicti</span> <span class='ocrx_word' id='word_1_168' title='bbox 873 3009 1002 3071; x_wconf 86' lang='lat' dir='ltr'>sporar,</span> <span class='ocrx_word' id='word_1_169' title='bbox 1035 2988 1090 3050; x_wconf 88' lang='lat' dir='ltr'>filii</span> <span class='ocrx_word' id='word_1_170' title='bbox 1117 2987 1254 3050; x_wconf 89' lang='lat' dir='ltr'>condam</span> <span class='ocrx_word' id='word_1_171' title='bbox 1279 2985 1384 3068; x_wconf 81' lang='lat' dir='ltr'>(deest)</span> <span class='ocrx_word' id='word_1_172' title='bbox 1408 2985 1448 3047; x_wconf 90' lang='lat' dir='ltr'>de</span> 
     </span>
     <span class='ocr_line' id='line_1_22' title="bbox 187 3079 1446 3179; baseline -0.002 -25"><span class='ocrx_word' id='word_1_173' title='bbox 187 3093 321 3157; x_wconf 88' lang='lat' dir='ltr'>Brezecz</span> <span class='ocrx_word' id='word_1_174' title='bbox 346 3095 379 3155; x_wconf 94' lang='lat' dir='ltr'>in</span> <span class='ocrx_word' id='word_1_175' title='bbox 397 3079 547 3156; x_wconf 86' lang='lat' dir='ltr'>extremis</span> <span class='ocrx_word' id='word_1_176' title='bbox 562 3097 626 3158; x_wconf 88' lang='lat' dir='ltr'>vite</span> <span class='ocrx_word' id='word_1_177' title='bbox 644 3115 700 3158; x_wconf 84' lang='lat' dir='ltr'>sue</span> <span class='ocrx_word' id='word_1_178' title='bbox 723 3097 911 3179; x_wconf 89' lang='lat' dir='ltr'>temporalis</span> <span class='ocrx_word' id='word_1_179' title='bbox 927 3097 1113 3174; x_wconf 85' lang='lat' dir='ltr'>laborasset,</span> <span class='ocrx_word' id='word_1_180' title='bbox 1134 3108 1210 3157; x_wconf 90' lang='lat' dir='ltr'>tunc</span> <span class='ocrx_word' id='word_1_181' title='bbox 1229 3095 1296 3177; x_wconf 86' lang='lat' dir='ltr'>ipsa</span> <span class='ocrx_word' id='word_1_182' title='bbox 1313 3093 1446 3155; x_wconf 89' lang='lat' dir='ltr'>domum</span> 
     </span>
     <span class='ocr_line' id='line_1_23' title="bbox 186 3203 1446 3281; baseline -0.002 -19"><span class='ocrx_word' id='word_1_183' title='bbox 186 3213 216 3262; x_wconf 93' lang='lat' dir='ltr'>et</span> <span class='ocrx_word' id='word_1_184' title='bbox 238 3203 365 3263; x_wconf 84' lang='lat' dir='ltr'>vineam</span> <span class='ocrx_word' id='word_1_185' title='bbox 390 3221 480 3263; x_wconf 87' lang='lat' dir='ltr'>suam</span> <span class='ocrx_word' id='word_1_186' title='bbox 505 3223 542 3264; x_wconf 89' lang='lat' dir='ltr'>ac</span> <span class='ocrx_word' id='word_1_187' title='bbox 565 3215 680 3266; x_wconf 90' lang='lat' dir='ltr'>terram</span> <span class='ocrx_word' id='word_1_188' title='bbox 705 3223 794 3264; x_wconf 92' lang='lat' dir='ltr'>suam</span> <span class='ocrx_word' id='word_1_189' title='bbox 813 3203 979 3281; x_wconf 87' lang='lat' dir='ltr'>arabilem,</span> <span class='ocrx_word' id='word_1_190' title='bbox 1003 3203 1138 3264; x_wconf 89' lang='lat' dir='ltr'>domum</span> <span class='ocrx_word' id='word_1_191' title='bbox 1163 3215 1193 3263; x_wconf 91' lang='lat' dir='ltr'>et</span> <span class='ocrx_word' id='word_1_192' title='bbox 1216 3213 1331 3262; x_wconf 88' lang='lat' dir='ltr'>terram</span> <span class='ocrx_word' id='word_1_193' title='bbox 1356 3217 1446 3260; x_wconf 91' lang='lat' dir='ltr'>suam</span> 
     </span>
     <span class='ocr_line' id='line_1_24' title="bbox 184 3307 1447 3389; baseline -0.001 -22"><span class='ocrx_word' id='word_1_194' title='bbox 184 3308 335 3368; x_wconf 86' lang='lat' dir='ltr'>arabilem</span> <span class='ocrx_word' id='word_1_195' title='bbox 362 3309 394 3368; x_wconf 92' lang='lat' dir='ltr'>in</span> <span class='ocrx_word' id='word_1_196' title='bbox 420 3307 503 3370; x_wconf 86' lang='lat' dir='ltr'>dicta</span> <span class='ocrx_word' id='word_1_197' title='bbox 528 3309 654 3372; x_wconf 89' lang='lat' dir='ltr'>civitate</span> <span class='ocrx_word' id='word_1_198' title='bbox 680 3324 709 3370; x_wconf 90' lang='lat' dir='ltr'>et</span> <span class='ocrx_word' id='word_1_199' title='bbox 734 3309 802 3372; x_wconf 89' lang='lat' dir='ltr'>eius</span> <span class='ocrx_word' id='word_1_200' title='bbox 826 3310 987 3371; x_wconf 89' lang='lat' dir='ltr'>territorio</span> <span class='ocrx_word' id='word_1_201' title='bbox 1018 3329 1054 3370; x_wconf 94' lang='lat' dir='ltr'>ac</span> <span class='ocrx_word' id='word_1_202' title='bbox 1079 3327 1193 3389; x_wconf 89' lang='lat' dir='ltr'>campo</span> <span class='ocrx_word' id='word_1_203' title='bbox 1224 3307 1377 3384; x_wconf 87' lang='lat' dir='ltr'>habitam,</span> <span class='ocrx_word' id='word_1_204' title='bbox 1404 3307 1447 3366; x_wconf 85' lang='lat' dir='ltr'>vi·</span> 
     </span>
     <span class='ocr_line' id='line_1_25' title="bbox 185 3415 1447 3493; baseline -0.002 -20"><span class='ocrx_word' id='word_1_205' title='bbox 185 3431 274 3475; x_wconf 89' lang='lat' dir='ltr'>neam</span> <span class='ocrx_word' id='word_1_206' title='bbox 300 3433 379 3474; x_wconf 87' lang='lat' dir='ltr'>vero</span> <span class='ocrx_word' id='word_1_207' title='bbox 404 3415 436 3475; x_wconf 89' lang='lat' dir='ltr'>in</span> <span class='ocrx_word' id='word_1_208' title='bbox 461 3417 621 3477; x_wconf 90' lang='lat' dir='ltr'>territorio</span> <span class='ocrx_word' id='word_1_209' title='bbox 646 3417 705 3477; x_wconf 91' lang='lat' dir='ltr'>vici</span> <span class='ocrx_word' id='word_1_210' title='bbox 733 3416 921 3478; x_wconf 87' lang='lat' dir='ltr'>Latinorum</span> <span class='ocrx_word' id='word_1_211' title='bbox 947 3415 1101 3493; x_wconf 91' lang='lat' dir='ltr'>habitam,</span> <span class='ocrx_word' id='word_1_212' title='bbox 1126 3434 1161 3475; x_wconf 92' lang='lat' dir='ltr'>ac</span> <span class='ocrx_word' id='word_1_213' title='bbox 1187 3427 1308 3474; x_wconf 89' lang='lat' dir='ltr'>ceteras</span> <span class='ocrx_word' id='word_1_214' title='bbox 1333 3431 1447 3473; x_wconf 89' lang='lat' dir='ltr'>omnes</span> 
     </span>
     <span class='ocr_line' id='line_1_26' title="bbox 185 3517 1445 3604; baseline -0.002 -23"><span class='ocrx_word' id='word_1_215' title='bbox 185 3539 236 3581; x_wconf 83' lang='lat' dir='ltr'>res</span> <span class='ocrx_word' id='word_1_216' title='bbox 258 3534 287 3582; x_wconf 91' lang='lat' dir='ltr'>et</span> <span class='ocrx_word' id='word_1_217' title='bbox 304 3523 391 3582; x_wconf 87' lang='lat' dir='ltr'>bona</span> <span class='ocrx_word' id='word_1_218' title='bbox 410 3541 465 3582; x_wconf 89' lang='lat' dir='ltr'>sua</span> <span class='ocrx_word' id='word_1_219' title='bbox 491 3523 603 3603; x_wconf 88' lang='lat' dir='ltr'>quevis</span> <span class='ocrx_word' id='word_1_220' title='bbox 620 3523 678 3583; x_wconf 87' lang='lat' dir='ltr'>sibi</span> <span class='ocrx_word' id='word_1_221' title='bbox 697 3537 728 3583; x_wconf 84' lang='lat' dir='ltr'>et</span> <span class='ocrx_word' id='word_1_222' title='bbox 747 3522 907 3604; x_wconf 82' lang='lat' dir='ltr'>Gregorio</span> <span class='ocrx_word' id='word_1_223' title='bbox 924 3522 992 3584; x_wconf 89' lang='lat' dir='ltr'>filio</span> <span class='ocrx_word' id='word_1_224' title='bbox 1009 3541 1067 3583; x_wconf 89' lang='lat' dir='ltr'>suo</span> <span class='ocrx_word' id='word_1_225' title='bbox 1085 3541 1121 3583; x_wconf 93' lang='lat' dir='ltr'>ex</span> <span class='ocrx_word' id='word_1_226' title='bbox 1147 3521 1291 3602; x_wconf 90' lang='lat' dir='ltr'>predicto</span> <span class='ocrx_word' id='word_1_227' title='bbox 1308 3517 1445 3580; x_wconf 90' lang='lat' dir='ltr'>condam</span> 
     </span>
     <span class='ocr_line' id='line_1_27' title="bbox 184 3625 1444 3711; baseline -0.001 -24"><span class='ocrx_word' id='word_1_228' title='bbox 184 3625 327 3688; x_wconf 82' lang='lat' dir='ltr'>iohanne</span> <span class='ocrx_word' id='word_1_229' title='bbox 353 3625 446 3689; x_wconf 87' lang='lat' dir='ltr'>fabro</span> <span class='ocrx_word' id='word_1_230' title='bbox 471 3627 627 3710; x_wconf 85' lang='lat' dir='ltr'>legittime</span> <span class='ocrx_word' id='word_1_231' title='bbox 653 3630 834 3711; x_wconf 89' lang='lat' dir='ltr'>progenito,</span> <span class='ocrx_word' id='word_1_232' title='bbox 864 3649 919 3711; x_wconf 91' lang='lat' dir='ltr'>per</span> <span class='ocrx_word' id='word_1_233' title='bbox 951 3629 1089 3690; x_wconf 89' lang='lat' dir='ltr'>eundem</span> <span class='ocrx_word' id='word_1_234' title='bbox 1115 3628 1295 3689; x_wconf 82' lang='lat' dir='ltr'>iohannem</span> <span class='ocrx_word' id='word_1_235' title='bbox 1320 3625 1444 3687; x_wconf 84' lang='lat' dir='ltr'>fabrum</span> 
     </span>
     <span class='ocr_line' id='line_1_28' title="bbox 183 3732 1445 3815; baseline 0 -23"><span class='ocrx_word' id='word_1_236' title='bbox 183 3734 447 3796; x_wconf 86' lang='lat' dir='ltr'>testamentaliter</span> <span class='ocrx_word' id='word_1_237' title='bbox 471 3735 602 3814; x_wconf 84' lang='lat' dir='ltr'>legatas,</span> <span class='ocrx_word' id='word_1_238' title='bbox 627 3755 699 3796; x_wconf 91' lang='lat' dir='ltr'>cum</span> <span class='ocrx_word' id='word_1_239' title='bbox 717 3737 869 3796; x_wconf 90' lang='lat' dir='ltr'>omnibus</span> <span class='ocrx_word' id='word_1_240' title='bbox 888 3755 997 3796; x_wconf 84' lang='lat' dir='ltr'>earum</span> <span class='ocrx_word' id='word_1_241' title='bbox 1015 3735 1207 3796; x_wconf 88' lang='lat' dir='ltr'>utilitatibus</span> <span class='ocrx_word' id='word_1_242' title='bbox 1231 3748 1261 3795; x_wconf 91' lang='lat' dir='ltr'>et</span> <span class='ocrx_word' id='word_1_243' title='bbox 1285 3732 1445 3815; x_wconf 90' lang='lat' dir='ltr'>pertinen-</span> 
     </span>
     <span class='ocr_line' id='line_1_29' title="bbox 183 3839 1445 3922; baseline 0.002 -24"><span class='ocrx_word' id='word_1_244' title='bbox 183 3839 242 3900; x_wconf 91' lang='lat' dir='ltr'>ciis</span> <span class='ocrx_word' id='word_1_245' title='bbox 264 3841 422 3902; x_wconf 87' lang='lat' dir='ltr'>universis</span> <span class='ocrx_word' id='word_1_246' title='bbox 446 3841 552 3903; x_wconf 89' lang='lat' dir='ltr'>eidem</span> <span class='ocrx_word' id='word_1_247' title='bbox 578 3840 736 3922; x_wconf 89' lang='lat' dir='ltr'>Gregorio</span> <span class='ocrx_word' id='word_1_248' title='bbox 761 3841 829 3904; x_wconf 89' lang='lat' dir='ltr'>filio</span> <span class='ocrx_word' id='word_1_249' title='bbox 853 3862 911 3904; x_wconf 87' lang='lat' dir='ltr'>suo</span> <span class='ocrx_word' id='word_1_250' title='bbox 934 3862 971 3903; x_wconf 91' lang='lat' dir='ltr'>eo</span> <span class='ocrx_word' id='word_1_251' title='bbox 997 3841 1096 3903; x_wconf 92' lang='lat' dir='ltr'>modo</span> <span class='ocrx_word' id='word_1_252' title='bbox 1121 3841 1256 3922; x_wconf 86' lang='lat' dir='ltr'>legasset</span> <span class='ocrx_word' id='word_1_253' title='bbox 1280 3840 1445 3922; x_wconf 89' lang='lat' dir='ltr'>possiden-</span> 
     </span>
     <span class='ocr_line' id='line_1_30' title="bbox 183 3945 1444 4031; baseline 0.002 -27"><span class='ocrx_word' id='word_1_254' title='bbox 183 3945 252 4024; x_wconf 85' lang='lat' dir='ltr'>das,</span> <span class='ocrx_word' id='word_1_255' title='bbox 275 3962 308 4008; x_wconf 90' lang='lat' dir='ltr'>ut</span> <span class='ocrx_word' id='word_1_256' title='bbox 331 3948 357 4009; x_wconf 89' lang='lat' dir='ltr'>si</span> <span class='ocrx_word' id='word_1_257' title='bbox 385 3948 452 4029; x_wconf 90' lang='lat' dir='ltr'>ipse</span> <span class='ocrx_word' id='word_1_258' title='bbox 478 3945 655 4028; x_wconf 87' lang='lat' dir='ltr'>Gregorius</span> <span class='ocrx_word' id='word_1_259' title='bbox 687 3948 771 4010; x_wconf 89' lang='lat' dir='ltr'>filius</span> <span class='ocrx_word' id='word_1_260' title='bbox 796 3949 938 4031; x_wconf 91' lang='lat' dir='ltr'>ipsorum</span> <span class='ocrx_word' id='word_1_261' title='bbox 972 3948 1127 4009; x_wconf 85' lang='lat' dir='ltr'>lobannis</span> <span class='ocrx_word' id='word_1_262' title='bbox 1159 3947 1239 4008; x_wconf 86' lang='lat' dir='ltr'>labri</span> <span class='ocrx_word' id='word_1_263' title='bbox 1265 3961 1296 4008; x_wconf 93' lang='lat' dir='ltr'>et</span> <span class='ocrx_word' id='word_1_264' title='bbox 1322 3947 1444 4026; x_wconf 87' lang='lat' dir='ltr'>Marga-</span> 
     </span>
     <span class='ocr_line' id='line_1_31' title="bbox 183 4051 1444 4136; baseline 0 -23"><span class='ocrx_word' id='word_1_265' title='bbox 183 4051 271 4114; x_wconf 89' lang='lat' dir='ltr'>rethe</span> <span class='ocrx_word' id='word_1_266' title='bbox 295 4053 441 4115; x_wconf 89' lang='lat' dir='ltr'>mulieris</span> <span class='ocrx_word' id='word_1_267' title='bbox 465 4055 504 4115; x_wconf 92' lang='lat' dir='ltr'>ad</span> <span class='ocrx_word' id='word_1_268' title='bbox 529 4067 687 4116; x_wconf 89' lang='lat' dir='ltr'>maturam</span> <span class='ocrx_word' id='word_1_269' title='bbox 713 4071 743 4116; x_wconf 91' lang='lat' dir='ltr'>et</span> <span class='ocrx_word' id='word_1_270' title='bbox 768 4055 1039 4117; x_wconf 86' lang='lat' dir='ltr'>matrimonialem</span> <span class='ocrx_word' id='word_1_271' title='bbox 1061 4075 1151 4116; x_wconf 87' lang='lat' dir='ltr'>suam</span> <span class='ocrx_word' id='word_1_272' title='bbox 1176 4054 1357 4136; x_wconf 89' lang='lat' dir='ltr'>pervenerit</span> <span class='ocrx_word' id='word_1_273' title='bbox 1381 4067 1444 4113; x_wconf 88' lang='lat' dir='ltr'>eta·</span> 
     </span>
     <span class='ocr_line' id='line_1_32' title="bbox 181 4161 1443 4244; baseline 0.001 -25"><span class='ocrx_word' id='word_1_274' title='bbox 181 4172 260 4236; x_wconf 87' lang='lat' dir='ltr'>tem,</span> <span class='ocrx_word' id='word_1_275' title='bbox 282 4173 357 4221; x_wconf 92' lang='lat' dir='ltr'>tunc</span> <span class='ocrx_word' id='word_1_276' title='bbox 391 4161 534 4242; x_wconf 84' lang='lat' dir='ltr'>predicte</span> <span class='ocrx_word' id='word_1_277' title='bbox 558 4176 621 4222; x_wconf 91' lang='lat' dir='ltr'>tres</span> <span class='ocrx_word' id='word_1_278' title='bbox 653 4163 869 4244; x_wconf 88' lang='lat' dir='ltr'>possessiones</span> <span class='ocrx_word' id='word_1_279' title='bbox 900 4161 1049 4224; x_wconf 89' lang='lat' dir='ltr'>videlicet</span> <span class='ocrx_word' id='word_1_280' title='bbox 1080 4162 1196 4222; x_wconf 91' lang='lat' dir='ltr'>dornus</span> <span class='ocrx_word' id='word_1_281' title='bbox 1227 4177 1258 4222; x_wconf 91' lang='lat' dir='ltr'>et</span> <span class='ocrx_word' id='word_1_282' title='bbox 1282 4175 1374 4239; x_wconf 91' lang='lat' dir='ltr'>terra,</span> <span class='ocrx_word' id='word_1_283' title='bbox 1399 4161 1443 4220; x_wconf 89' lang='lat' dir='ltr'>vi·</span> 
     </span>
     <span class='ocr_line' id='line_1_33' title="bbox 181 4267 1443 4350; baseline 0.002 -24"><span class='ocrx_word' id='word_1_284' title='bbox 181 4285 307 4347; x_wconf 89' lang='lat' dir='ltr'>neaque</span> <span class='ocrx_word' id='word_1_285' title='bbox 332 4281 363 4328; x_wconf 85' lang='lat' dir='ltr'>et</span> <span class='ocrx_word' id='word_1_286' title='bbox 388 4267 472 4328; x_wconf 92' lang='lat' dir='ltr'>dicte</span> <span class='ocrx_word' id='word_1_287' title='bbox 497 4267 559 4329; x_wconf 90' lang='lat' dir='ltr'>alie</span> <span class='ocrx_word' id='word_1_288' title='bbox 591 4289 639 4330; x_wconf 91' lang='lat' dir='ltr'>res</span> <span class='ocrx_word' id='word_1_289' title='bbox 664 4283 694 4331; x_wconf 91' lang='lat' dir='ltr'>et</span> <span class='ocrx_word' id='word_1_290' title='bbox 720 4270 803 4330; x_wconf 92' lang='lat' dir='ltr'>bona</span> <span class='ocrx_word' id='word_1_291' title='bbox 837 4270 895 4350; x_wconf 89' lang='lat' dir='ltr'>ipsi</span> <span class='ocrx_word' id='word_1_292' title='bbox 930 4268 1088 4350; x_wconf 86' lang='lat' dir='ltr'>Gregorio</span> <span class='ocrx_word' id='word_1_293' title='bbox 1113 4267 1179 4329; x_wconf 87' lang='lat' dir='ltr'>tilio</span> <span class='ocrx_word' id='word_1_294' title='bbox 1211 4268 1294 4329; x_wconf 90' lang='lat' dir='ltr'>dicte</span> <span class='ocrx_word' id='word_1_295' title='bbox 1319 4267 1443 4348; x_wconf 86' lang='lat' dir='ltr'>Marga-</span> 
     </span>
     <span class='ocr_line' id='line_1_34' title="bbox 180 4371 1443 4456; baseline 0.002 -24"><span class='ocrx_word' id='word_1_296' title='bbox 180 4371 273 4434; x_wconf 89' lang='lat' dir='ltr'>rethe</span> <span class='ocrx_word' id='word_1_297' title='bbox 289 4373 433 4434; x_wconf 87' lang='lat' dir='ltr'>mulieris</span> <span class='ocrx_word' id='word_1_298' title='bbox 457 4393 494 4434; x_wconf 90' lang='lat' dir='ltr'>ex</span> <span class='ocrx_word' id='word_1_299' title='bbox 512 4373 677 4456; x_wconf 89' lang='lat' dir='ltr'>legacione</span> <span class='ocrx_word' id='word_1_300' title='bbox 696 4375 795 4456; x_wconf 89' lang='lat' dir='ltr'>ipsius</span> <span class='ocrx_word' id='word_1_301' title='bbox 814 4376 1052 4436; x_wconf 87' lang='lat' dir='ltr'>testamentaria</span> <span class='ocrx_word' id='word_1_302' title='bbox 1070 4388 1272 4436; x_wconf 88' lang='lat' dir='ltr'>remanerent</span> <span class='ocrx_word' id='word_1_303' title='bbox 1289 4389 1443 4456; x_wconf 89' lang='lat' dir='ltr'>perpetuo</span> 
     </span>
     <span class='ocr_line' id='line_1_35' title="bbox 180 4479 1442 4563; baseline 0.002 -23"><span class='ocrx_word' id='word_1_304' title='bbox 180 4479 375 4561; x_wconf 85' lang='lat' dir='ltr'>possidende</span> <span class='ocrx_word' id='word_1_305' title='bbox 409 4495 440 4543; x_wconf 92' lang='lat' dir='ltr'>et</span> <span class='ocrx_word' id='word_1_306' title='bbox 472 4481 780 4563; x_wconf 90' lang='lat' dir='ltr'>quomodocumque</span> <span class='ocrx_word' id='word_1_307' title='bbox 812 4482 951 4544; x_wconf 87' lang='lat' dir='ltr'>voluerit</span> <span class='ocrx_word' id='word_1_308' title='bbox 984 4481 1183 4563; x_wconf 91' lang='lat' dir='ltr'>disponende</span> <span class='ocrx_word' id='word_1_309' title='bbox 1216 4481 1300 4562; x_wconf 85' lang='lat' dir='ltr'>juxta</span> <span class='ocrx_word' id='word_1_310' title='bbox 1333 4481 1442 4542; x_wconf 92' lang='lat' dir='ltr'>condi-</span> 
     </span>
     <span class='ocr_line' id='line_1_36' title="bbox 179 4585 1442 4672; baseline 0.002 -25"><span class='ocrx_word' id='word_1_311' title='bbox 179 4585 310 4648; x_wconf 91' lang='lat' dir='ltr'>cionem</span> <span class='ocrx_word' id='word_1_312' title='bbox 334 4587 471 4648; x_wconf 87' lang='lat' dir='ltr'>civitatis</span> <span class='ocrx_word' id='word_1_313' title='bbox 490 4601 674 4669; x_wconf 86' lang='lat' dir='ltr'>prenotate;</span> <span class='ocrx_word' id='word_1_314' title='bbox 698 4590 722 4649; x_wconf 90' lang='lat' dir='ltr'>si</span> <span class='ocrx_word' id='word_1_315' title='bbox 741 4601 846 4650; x_wconf 91' lang='lat' dir='ltr'>autem</span> <span class='ocrx_word' id='word_1_316' title='bbox 873 4589 1015 4670; x_wconf 92' lang='lat' dir='ltr'>predicto</span> <span class='ocrx_word' id='word_1_317' title='bbox 1034 4589 1191 4670; x_wconf 89' lang='lat' dir='ltr'>Gregorio</span> <span class='ocrx_word' id='word_1_318' title='bbox 1217 4588 1284 4650; x_wconf 89' lang='lat' dir='ltr'>filio</span> <span class='ocrx_word' id='word_1_319' title='bbox 1301 4590 1442 4672; x_wconf 88' lang='lat' dir='ltr'>ipsorum</span> 
     </span>
     <span class='ocr_line' id='line_1_37' title="bbox 178 4693 1442 4778; baseline 0.002 -24"><span class='ocrx_word' id='word_1_320' title='bbox 178 4693 337 4756; x_wconf 87' lang='lat' dir='ltr'>lobannis</span> <span class='ocrx_word' id='word_1_321' title='bbox 362 4694 443 4756; x_wconf 85' lang='lat' dir='ltr'>labri</span> <span class='ocrx_word' id='word_1_322' title='bbox 470 4708 500 4756; x_wconf 90' lang='lat' dir='ltr'>et</span> <span class='ocrx_word' id='word_1_323' title='bbox 525 4695 725 4776; x_wconf 88' lang='lat' dir='ltr'>Margarethe</span> <span class='ocrx_word' id='word_1_324' title='bbox 750 4696 894 4757; x_wconf 88' lang='lat' dir='ltr'>mulieris</span> <span class='ocrx_word' id='word_1_325' title='bbox 926 4709 999 4758; x_wconf 92' lang='lat' dir='ltr'>ante</span> <span class='ocrx_word' id='word_1_326' title='bbox 1024 4711 1150 4778; x_wconf 92' lang='lat' dir='ltr'>tempus</span> <span class='ocrx_word' id='word_1_327' title='bbox 1173 4697 1272 4778; x_wconf 91' lang='lat' dir='ltr'>ipsius</span> <span class='ocrx_word' id='word_1_328' title='bbox 1296 4717 1352 4758; x_wconf 88' lang='lat' dir='ltr'>sue</span> <span class='ocrx_word' id='word_1_329' title='bbox 1377 4717 1442 4757; x_wconf 91' lang='lat' dir='ltr'>ma-</span> 
     </span>
     <span class='ocr_line' id='line_1_38' title="bbox 177 4801 1441 4885; baseline 0.003 -25"><span class='ocrx_word' id='word_1_330' title='bbox 177 4813 252 4860; x_wconf 88' lang='lat' dir='ltr'>ture</span> <span class='ocrx_word' id='word_1_331' title='bbox 277 4815 308 4862; x_wconf 89' lang='lat' dir='ltr'>et</span> <span class='ocrx_word' id='word_1_332' title='bbox 329 4801 575 4862; x_wconf 85' lang='lat' dir='ltr'>matrimonialia</span> <span class='ocrx_word' id='word_1_333' title='bbox 599 4803 690 4865; x_wconf 86' lang='lat' dir='ltr'>etatis</span> <span class='ocrx_word' id='word_1_334' title='bbox 714 4803 795 4863; x_wconf 90' lang='lat' dir='ltr'>mori</span> <span class='ocrx_word' id='word_1_335' title='bbox 827 4803 1007 4883; x_wconf 87' lang='lat' dir='ltr'>contigerit,</span> <span class='ocrx_word' id='word_1_336' title='bbox 1039 4819 1114 4865; x_wconf 89' lang='lat' dir='ltr'>tunc</span> <span class='ocrx_word' id='word_1_337' title='bbox 1139 4804 1295 4885; x_wconf 91' lang='lat' dir='ltr'>predictas</span> <span class='ocrx_word' id='word_1_338' title='bbox 1320 4823 1441 4883; x_wconf 88' lang='lat' dir='ltr'>posses-</span> 
     </span>
     <span class='ocr_line' id='line_1_39' title="bbox 177 4908 1441 4991; baseline 0.002 -23"><span class='ocrx_word' id='word_1_339' title='bbox 177 4909 291 4968; x_wconf 84' lang='lat' dir='ltr'>siones</span> <span class='ocrx_word' id='word_1_340' title='bbox 313 4922 386 4986; x_wconf 91' lang='lat' dir='ltr'>tres,</span> <span class='ocrx_word' id='word_1_341' title='bbox 404 4908 550 4986; x_wconf 87' lang='lat' dir='ltr'>domum,</span> <span class='ocrx_word' id='word_1_342' title='bbox 574 4923 690 4971; x_wconf 83' lang='lat' dir='ltr'>terrant</span> <span class='ocrx_word' id='word_1_343' title='bbox 710 4927 740 4971; x_wconf 88' lang='lat' dir='ltr'>et</span> <span class='ocrx_word' id='word_1_344' title='bbox 760 4910 884 4970; x_wconf 88' lang='lat' dir='ltr'>vineam</span> <span class='ocrx_word' id='word_1_345' title='bbox 909 4929 945 4971; x_wconf 88' lang='lat' dir='ltr'>ac</span> <span class='ocrx_word' id='word_1_346' title='bbox 969 4911 1047 4971; x_wconf 90' lang='lat' dir='ltr'>alias</span> <span class='ocrx_word' id='word_1_347' title='bbox 1065 4931 1112 4970; x_wconf 87' lang='lat' dir='ltr'>res</span> <span class='ocrx_word' id='word_1_348' title='bbox 1137 4925 1166 4971; x_wconf 89' lang='lat' dir='ltr'>et</span> <span class='ocrx_word' id='word_1_349' title='bbox 1192 4912 1273 4970; x_wconf 86' lang='lat' dir='ltr'>bona</span> <span class='ocrx_word' id='word_1_350' title='bbox 1301 4911 1441 4991; x_wconf 87' lang='lat' dir='ltr'>ipsorum</span> 
     </span>
     <span class='ocr_line' id='line_1_40' title="bbox 177 5017 1440 5099; baseline -0.001 -21"><span class='ocrx_word' id='word_1_351' title='bbox 177 5017 337 5080; x_wconf 86' lang='lat' dir='ltr'>lobannis</span> <span class='ocrx_word' id='word_1_352' title='bbox 368 5017 449 5080; x_wconf 85' lang='lat' dir='ltr'>fabri</span> <span class='ocrx_word' id='word_1_353' title='bbox 473 5033 504 5080; x_wconf 90' lang='lat' dir='ltr'>et</span> <span class='ocrx_word' id='word_1_354' title='bbox 538 5017 736 5098; x_wconf 89' lang='lat' dir='ltr'>Margarethe</span> <span class='ocrx_word' id='word_1_355' title='bbox 770 5019 914 5079; x_wconf 89' lang='lat' dir='ltr'>mulieris</span> <span class='ocrx_word' id='word_1_356' title='bbox 946 5038 982 5079; x_wconf 90' lang='lat' dir='ltr'>ex</span> <span class='ocrx_word' id='word_1_357' title='bbox 1015 5019 1179 5099; x_wconf 88' lang='lat' dir='ltr'>legacione</span> <span class='ocrx_word' id='word_1_358' title='bbox 1204 5018 1440 5079; x_wconf 87' lang='lat' dir='ltr'>testamentaria</span> 
     </span>
    </p>
   </div>
   <div class='ocr_carea' id='block_1_5' title="bbox 0 0 1874 5786">
    <p class='ocr_par' dir='ltr' id='par_1_5' title="bbox 0 0 1874 5786">
     <span class='ocr_line' id='line_1_41' title="bbox 0 0 1874 5786; baseline 0 5"><span class='ocrx_word' id='word_1_359' title='bbox 0 0 1874 5786; x_wconf 95' lang='lat' dir='ltr'> </span> 
     </span>
    </p>
   </div>
  </div>
 </body>
</html>
