<?xml version="1.0" encoding="UTF-8"?>
<!DOCTYPE html PUBLIC "-//W3C//DTD XHTML 1.0 Transitional//EN"
    "http://www.w3.org/TR/xhtml1/DTD/xhtml1-transitional.dtd">
<html xmlns="http://www.w3.org/1999/xhtml" xml:lang="en" lang="en">
 <head>
  <title>
</title>
<meta http-equiv="Content-Type" content="text/html;charset=utf-8" />
  <meta name='ocr-system' content='tesseract 3.04.00' />
  <meta name='ocr-capabilities' content='ocr_page ocr_carea ocr_par ocr_line ocrx_word'/>
</head>
<body>
  <div class='ocr_page' id='page_1' title='image "./monumentahistor13laszgoog_0088.png"; bbox 0 0 3818 5786; ppageno 0'>
   <div class='ocr_carea' id='block_1_1' title="bbox 409 533 1673 1042">
    <p class='ocr_par' dir='ltr' id='par_1_1' title="bbox 409 533 1673 1042">
     <span class='ocr_line' id='line_1_1' title="bbox 794 533 1283 609; baseline 0.008 -19"><span class='ocrx_word' id='word_1_1' title='bbox 794 534 880 590; x_wconf 82' lang='lat' dir='ltr'>Anno</span> <span class='ocrx_word' id='word_1_2' title='bbox 903 544 992 609; x_wconf 79' lang='lat'><em>1452.</em></span> <span class='ocrx_word' id='word_1_3' title='bbox 1021 567 1060 574; x_wconf 91' lang='lat'>-—</span> <span class='ocrx_word' id='word_1_4' title='bbox 1083 543 1112 609; x_wconf 90' lang='lat'>7.</span> <span class='ocrx_word' id='word_1_5' title='bbox 1129 533 1283 608; x_wconf 65' lang='lat' dir='ltr'>lornarii.</span> 
     </span>
     <span class='ocr_line' id='line_1_2' title="bbox 517 743 1673 824; baseline -0.003 -18"><span class='ocrx_word' id='word_1_6' title='bbox 517 745 595 807; x_wconf 87' lang='lat' dir='ltr'><strong>Item</strong></span> <span class='ocrx_word' id='word_1_7' title='bbox 626 747 771 808; x_wconf 85' lang='lat' dir='ltr'>Andreas</span> <span class='ocrx_word' id='word_1_8' title='bbox 800 759 901 808; x_wconf 81' lang='lat' dir='ltr'>sartor</span> <span class='ocrx_word' id='word_1_9' title='bbox 933 745 1108 808; x_wconf 91' lang='lat' dir='ltr'>Zernchich</span> <span class='ocrx_word' id='word_1_10' title='bbox 1141 757 1250 806; x_wconf 89' lang='lat' dir='ltr'>contra</span> <span class='ocrx_word' id='word_1_11' title='bbox 1284 743 1446 806; x_wconf 87' lang='lat' dir='ltr'>Thomam</span> <span class='ocrx_word' id='word_1_12' title='bbox 1482 743 1673 824; x_wconf 85' lang='lat' dir='ltr'>sreniparern</span> 
     </span>
     <span class='ocr_line' id='line_1_3' title="bbox 409 849 1673 935; baseline -0.003 -21"><span class='ocrx_word' id='word_1_13' title='bbox 409 851 532 914; x_wconf 91' lang='lat' dir='ltr'>dictum</span> <span class='ocrx_word' id='word_1_14' title='bbox 556 852 750 935; x_wconf 81' lang='lat' dir='ltr'>Zeleznyalr‚</span> <span class='ocrx_word' id='word_1_15' title='bbox 775 871 812 913; x_wconf 85' lang='lat' dir='ltr'>ex</span> <span class='ocrx_word' id='word_1_16' title='bbox 837 871 887 931; x_wconf 83' lang='lat' dir='ltr'>en,</span> <span class='ocrx_word' id='word_1_17' title='bbox 916 853 990 933; x_wconf 90' lang='lat' dir='ltr'>quia</span> <span class='ocrx_word' id='word_1_18' title='bbox 1025 852 1092 934; x_wconf 92' lang='lat' dir='ltr'>ipse</span> <span class='ocrx_word' id='word_1_19' title='bbox 1124 851 1269 912; x_wconf 83' lang='lat' dir='ltr'>Andreas</span> <span class='ocrx_word' id='word_1_20' title='bbox 1293 863 1393 912; x_wconf 80' lang='lat' dir='ltr'>sartor</span> <span class='ocrx_word' id='word_1_21' title='bbox 1424 850 1543 932; x_wconf 88' lang='lat' dir='ltr'>incepit</span> <span class='ocrx_word' id='word_1_22' title='bbox 1567 849 1673 932; x_wconf 90' lang='lat' dir='ltr'>ipsum</span> 
     </span>
     <span class='ocr_line' id='line_1_4' title="bbox 411 956 1673 1042; baseline -0.002 -21"><span class='ocrx_word' id='word_1_23' title='bbox 411 959 574 1022; x_wconf 90' lang='lat' dir='ltr'>Thomam</span> <span class='ocrx_word' id='word_1_24' title='bbox 609 958 801 1042; x_wconf 87' lang='lat' dir='ltr'>freniparem</span> <span class='ocrx_word' id='word_1_25' title='bbox 833 958 1108 1041; x_wconf 88' lang='lat' dir='ltr'>proquibusdam</span> <span class='ocrx_word' id='word_1_26' title='bbox 1134 960 1246 1038; x_wconf 91' lang='lat' dir='ltr'>anetis,</span> <span class='ocrx_word' id='word_1_27' title='bbox 1279 959 1311 1021; x_wconf 90' lang='lat' dir='ltr'>in</span> <span class='ocrx_word' id='word_1_28' title='bbox 1343 958 1413 1021; x_wconf 86' lang='lat' dir='ltr'>loro</span> <span class='ocrx_word' id='word_1_29' title='bbox 1445 977 1501 1041; x_wconf 91' lang='lat' dir='ltr'>per</span> <span class='ocrx_word' id='word_1_30' title='bbox 1533 956 1673 1019; x_wconf 90' lang='lat' dir='ltr'>eundem</span> 
     </span>
    </p>
   </div>
   <div class='ocr_carea' id='block_1_2' title="bbox 409 1064 1673 1237">
    <p class='ocr_par' dir='ltr' id='par_1_2' title="bbox 409 1064 1673 1237">
     <span class='ocr_line' id='line_1_5' title="bbox 409 1064 1672 1149; baseline -0.002 -22"><span class='ocrx_word' id='word_1_31' title='bbox 409 1065 572 1127; x_wconf 87' lang='lat' dir='ltr'>Thomam</span> <span class='ocrx_word' id='word_1_32' title='bbox 593 1067 795 1149; x_wconf 89' lang='lat' dir='ltr'>comparatis,</span> <span class='ocrx_word' id='word_1_33' title='bbox 811 1080 975 1148; x_wconf 90' lang='lat' dir='ltr'>percutere</span> <span class='ocrx_word' id='word_1_34' title='bbox 993 1080 1023 1128; x_wconf 89' lang='lat' dir='ltr'>et</span> <span class='ocrx_word' id='word_1_35' title='bbox 1041 1085 1141 1147; x_wconf 91' lang='lat' dir='ltr'>usque</span> <span class='ocrx_word' id='word_1_36' title='bbox 1159 1065 1199 1127; x_wconf 94' lang='lat' dir='ltr'>ad</span> <span class='ocrx_word' id='word_1_37' title='bbox 1216 1066 1380 1147; x_wconf 85' lang='lat' dir='ltr'><strong>sanguinis</strong></span> <span class='ocrx_word' id='word_1_38' title='bbox 1395 1064 1585 1127; x_wconf 86' lang='lat' dir='ltr'>effusionem</span> <span class='ocrx_word' id='word_1_39' title='bbox 1602 1083 1672 1145; x_wconf 90' lang='lat' dir='ltr'>per-</span> 
     </span>
     <span class='ocr_line' id='line_1_6' title="bbox 409 1154 1673 1237; baseline -0.003 -21"><span class='ocrx_word' id='word_1_40' title='bbox 409 1155 506 1216; x_wconf 91' lang='lat' dir='ltr'>cussit</span> <span class='ocrx_word' id='word_1_41' title='bbox 530 1174 603 1216; x_wconf 89' lang='lat' dir='ltr'>cum</span> <span class='ocrx_word' id='word_1_42' title='bbox 630 1175 740 1237; x_wconf 90' lang='lat' dir='ltr'>pugno</span> <span class='ocrx_word' id='word_1_43' title='bbox 758 1174 873 1216; x_wconf 91' lang='lat' dir='ltr'>manus</span> <span class='ocrx_word' id='word_1_44' title='bbox 896 1175 964 1234; x_wconf 86' lang='lat' dir='ltr'>sue,</span> <span class='ocrx_word' id='word_1_45' title='bbox 983 1157 1135 1217; x_wconf 80' lang='lat' dir='ltr'>remansit</span> <span class='ocrx_word' id='word_1_46' title='bbox 1159 1155 1191 1216; x_wconf 93' lang='lat' dir='ltr'>in</span> <span class='ocrx_word' id='word_1_47' title='bbox 1209 1155 1349 1235; x_wconf 84' lang='lat' dir='ltr'>birsagio</span> <span class='ocrx_word' id='word_1_48' title='bbox 1366 1154 1477 1216; x_wconf 90' lang='lat' dir='ltr'>decem</span> <span class='ocrx_word' id='word_1_49' title='bbox 1502 1171 1673 1236; x_wconf 88' lang='lat' dir='ltr'>pensarum</span> 
     </span>
    </p>
   </div>
   <div class='ocr_carea' id='block_1_3' title="bbox 410 1259 1673 1343">
    <p class='ocr_par' dir='ltr' id='par_1_3' title="bbox 410 1259 1673 1343">
     <span class='ocr_line' id='line_1_7' title="bbox 410 1259 1673 1343; baseline -0.001 -21"><span class='ocrx_word' id='word_1_50' title='bbox 410 1261 617 1323; x_wconf 87' lang='lat' dir='ltr'>denariorum</span> <span class='ocrx_word' id='word_1_51' title='bbox 648 1281 705 1343; x_wconf 89' lang='lat' dir='ltr'>per</span> <span class='ocrx_word' id='word_1_52' title='bbox 729 1261 1005 1343; x_wconf 86' lang='lat' dir='ltr'>adjudicacionem</span> <span class='ocrx_word' id='word_1_53' title='bbox 1032 1261 1209 1343; x_wconf 86' lang='lat' dir='ltr'>juratorum</span> <span class='ocrx_word' id='word_1_54' title='bbox 1241 1260 1355 1323; x_wconf 88' lang='lat' dir='ltr'>ordine</span> <span class='ocrx_word' id='word_1_55' title='bbox 1379 1259 1457 1342; x_wconf 71' lang='lat' dir='ltr'>iuris</span> <span class='ocrx_word' id='word_1_56' title='bbox 1481 1259 1673 1341; x_wconf 83' lang='lat' dir='ltr'>requirente.</span> 
     </span>
    </p>
   </div>
   <div class='ocr_carea' id='block_1_4' title="bbox 475 1479 1600 1572">
    <p class='ocr_par' dir='ltr' id='par_1_4' title="bbox 475 1479 1600 1572">
     <span class='ocr_line' id='line_1_8' title="bbox 475 1479 1600 1572; baseline -0.001 -20"><span class='ocrx_word' id='word_1_57' title='bbox 475 1479 569 1553; x_wconf 78' lang='lat' dir='ltr'>lesia</span> <span class='ocrx_word' id='word_1_58' title='bbox 599 1489 696 1553; x_wconf 84' lang='lat' dir='ltr'>sexta</span> <span class='ocrx_word' id='word_1_59' title='bbox 725 1485 879 1572; x_wconf 84' lang='lat' dir='ltr'>proxima</span> <span class='ocrx_word' id='word_1_60' title='bbox 913 1489 990 1572; x_wconf 86' lang='lat' dir='ltr'>post</span> <span class='ocrx_word' id='word_1_61' title='bbox 1019 1483 1141 1555; x_wconf 87' lang='lat' dir='ltr'>lestnm</span> <span class='ocrx_word' id='word_1_62' title='bbox 1170 1481 1431 1572; x_wconf 86' lang='lat' dir='ltr'>Epiphaniarum</span> <span class='ocrx_word' id='word_1_63' title='bbox 1460 1481 1600 1552; x_wconf 85' lang='lat' dir='ltr'>Domini.</span> 
     </span>
    </p>
   </div>
   <div class='ocr_carea' id='block_1_5' title="bbox 829 1635 1257 1714">
    <p class='ocr_par' dir='ltr' id='par_1_5' title="bbox 829 1635 1257 1714">
     <span class='ocr_line' id='line_1_9' title="bbox 829 1635 1257 1714; baseline 0.002 -19"><span class='ocrx_word' id='word_1_64' title='bbox 829 1637 871 1713; x_wconf 79' lang='lat'>(7.</span> <span class='ocrx_word' id='word_1_65' title='bbox 888 1638 1039 1714; x_wconf 80' lang='lat' dir='ltr'>Jirnuorii,</span> <span class='ocrx_word' id='word_1_66' title='bbox 1062 1655 1132 1696; x_wconf 82' lang='lat' dir='ltr'>ann.</span> <span class='ocrx_word' id='word_1_67' title='bbox 1158 1635 1257 1714; x_wconf 72' lang='lat' dir='ltr'>I452).</span> 
     </span>
    </p>
   </div>
   <div class='ocr_carea' id='block_1_6' title="bbox 405 1776 1673 2924">
    <p class='ocr_par' dir='ltr' id='par_1_6' title="bbox 405 1776 1673 2924">
     <span class='ocr_line' id='line_1_10' title="bbox 514 1776 1672 1860; baseline -0.002 -23"><span class='ocrx_word' id='word_1_68' title='bbox 514 1777 591 1840; x_wconf 90' lang='lat' dir='ltr'>ltem</span> <span class='ocrx_word' id='word_1_69' title='bbox 618 1776 793 1858; x_wconf 87' lang='lat' dir='ltr'>Gregorius</span> <span class='ocrx_word' id='word_1_70' title='bbox 825 1777 989 1860; x_wconf 84' lang='lat' dir='ltr'>Wythecz</span> <span class='ocrx_word' id='word_1_71' title='bbox 1023 1797 1121 1860; x_wconf 89' lang='lat' dir='ltr'>penes</span> <span class='ocrx_word' id='word_1_72' title='bbox 1150 1776 1390 1859; x_wconf 88' lang='lat' dir='ltr'>percussionem</span> <span class='ocrx_word' id='word_1_73' title='bbox 1423 1794 1513 1836; x_wconf 90' lang='lat' dir='ltr'>suam</span> <span class='ocrx_word' id='word_1_74' title='bbox 1546 1789 1577 1836; x_wconf 94' lang='lat' dir='ltr'>et</span> <span class='ocrx_word' id='word_1_75' title='bbox 1600 1794 1672 1836; x_wconf 93' lang='lat' dir='ltr'>san·</span> 
     </span>
     <span class='ocr_line' id='line_1_11' title="bbox 407 1881 1671 1965; baseline -0.002 -22"><span class='ocrx_word' id='word_1_76' title='bbox 407 1883 514 1963; x_wconf 91' lang='lat' dir='ltr'>guinis</span> <span class='ocrx_word' id='word_1_77' title='bbox 539 1882 728 1946; x_wconf 87' lang='lat' dir='ltr'>effusionem</span> <span class='ocrx_word' id='word_1_78' title='bbox 752 1885 980 1948; x_wconf 90' lang='lat' dir='ltr'>secundusmet</span> <span class='ocrx_word' id='word_1_79' title='bbox 1004 1897 1119 1946; x_wconf 84' lang='lat' dir='ltr'>octavo</span> <span class='ocrx_word' id='word_1_80' title='bbox 1148 1883 1199 1946; x_wconf 90' lang='lat' dir='ltr'>die</span> <span class='ocrx_word' id='word_1_81' title='bbox 1223 1903 1318 1965; x_wconf 89' lang='lat' dir='ltr'>super</span> <span class='ocrx_word' id='word_1_82' title='bbox 1341 1901 1430 1943; x_wconf 89' lang='lat' dir='ltr'>aram</span> <span class='ocrx_word' id='word_1_83' title='bbox 1454 1881 1558 1962; x_wconf 88' lang='lat' dir='ltr'>jurare</span> <span class='ocrx_word' id='word_1_84' title='bbox 1582 1894 1671 1944; x_wconf 90' lang='lat' dir='ltr'>tene-</span> 
     </span>
     <span class='ocr_line' id='line_1_12' title="bbox 407 1985 1672 2072; baseline -0.002 -22"><span class='ocrx_word' id='word_1_85' title='bbox 407 1989 492 2052; x_wconf 88' lang='lat' dir='ltr'>bitur</span> <span class='ocrx_word' id='word_1_86' title='bbox 516 2010 684 2072; x_wconf 87' lang='lat' dir='ltr'>supereo,</span> <span class='ocrx_word' id='word_1_87' title='bbox 710 2004 744 2053; x_wconf 89' lang='lat' dir='ltr'>ut</span> <span class='ocrx_word' id='word_1_88' title='bbox 769 1991 991 2054; x_wconf 91' lang='lat' dir='ltr'>Gallussutor</span> <span class='ocrx_word' id='word_1_89' title='bbox 1022 1990 1157 2052; x_wconf 90' lang='lat' dir='ltr'>servitor</span> <span class='ocrx_word' id='word_1_90' title='bbox 1182 1989 1307 2051; x_wconf 91' lang='lat' dir='ltr'>Nicolai</span> <span class='ocrx_word' id='word_1_91' title='bbox 1340 1987 1444 2069; x_wconf 85' lang='lat' dir='ltr'>jurati,</span> <span class='ocrx_word' id='word_1_92' title='bbox 1468 1987 1578 2068; x_wconf 81' lang='lat' dir='ltr'>generi</span> <span class='ocrx_word' id='word_1_93' title='bbox 1612 1985 1672 2048; x_wconf 90' lang='lat' dir='ltr'>Su·</span> 
     </span>
     <span class='ocr_line' id='line_1_13' title="bbox 408 2095 1672 2182; baseline -0.002 -25"><span class='ocrx_word' id='word_1_94' title='bbox 408 2095 581 2179; x_wconf 87' lang='lat' dir='ltr'>panichyn,</span> <span class='ocrx_word' id='word_1_95' title='bbox 607 2097 711 2178; x_wconf 91' lang='lat' dir='ltr'>ipsum</span> <span class='ocrx_word' id='word_1_96' title='bbox 738 2097 931 2180; x_wconf 85' lang='lat' dir='ltr'>Gregorium</span> <span class='ocrx_word' id='word_1_97' title='bbox 952 2097 1116 2182; x_wconf 88' lang='lat' dir='ltr'>Wychecz</span> <span class='ocrx_word' id='word_1_98' title='bbox 1149 2097 1179 2158; x_wconf 92' lang='lat' dir='ltr'>in</span> <span class='ocrx_word' id='word_1_99' title='bbox 1205 2095 1304 2158; x_wconf 91' lang='lat' dir='ltr'>domo</span> <span class='ocrx_word' id='word_1_100' title='bbox 1336 2115 1392 2157; x_wconf 92' lang='lat' dir='ltr'>seu</span> <span class='ocrx_word' id='word_1_101' title='bbox 1424 2095 1506 2156; x_wconf 89' lang='lat' dir='ltr'>circa</span> <span class='ocrx_word' id='word_1_102' title='bbox 1537 2095 1672 2156; x_wconf 89' lang='lat' dir='ltr'>domum</span> 
     </span>
     <span class='ocr_line' id='line_1_14' title="bbox 406 2201 1673 2286; baseline 0 -24"><span class='ocrx_word' id='word_1_103' title='bbox 406 2221 495 2262; x_wconf 90' lang='lat' dir='ltr'>suam</span> <span class='ocrx_word' id='word_1_104' title='bbox 523 2222 623 2284; x_wconf 90' lang='lat' dir='ltr'>usque</span> <span class='ocrx_word' id='word_1_105' title='bbox 641 2204 681 2264; x_wconf 91' lang='lat' dir='ltr'>ad</span> <span class='ocrx_word' id='word_1_106' title='bbox 700 2203 891 2266; x_wconf 89' lang='lat' dir='ltr'>effusionem</span> <span class='ocrx_word' id='word_1_107' title='bbox 908 2204 1073 2285; x_wconf 89' lang='lat' dir='ltr'>sanguinis</span> <span class='ocrx_word' id='word_1_108' title='bbox 1093 2203 1249 2286; x_wconf 87' lang='lat' dir='ltr'>percussit</span> <span class='ocrx_word' id='word_1_109' title='bbox 1265 2215 1296 2264; x_wconf 88' lang='lat' dir='ltr'>et</span> <span class='ocrx_word' id='word_1_110' title='bbox 1319 2221 1414 2284; x_wconf 88' lang='lat' dir='ltr'>super</span> <span class='ocrx_word' id='word_1_111' title='bbox 1430 2201 1563 2263; x_wconf 91' lang='lat' dir='ltr'>domurn</span> <span class='ocrx_word' id='word_1_112' title='bbox 1581 2220 1673 2262; x_wconf 89' lang='lat' dir='ltr'>suam</span> 
     </span>
     <span class='ocr_line' id='line_1_15' title="bbox 406 2308 1671 2392; baseline 0.002 -24"><span class='ocrx_word' id='word_1_113' title='bbox 406 2309 629 2389; x_wconf 89' lang='lat' dir='ltr'>potencialiter</span> <span class='ocrx_word' id='word_1_114' title='bbox 662 2311 752 2372; x_wconf 87' lang='lat' dir='ltr'>irruit</span> <span class='ocrx_word' id='word_1_115' title='bbox 786 2325 817 2373; x_wconf 91' lang='lat' dir='ltr'>et</span> <span class='ocrx_word' id='word_1_116' title='bbox 849 2331 921 2373; x_wconf 88' lang='lat' dir='ltr'>cum</span> <span class='ocrx_word' id='word_1_117' title='bbox 954 2311 1090 2374; x_wconf 86' lang='lat' dir='ltr'>biceello</span> <span class='ocrx_word' id='word_1_118' title='bbox 1115 2330 1209 2392; x_wconf 90' lang='lat' dir='ltr'>super</span> <span class='ocrx_word' id='word_1_119' title='bbox 1241 2310 1339 2372; x_wconf 89' lang='lat' dir='ltr'>limen</span> <span class='ocrx_word' id='word_1_120' title='bbox 1373 2309 1468 2371; x_wconf 91' lang='lat' dir='ltr'>hostii</span> <span class='ocrx_word' id='word_1_121' title='bbox 1500 2308 1671 2390; x_wconf 89' lang='lat' dir='ltr'>percussit;</span> 
     </span>
     <span class='ocr_line' id='line_1_16' title="bbox 406 2413 1672 2499; baseline -0.002 -23"><span class='ocrx_word' id='word_1_122' title='bbox 406 2413 480 2476; x_wconf 90' lang='lat' dir='ltr'>ideo</span> <span class='ocrx_word' id='word_1_123' title='bbox 505 2434 560 2496; x_wconf 91' lang='lat' dir='ltr'>per</span> <span class='ocrx_word' id='word_1_124' title='bbox 584 2413 861 2496; x_wconf 82' lang='lat' dir='ltr'>adjudicationem</span> <span class='ocrx_word' id='word_1_125' title='bbox 879 2417 1056 2499; x_wconf 85' lang='lat' dir='ltr'>juratorum</span> <span class='ocrx_word' id='word_1_126' title='bbox 1078 2417 1144 2499; x_wconf 91' lang='lat' dir='ltr'>ipse</span> <span class='ocrx_word' id='word_1_127' title='bbox 1163 2415 1278 2478; x_wconf 91' lang='lat' dir='ltr'>Gallus</span> <span class='ocrx_word' id='word_1_128' title='bbox 1304 2415 1431 2478; x_wconf 87' lang='lat' dir='ltr'>racione</span> <span class='ocrx_word' id='word_1_129' title='bbox 1456 2413 1672 2497; x_wconf 88' lang='lat' dir='ltr'>percussionis</span> 
     </span>
     <span class='ocr_line' id='line_1_17' title="bbox 406 2521 1670 2607; baseline 0 -26"><span class='ocrx_word' id='word_1_130' title='bbox 406 2521 547 2602; x_wconf 88' lang='lat' dir='ltr'>predicte</span> <span class='ocrx_word' id='word_1_131' title='bbox 572 2537 682 2586; x_wconf 90' lang='lat' dir='ltr'>contra</span> <span class='ocrx_word' id='word_1_132' title='bbox 707 2524 813 2606; x_wconf 89' lang='lat' dir='ltr'>ipsum</span> <span class='ocrx_word' id='word_1_133' title='bbox 838 2523 1031 2605; x_wconf 87' lang='lat' dir='ltr'>Gregorium</span> <span class='ocrx_word' id='word_1_134' title='bbox 1056 2523 1215 2607; x_wconf 91' lang='lat' dir='ltr'>Wythecz</span> <span class='ocrx_word' id='word_1_135' title='bbox 1244 2523 1396 2585; x_wconf 89' lang='lat' dir='ltr'>remansit</span> <span class='ocrx_word' id='word_1_136' title='bbox 1420 2523 1452 2583; x_wconf 93' lang='lat' dir='ltr'>in</span> <span class='ocrx_word' id='word_1_137' title='bbox 1477 2521 1616 2601; x_wconf 84' lang='lat' dir='ltr'>birsagio</span> <span class='ocrx_word' id='word_1_138' title='bbox 1641 2521 1670 2582; x_wconf 83' lang='lat' dir='ltr'>X</span> 
     </span>
     <span class='ocr_line' id='line_1_18' title="bbox 406 2626 1667 2713; baseline -0.001 -26"><span class='ocrx_word' id='word_1_139' title='bbox 406 2645 578 2708; x_wconf 89' lang='lat' dir='ltr'>pensarum</span> <span class='ocrx_word' id='word_1_140' title='bbox 614 2643 645 2692; x_wconf 91' lang='lat' dir='ltr'>et</span> <span class='ocrx_word' id='word_1_141' title='bbox 680 2631 808 2692; x_wconf 90' lang='lat' dir='ltr'>racione</span> <span class='ocrx_word' id='word_1_142' title='bbox 840 2631 1036 2713; x_wconf 89' lang='lat' dir='ltr'>potenciarie</span> <span class='ocrx_word' id='word_1_143' title='bbox 1061 2629 1242 2690; x_wconf 91' lang='lat' dir='ltr'>irruicionis</span> <span class='ocrx_word' id='word_1_144' title='bbox 1280 2642 1311 2691; x_wconf 87' lang='lat' dir='ltr'>et</span> <span class='ocrx_word' id='word_1_145' title='bbox 1335 2626 1550 2711; x_wconf 89' lang='lat' dir='ltr'>percussionis</span> <span class='ocrx_word' id='word_1_146' title='bbox 1573 2646 1667 2708; x_wconf 92' lang='lat' dir='ltr'>super</span> 
     </span>
     <span class='ocr_line' id='line_1_19' title="bbox 405 2733 1668 2818; baseline 0.002 -24"><span class='ocrx_word' id='word_1_147' title='bbox 405 2733 504 2795; x_wconf 92' lang='lat' dir='ltr'>domo</span> <span class='ocrx_word' id='word_1_148' title='bbox 523 2735 622 2817; x_wconf 89' lang='lat' dir='ltr'>ipsius</span> <span class='ocrx_word' id='word_1_149' title='bbox 654 2735 802 2817; x_wconf 83' lang='lat' dir='ltr'>Gregorii</span> <span class='ocrx_word' id='word_1_150' title='bbox 828 2735 928 2814; x_wconf 86' lang='lat' dir='ltr'>lactis,</span> <span class='ocrx_word' id='word_1_151' title='bbox 953 2737 1105 2799; x_wconf 88' lang='lat' dir='ltr'>remansit</span> <span class='ocrx_word' id='word_1_152' title='bbox 1129 2736 1161 2797; x_wconf 91' lang='lat' dir='ltr'>in</span> <span class='ocrx_word' id='word_1_153' title='bbox 1186 2736 1284 2818; x_wconf 88' lang='lat' dir='ltr'>dupla</span> <span class='ocrx_word' id='word_1_154' title='bbox 1309 2736 1339 2796; x_wconf 85' lang='lat' dir='ltr'>X</span> <span class='ocrx_word' id='word_1_155' title='bbox 1367 2753 1546 2796; x_wconf 90' lang='lat' dir='ltr'>marcarum</span> <span class='ocrx_word' id='word_1_156' title='bbox 1571 2733 1668 2796; x_wconf 91' lang='lat' dir='ltr'>dena·</span> 
     </span>
     <span class='ocr_line' id='line_1_20' title="bbox 405 2839 965 2924; baseline 0.011 -24"><span class='ocrx_word' id='word_1_157' title='bbox 405 2839 526 2901; x_wconf 90' lang='lat' dir='ltr'>riorum</span> <span class='ocrx_word' id='word_1_158' title='bbox 551 2841 637 2902; x_wconf 89' lang='lat' dir='ltr'>salva</span> <span class='ocrx_word' id='word_1_159' title='bbox 662 2843 815 2924; x_wconf 90' lang='lat' dir='ltr'>porcione</span> <span class='ocrx_word' id='word_1_160' title='bbox 840 2842 965 2924; x_wconf 89' lang='lat' dir='ltr'>judicis.</span> 
     </span>
    </p>
   </div>
   <div class='ocr_carea' id='block_1_7' title="bbox 401 2963 1670 5075">
    <p class='ocr_par' dir='ltr' id='par_1_7' title="bbox 403 2963 1670 3581">
     <span class='ocr_line' id='line_1_21' title="bbox 511 2963 1669 3049; baseline -0.002 -23"><span class='ocrx_word' id='word_1_161' title='bbox 511 2965 587 3027; x_wconf 90' lang='lat' dir='ltr'>Item</span> <span class='ocrx_word' id='word_1_162' title='bbox 613 2967 689 3048; x_wconf 91' lang='lat' dir='ltr'>quia</span> <span class='ocrx_word' id='word_1_163' title='bbox 714 2967 907 3030; x_wconf 89' lang='lat' dir='ltr'>Benedictus</span> <span class='ocrx_word' id='word_1_164' title='bbox 928 2967 1013 3029; x_wconf 88' lang='lat' dir='ltr'>filius</span> <span class='ocrx_word' id='word_1_165' title='bbox 1030 2966 1163 3049; x_wconf 87' lang='lat' dir='ltr'>Georgii</span> <span class='ocrx_word' id='word_1_166' title='bbox 1181 2965 1437 3049; x_wconf 87' lang='lat' dir='ltr'>Ferenchewych</span> <span class='ocrx_word' id='word_1_167' title='bbox 1462 2966 1550 3026; x_wconf 92' lang='lat' dir='ltr'>solus</span> <span class='ocrx_word' id='word_1_168' title='bbox 1567 2963 1669 3025; x_wconf 85' lang='lat' dir='ltr'>lassus</span> 
     </span>
     <span class='ocr_line' id='line_1_22' title="bbox 405 3072 1670 3154; baseline -0.001 -23"><span class='ocrx_word' id='word_1_169' title='bbox 405 3084 460 3149; x_wconf 81' lang='lat' dir='ltr'>est,</span> <span class='ocrx_word' id='word_1_170' title='bbox 494 3085 528 3134; x_wconf 93' lang='lat' dir='ltr'>ut</span> <span class='ocrx_word' id='word_1_171' title='bbox 561 3073 759 3154; x_wconf 90' lang='lat' dir='ltr'>Stephanum</span> <span class='ocrx_word' id='word_1_172' title='bbox 797 3088 937 3136; x_wconf 90' lang='lat' dir='ltr'>sutorem</span> <span class='ocrx_word' id='word_1_173' title='bbox 971 3075 1049 3136; x_wconf 90' lang='lat' dir='ltr'>alias</span> <span class='ocrx_word' id='word_1_174' title='bbox 1085 3073 1272 3136; x_wconf 86' lang='lat' dir='ltr'>servitorem</span> <span class='ocrx_word' id='word_1_175' title='bbox 1306 3074 1392 3134; x_wconf 90' lang='lat' dir='ltr'>Luce</span> <span class='ocrx_word' id='word_1_176' title='bbox 1427 3072 1544 3134; x_wconf 91' lang='lat' dir='ltr'>sutoris</span> <span class='ocrx_word' id='word_1_177' title='bbox 1574 3089 1670 3152; x_wconf 91' lang='lat' dir='ltr'>super</span> 
     </span>
     <span class='ocr_line' id='line_1_23' title="bbox 405 3177 1668 3262; baseline 0.001 -25"><span class='ocrx_word' id='word_1_178' title='bbox 405 3196 535 3239; x_wconf 91' lang='lat' dir='ltr'>manum</span> <span class='ocrx_word' id='word_1_179' title='bbox 562 3181 725 3258; x_wconf 88' lang='lat' dir='ltr'>percussit,</span> <span class='ocrx_word' id='word_1_180' title='bbox 758 3181 831 3242; x_wconf 90' lang='lat' dir='ltr'>ideo</span> <span class='ocrx_word' id='word_1_181' title='bbox 856 3200 912 3262; x_wconf 89' lang='lat' dir='ltr'>per</span> <span class='ocrx_word' id='word_1_182' title='bbox 943 3180 1223 3261; x_wconf 86' lang='lat' dir='ltr'>adjudicacionem</span> <span class='ocrx_word' id='word_1_183' title='bbox 1253 3179 1429 3260; x_wconf 89' lang='lat' dir='ltr'>juratorum</span> <span class='ocrx_word' id='word_1_184' title='bbox 1455 3178 1540 3239; x_wconf 90' lang='lat' dir='ltr'>idem</span> <span class='ocrx_word' id='word_1_185' title='bbox 1566 3177 1668 3239; x_wconf 90' lang='lat' dir='ltr'>Bene·</span> 
     </span>
     <span class='ocr_line' id='line_1_24' title="bbox 404 3283 1668 3368; baseline 0.002 -25"><span class='ocrx_word' id='word_1_186' title='bbox 404 3283 507 3345; x_wconf 92' lang='lat' dir='ltr'>dictus</span> <span class='ocrx_word' id='word_1_187' title='bbox 539 3285 667 3348; x_wconf 89' lang='lat' dir='ltr'>racione</span> <span class='ocrx_word' id='word_1_188' title='bbox 700 3287 856 3348; x_wconf 89' lang='lat' dir='ltr'>dictarum</span> <span class='ocrx_word' id='word_1_189' title='bbox 889 3287 1132 3368; x_wconf 91' lang='lat' dir='ltr'>percussionum</span> <span class='ocrx_word' id='word_1_190' title='bbox 1164 3287 1317 3348; x_wconf 89' lang='lat' dir='ltr'>remansit</span> <span class='ocrx_word' id='word_1_191' title='bbox 1349 3299 1458 3347; x_wconf 89' lang='lat' dir='ltr'>contra</span> <span class='ocrx_word' id='word_1_192' title='bbox 1486 3284 1668 3366; x_wconf 85' lang='lat' dir='ltr'>predictum</span> 
     </span>
     <span class='ocr_line' id='line_1_25' title="bbox 405 3391 1668 3478; baseline 0.002 -26"><span class='ocrx_word' id='word_1_193' title='bbox 405 3391 603 3472; x_wconf 89' lang='lat' dir='ltr'>Stephanum</span> <span class='ocrx_word' id='word_1_194' title='bbox 628 3407 768 3457; x_wconf 90' lang='lat' dir='ltr'>sutorem</span> <span class='ocrx_word' id='word_1_195' title='bbox 795 3395 827 3455; x_wconf 91' lang='lat' dir='ltr'>in</span> <span class='ocrx_word' id='word_1_196' title='bbox 853 3395 992 3476; x_wconf 87' lang='lat' dir='ltr'>birsagio</span> <span class='ocrx_word' id='word_1_197' title='bbox 1016 3396 1044 3456; x_wconf 95' lang='lat' dir='ltr'>V</span> <span class='ocrx_word' id='word_1_198' title='bbox 1069 3415 1239 3478; x_wconf 92' lang='lat' dir='ltr'>pensarum</span> <span class='ocrx_word' id='word_1_199' title='bbox 1272 3394 1477 3456; x_wconf 89' lang='lat' dir='ltr'>denariorum</span> <span class='ocrx_word' id='word_1_200' title='bbox 1508 3392 1594 3454; x_wconf 84' lang='lat' dir='ltr'>salva</span> <span class='ocrx_word' id='word_1_201' title='bbox 1620 3391 1668 3473; x_wconf 85' lang='lat' dir='ltr'>ju·</span> 
     </span>
     <span class='ocr_line' id='line_1_26' title="bbox 403 3498 671 3581; baseline 0.022 -23"><span class='ocrx_word' id='word_1_202' title='bbox 403 3498 482 3559; x_wconf 90' lang='lat' dir='ltr'>dicis</span> <span class='ocrx_word' id='word_1_203' title='bbox 507 3500 671 3581; x_wconf 91' lang='lat' dir='ltr'>porcione.</span> 
     </span>
    </p>

    <p class='ocr_par' dir='ltr' id='par_1_8' title="bbox 402 3605 1668 4630">
     <span class='ocr_line' id='line_1_27' title="bbox 510 3605 1668 3688; baseline -0.001 -22"><span class='ocrx_word' id='word_1_204' title='bbox 510 3606 588 3668; x_wconf 92' lang='lat' dir='ltr'>ltem</span> <span class='ocrx_word' id='word_1_205' title='bbox 613 3609 688 3688; x_wconf 89' lang='lat' dir='ltr'>quia</span> <span class='ocrx_word' id='word_1_206' title='bbox 714 3607 875 3669; x_wconf 88' lang='lat' dir='ltr'>Werchek</span> <span class='ocrx_word' id='word_1_207' title='bbox 907 3607 992 3669; x_wconf 90' lang='lat' dir='ltr'>lilius</span> <span class='ocrx_word' id='word_1_208' title='bbox 1016 3607 1141 3668; x_wconf 90' lang='lat' dir='ltr'>Nicolai</span> <span class='ocrx_word' id='word_1_209' title='bbox 1176 3623 1207 3668; x_wconf 94' lang='lat' dir='ltr'>et</span> <span class='ocrx_word' id='word_1_210' title='bbox 1231 3605 1395 3668; x_wconf 90' lang='lat' dir='ltr'>Kusichne</span> <span class='ocrx_word' id='word_1_211' title='bbox 1420 3619 1450 3667; x_wconf 89' lang='lat' dir='ltr'>et</span> <span class='ocrx_word' id='word_1_212' title='bbox 1475 3605 1668 3668; x_wconf 88' lang='lat' dir='ltr'>Benedictus</span> 
     </span>
     <span class='ocr_line' id='line_1_28' title="bbox 404 3710 1667 3796; baseline 0.002 -26"><span class='ocrx_word' id='word_1_213' title='bbox 404 3710 488 3771; x_wconf 86' lang='lat' dir='ltr'>lilius</span> <span class='ocrx_word' id='word_1_214' title='bbox 514 3711 645 3795; x_wconf 88' lang='lat' dir='ltr'>Georgii</span> <span class='ocrx_word' id='word_1_215' title='bbox 679 3713 937 3796; x_wconf 88' lang='lat' dir='ltr'>Ferenchewych</span> <span class='ocrx_word' id='word_1_216' title='bbox 969 3711 1083 3795; x_wconf 88' lang='lat' dir='ltr'>prelati</span> <span class='ocrx_word' id='word_1_217' title='bbox 1116 3733 1152 3774; x_wconf 88' lang='lat' dir='ltr'>ac</span> <span class='ocrx_word' id='word_1_218' title='bbox 1185 3713 1307 3795; x_wconf 88' lang='lat' dir='ltr'>Symon</span> <span class='ocrx_word' id='word_1_219' title='bbox 1340 3727 1428 3774; x_wconf 92' lang='lat' dir='ltr'>sutor</span> <span class='ocrx_word' id='word_1_220' title='bbox 1454 3712 1492 3772; x_wconf 85' lang='lat' dir='ltr'>de</span> <span class='ocrx_word' id='word_1_221' title='bbox 1517 3712 1667 3772; x_wconf 89' lang='lat' dir='ltr'>Zanabor</span> 
     </span>
     <span class='ocr_line' id='line_1_29' title="bbox 403 3817 1665 3902; baseline 0 -24"><span class='ocrx_word' id='word_1_222' title='bbox 403 3818 542 3897; x_wconf 89' lang='lat' dir='ltr'>quadam</span> <span class='ocrx_word' id='word_1_223' title='bbox 557 3834 649 3882; x_wconf 93' lang='lat' dir='ltr'>nocte</span> <span class='ocrx_word' id='word_1_224' title='bbox 664 3820 823 3882; x_wconf 91' lang='lat' dir='ltr'>irruerunt</span> <span class='ocrx_word' id='word_1_225' title='bbox 836 3819 1058 3902; x_wconf 88' lang='lat' dir='ltr'>potencialiter</span> <span class='ocrx_word' id='word_1_226' title='bbox 1067 3839 1162 3902; x_wconf 89' lang='lat' dir='ltr'>super</span> <span class='ocrx_word' id='word_1_227' title='bbox 1179 3819 1312 3880; x_wconf 91' lang='lat' dir='ltr'>domum</span> <span class='ocrx_word' id='word_1_228' title='bbox 1324 3819 1448 3880; x_wconf 91' lang='lat' dir='ltr'>Nicolai</span> <span class='ocrx_word' id='word_1_229' title='bbox 1467 3817 1665 3900; x_wconf 87' lang='lat' dir='ltr'>Supanichin</span> 
     </span>
     <span class='ocr_line' id='line_1_30' title="bbox 403 3925 1665 4007; baseline 0.002 -24"><span class='ocrx_word' id='word_1_230' title='bbox 403 3925 536 4004; x_wconf 92' lang='lat' dir='ltr'>predicti</span> <span class='ocrx_word' id='word_1_231' title='bbox 562 3926 592 3986; x_wconf 92' lang='lat' dir='ltr'>in</span> <span class='ocrx_word' id='word_1_232' title='bbox 619 3927 773 3988; x_wconf 91' lang='lat' dir='ltr'>suburbio</span> <span class='ocrx_word' id='word_1_233' title='bbox 799 3927 934 3987; x_wconf 85' lang='lat' dir='ltr'>civitatis</span> <span class='ocrx_word' id='word_1_234' title='bbox 958 3925 1112 4004; x_wconf 86' lang='lat' dir='ltr'>habitam,</span> <span class='ocrx_word' id='word_1_235' title='bbox 1136 3927 1191 3986; x_wconf 93' lang='lat' dir='ltr'>ubi</span> <span class='ocrx_word' id='word_1_236' title='bbox 1216 3939 1304 3987; x_wconf 89' lang='lat' dir='ltr'>cutes</span> <span class='ocrx_word' id='word_1_237' title='bbox 1322 3937 1542 4007; x_wconf 81' lang='lat' dir='ltr'>preparantur,</span> <span class='ocrx_word' id='word_1_238' title='bbox 1563 3936 1595 3986; x_wconf 87' lang='lat' dir='ltr'>et</span> <span class='ocrx_word' id='word_1_239' title='bbox 1618 3943 1665 3985; x_wconf 92' lang='lat' dir='ltr'>se·</span> 
     </span>
     <span class='ocr_line' id='line_1_31' title="bbox 403 4029 1665 4113; baseline 0 -23"><span class='ocrx_word' id='word_1_240' title='bbox 403 4045 537 4092; x_wconf 86' lang='lat' dir='ltr'>ruerunt</span> <span class='ocrx_word' id='word_1_241' title='bbox 562 4031 701 4094; x_wconf 88' lang='lat' dir='ltr'>hostium</span> <span class='ocrx_word' id='word_1_242' title='bbox 720 4032 862 4094; x_wconf 89' lang='lat' dir='ltr'>eiusdem</span> <span class='ocrx_word' id='word_1_243' title='bbox 881 4033 997 4094; x_wconf 91' lang='lat' dir='ltr'>domus</span> <span class='ocrx_word' id='word_1_244' title='bbox 1019 4047 1178 4094; x_wconf 90' lang='lat' dir='ltr'>nocturno</span> <span class='ocrx_word' id='word_1_245' title='bbox 1195 4046 1339 4113; x_wconf 89' lang='lat' dir='ltr'>tempore</span> <span class='ocrx_word' id='word_1_246' title='bbox 1363 4031 1508 4092; x_wconf 90' lang='lat' dir='ltr'>volentes</span> <span class='ocrx_word' id='word_1_247' title='bbox 1525 4029 1665 4091; x_wconf 82' lang='lat' dir='ltr'>famulos</span> 
     </span>
     <span class='ocr_line' id='line_1_32' title="bbox 404 4137 1664 4220; baseline 0 -23"><span class='ocrx_word' id='word_1_248' title='bbox 404 4137 503 4217; x_wconf 90' lang='lat' dir='ltr'>ipsius</span> <span class='ocrx_word' id='word_1_249' title='bbox 520 4153 684 4220; x_wconf 89' lang='lat' dir='ltr'>percutere</span> <span class='ocrx_word' id='word_1_250' title='bbox 702 4154 732 4202; x_wconf 91' lang='lat' dir='ltr'>et</span> <span class='ocrx_word' id='word_1_251' title='bbox 750 4141 929 4217; x_wconf 90' lang='lat' dir='ltr'>vulnerare,</span> <span class='ocrx_word' id='word_1_252' title='bbox 946 4153 1041 4220; x_wconf 95' lang='lat' dir='ltr'>prout</span> <span class='ocrx_word' id='word_1_253' title='bbox 1059 4139 1144 4200; x_wconf 92' lang='lat' dir='ltr'>idem</span> <span class='ocrx_word' id='word_1_254' title='bbox 1163 4139 1314 4200; x_wconf 89' lang='lat' dir='ltr'>Nicolaus</span> <span class='ocrx_word' id='word_1_255' title='bbox 1327 4151 1426 4216; x_wconf 90' lang='lat' dir='ltr'>sutor,</span> <span class='ocrx_word' id='word_1_256' title='bbox 1443 4137 1574 4219; x_wconf 85' lang='lat' dir='ltr'>juratus,</span> <span class='ocrx_word' id='word_1_257' title='bbox 1591 4155 1664 4198; x_wconf 93' lang='lat' dir='ltr'>cum</span> 
     </span>
     <span class='ocr_line' id='line_1_33' title="bbox 403 4242 1665 4326; baseline -0.001 -22"><span class='ocrx_word' id='word_1_258' title='bbox 403 4242 574 4324; x_wconf 88' lang='lat' dir='ltr'>fidedignis</span> <span class='ocrx_word' id='word_1_259' title='bbox 601 4247 735 4308; x_wconf 92' lang='lat' dir='ltr'>testibus</span> <span class='ocrx_word' id='word_1_260' title='bbox 766 4266 873 4308; x_wconf 90' lang='lat' dir='ltr'>coram</span> <span class='ocrx_word' id='word_1_261' title='bbox 899 4247 992 4308; x_wconf 88' lang='lat' dir='ltr'>nohis</span> <span class='ocrx_word' id='word_1_262' title='bbox 1013 4267 1098 4308; x_wconf 91' lang='lat' dir='ltr'>nunc</span> <span class='ocrx_word' id='word_1_263' title='bbox 1124 4247 1154 4306; x_wconf 95' lang='lat' dir='ltr'>in</span> <span class='ocrx_word' id='word_1_264' title='bbox 1181 4245 1301 4326; x_wconf 92' lang='lat' dir='ltr'>judicio</span> <span class='ocrx_word' id='word_1_265' title='bbox 1326 4244 1566 4326; x_wconf 88' lang='lat' dir='ltr'>comprobavit;</span> <span class='ocrx_word' id='word_1_266' title='bbox 1592 4243 1665 4305; x_wconf 90' lang='lat' dir='ltr'>ideo</span> 
     </span>
     <span class='ocr_line' id='line_1_34' title="bbox 403 4350 1665 4436; baseline -0.002 -22"><span class='ocrx_word' id='word_1_267' title='bbox 403 4353 540 4433; x_wconf 88' lang='lat' dir='ltr'>quilibet</span> <span class='ocrx_word' id='word_1_268' title='bbox 564 4373 675 4415; x_wconf 88' lang='lat' dir='ltr'>eorum</span> <span class='ocrx_word' id='word_1_269' title='bbox 702 4355 855 4416; x_wconf 91' lang='lat' dir='ltr'>remansit</span> <span class='ocrx_word' id='word_1_270' title='bbox 882 4367 992 4416; x_wconf 88' lang='lat' dir='ltr'>contra</span> <span class='ocrx_word' id='word_1_271' title='bbox 1024 4352 1183 4436; x_wconf 85' lang='lat' dir='ltr'>prelatum</span> <span class='ocrx_word' id='word_1_272' title='bbox 1208 4353 1380 4414; x_wconf 89' lang='lat' dir='ltr'>Nicolaum</span> <span class='ocrx_word' id='word_1_273' title='bbox 1413 4351 1552 4432; x_wconf 84' lang='lat' dir='ltr'>juratum</span> <span class='ocrx_word' id='word_1_274' title='bbox 1578 4350 1665 4412; x_wconf 87' lang='lat' dir='ltr'>inX</span> 
     </span>
     <span class='ocr_line' id='line_1_35' title="bbox 402 4457 1665 4542; baseline -0.001 -22"><span class='ocrx_word' id='word_1_275' title='bbox 402 4461 516 4522; x_wconf 90' lang='lat' dir='ltr'>marcis</span> <span class='ocrx_word' id='word_1_276' title='bbox 547 4461 753 4523; x_wconf 89' lang='lat' dir='ltr'>denariorum</span> <span class='ocrx_word' id='word_1_277' title='bbox 784 4481 857 4523; x_wconf 91' lang='lat' dir='ltr'>cum</span> <span class='ocrx_word' id='word_1_278' title='bbox 889 4462 1041 4542; x_wconf 91' lang='lat' dir='ltr'>porcione</span> <span class='ocrx_word' id='word_1_279' title='bbox 1066 4461 1181 4541; x_wconf 91' lang='lat' dir='ltr'>judicis</span> <span class='ocrx_word' id='word_1_280' title='bbox 1214 4458 1365 4522; x_wconf 90' lang='lat' dir='ltr'>videlicet</span> <span class='ocrx_word' id='word_1_281' title='bbox 1397 4459 1495 4521; x_wconf 87' lang='lat' dir='ltr'>tercia</span> <span class='ocrx_word' id='word_1_282' title='bbox 1513 4479 1585 4541; x_wconf 90' lang='lat' dir='ltr'>pars</span> <span class='ocrx_word' id='word_1_283' title='bbox 1616 4457 1665 4540; x_wconf 88' lang='lat' dir='ltr'>ju·</span> 
     </span>
     <span class='ocr_line' id='line_1_36' title="bbox 402 4566 584 4630; baseline 0.016 -3"><span class='ocrx_word' id='word_1_284' title='bbox 402 4566 465 4628; x_wconf 89' lang='lat' dir='ltr'>dici</span> <span class='ocrx_word' id='word_1_285' title='bbox 491 4568 584 4630; x_wconf 91' lang='lat' dir='ltr'>cedit.</span> 
     </span>
    </p>

    <p class='ocr_par' dir='ltr' id='par_1_9' title="bbox 401 4671 1664 5075">
     <span class='ocr_line' id='line_1_37' title="bbox 509 4671 1663 4756; baseline -0.003 -20"><span class='ocrx_word' id='word_1_286' title='bbox 509 4675 585 4736; x_wconf 92' lang='lat' dir='ltr'>ltem</span> <span class='ocrx_word' id='word_1_287' title='bbox 611 4675 728 4756; x_wconf 90' lang='lat' dir='ltr'>jurabit</span> <span class='ocrx_word' id='word_1_288' title='bbox 751 4674 875 4755; x_wconf 87' lang='lat' dir='ltr'>Agatha</span> <span class='ocrx_word' id='word_1_289' title='bbox 899 4694 979 4736; x_wconf 88' lang='lat' dir='ltr'>uxor</span> <span class='ocrx_word' id='word_1_290' title='bbox 1003 4673 1131 4735; x_wconf 89' lang='lat' dir='ltr'>Andree</span> <span class='ocrx_word' id='word_1_291' title='bbox 1148 4672 1287 4754; x_wconf 84' lang='lat' dir='ltr'>agricole</span> <span class='ocrx_word' id='word_1_292' title='bbox 1312 4672 1436 4753; x_wconf 87' lang='lat' dir='ltr'>antiqui</span> <span class='ocrx_word' id='word_1_293' title='bbox 1461 4685 1576 4732; x_wconf 88' lang='lat' dir='ltr'>octavo</span> <span class='ocrx_word' id='word_1_294' title='bbox 1600 4671 1663 4746; x_wconf 85' lang='lat' dir='ltr'>die,</span> 
     </span>
     <span class='ocr_line' id='line_1_38' title="bbox 401 4777 1664 4863; baseline -0.002 -21"><span class='ocrx_word' id='word_1_295' title='bbox 401 4801 496 4863; x_wconf 89' lang='lat' dir='ltr'>super</span> <span class='ocrx_word' id='word_1_296' title='bbox 509 4781 570 4843; x_wconf 92' lang='lat' dir='ltr'>hoc</span> <span class='ocrx_word' id='word_1_297' title='bbox 588 4782 705 4863; x_wconf 79' lang='lat' dir='ltr'>jurabit</span> <span class='ocrx_word' id='word_1_298' title='bbox 722 4796 832 4844; x_wconf 90' lang='lat' dir='ltr'>contra</span> <span class='ocrx_word' id='word_1_299' title='bbox 850 4781 1048 4863; x_wconf 89' lang='lat' dir='ltr'>Stephanum</span> <span class='ocrx_word' id='word_1_300' title='bbox 1067 4779 1206 4860; x_wconf 79' lang='lat' dir='ltr'>juratum</span> <span class='ocrx_word' id='word_1_301' title='bbox 1223 4779 1344 4840; x_wconf 89' lang='lat' dir='ltr'>dictum</span> <span class='ocrx_word' id='word_1_302' title='bbox 1363 4779 1483 4860; x_wconf 87' lang='lat' dir='ltr'>Zayk0,</span> <span class='ocrx_word' id='word_1_303' title='bbox 1500 4777 1664 4840; x_wconf 86' lang='lat' dir='ltr'>terciamet</span> 
     </span>
     <span class='ocr_line' id='line_1_39' title="bbox 401 4883 1660 4969; baseline -0.003 -22"><span class='ocrx_word' id='word_1_304' title='bbox 401 4907 496 4968; x_wconf 91' lang='lat' dir='ltr'>super</span> <span class='ocrx_word' id='word_1_305' title='bbox 521 4909 618 4965; x_wconf 86' lang='lat' dir='ltr'>aram,</span> <span class='ocrx_word' id='word_1_306' title='bbox 644 4903 678 4948; x_wconf 95' lang='lat' dir='ltr'>ut</span> <span class='ocrx_word' id='word_1_307' title='bbox 702 4889 768 4969; x_wconf 89' lang='lat' dir='ltr'>ipsa</span> <span class='ocrx_word' id='word_1_308' title='bbox 794 4887 881 4948; x_wconf 90' lang='lat' dir='ltr'>nulla</span> <span class='ocrx_word' id='word_1_309' title='bbox 905 4888 1067 4968; x_wconf 86' lang='lat' dir='ltr'>sortilegia</span> <span class='ocrx_word' id='word_1_310' title='bbox 1087 4887 1145 4967; x_wconf 92' lang='lat' dir='ltr'>ipsi</span> <span class='ocrx_word' id='word_1_311' title='bbox 1172 4883 1335 4966; x_wconf 87' lang='lat' dir='ltr'>Stephano</span> <span class='ocrx_word' id='word_1_312' title='bbox 1360 4883 1462 4964; x_wconf 83' lang='lat' dir='ltr'>jurato</span> <span class='ocrx_word' id='word_1_313' title='bbox 1488 4904 1545 4945; x_wconf 91' lang='lat' dir='ltr'>nec</span> <span class='ocrx_word' id='word_1_314' title='bbox 1570 4883 1660 4945; x_wconf 85' lang='lat' dir='ltr'>uxori</span> 
     </span>
     <span class='ocr_line' id='line_1_40' title="bbox 402 4989 1662 5075; baseline -0.004 -19"><span class='ocrx_word' id='word_1_315' title='bbox 402 5013 457 5056; x_wconf 89' lang='lat' dir='ltr'>sue</span> <span class='ocrx_word' id='word_1_316' title='bbox 482 4993 618 5073; x_wconf 86' lang='lat' dir='ltr'>lecisset,</span> <span class='ocrx_word' id='word_1_317' title='bbox 643 5015 700 5056; x_wconf 90' lang='lat' dir='ltr'>nec</span> <span class='ocrx_word' id='word_1_318' title='bbox 718 4995 777 5056; x_wconf 89' lang='lat' dir='ltr'>sibi</span> <span class='ocrx_word' id='word_1_319' title='bbox 803 4996 834 5056; x_wconf 93' lang='lat' dir='ltr'>in</span> <span class='ocrx_word' id='word_1_320' title='bbox 860 4997 954 5057; x_wconf 89' lang='lat' dir='ltr'>rebus</span> <span class='ocrx_word' id='word_1_321' title='bbox 978 4993 1041 5056; x_wconf 90' lang='lat' dir='ltr'>suis</span> <span class='ocrx_word' id='word_1_322' title='bbox 1059 4993 1192 5075; x_wconf 89' lang='lat' dir='ltr'>aliquod</span> <span class='ocrx_word' id='word_1_323' title='bbox 1217 4993 1394 5074; x_wconf 88' lang='lat' dir='ltr'>dampnum</span> <span class='ocrx_word' id='word_1_324' title='bbox 1420 4990 1589 5068; x_wconf 88' lang='lat' dir='ltr'>intulisset,</span> <span class='ocrx_word' id='word_1_325' title='bbox 1606 4989 1662 5051; x_wconf 88' lang='lat' dir='ltr'>sed</span> 
     </span>
    </p>
   </div>
   <div class='ocr_carea' id='block_1_8' title="bbox 0 0 1914 5784">
    <p class='ocr_par' dir='ltr' id='par_1_10' title="bbox 0 0 1914 5784">
     <span class='ocr_line' id='line_1_41' title="bbox 0 0 1914 5784; baseline 0 0"><span class='ocrx_word' id='word_1_326' title='bbox 0 0 1914 5784; x_wconf 95' lang='lat' dir='ltr'> </span> 
     </span>
    </p>
   </div>
  </div>
 </body>
</html>
