3838 5786
371 530 432 608 396
735 532 820 588 Anno
839 539 929 607 1472.
955 563 996 572 —
1020 544 1072 607 24.
1089 531 1240 604 januarii.

370 740 446 821 ipsis
470 740 598 802 duobus
622 741 726 822 puteis
758 741 856 823 ipsius
889 742 1025 804 civitatis
1059 743 1150 803 nullo
1175 742 1275 803 modo
1307 743 1495 803 vestimenta
1528 742 1633 803 lavare

370 847 429 906 sub
454 846 566 908 eadem
592 866 674 930 pena
700 847 795 908 unius
819 867 924 910 marce
949 863 980 909 et
1003 848 1075 909 aliis
1099 849 1199 930 penis.

476 952 554 1013 Item
581 954 656 1034 quia
681 955 772 1035 probi
798 969 828 1015 et
845 953 971 1016 honesti
995 955 1144 1017 homines
1177 955 1262 1017 cives
1286 955 1369 1016 dicte
1393 955 1529 1016 civitatis
1553 955 1633 1017 Gre-

366 1058 495 1138 gorium
520 1073 662 1136 sutorem
680 1080 895 1122 successorem
917 1061 1054 1123 condam
1075 1059 1208 1142 Georgii
1235 1061 1350 1122 bekaui
1368 1061 1485 1122 sutoris
1510 1075 1541 1122 et
1557 1081 1634 1122 uxo-

369 1185 434 1226 rern
461 1166 604 1227 eiusdem
631 1165 778 1250 Gregorii
804 1169 921 1230 sutoris
945 1169 1074 1231 racione
1106 1168 1322 1251 quorumdam
1347 1166 1504 1230 factorum
1531 1183 1562 1230 et
1586 1169 1633 1229 in·

368 1272 521 1352 juriarum
548 1293 605 1354 per
630 1275 761 1335 eosdem
787 1275 951 1357 Stephano
970 1277 1087 1336 sutoris
1111 1276 1208 1354 dicto,
1227 1275 1431 1338 inhabitatori
1457 1276 1540 1336 dicte
1558 1275 1633 1336 civi·

367 1380 439 1442 tatis
466 1381 642 1460 illatorum,
667 1383 699 1443 in
725 1383 811 1445 dicto
841 1383 993 1444 catherno
1025 1382 1388 1466 supraspecificatorum,
1420 1401 1493 1444 curn
1518 1381 1631 1443 eodem

368 1487 531 1568 Stephano
557 1489 794 1551 concordarunt
817 1490 922 1551 taliter
949 1504 1056 1552 tarnen
1082 1504 1113 1551 et
1128 1489 1184 1552 tali
1209 1489 1320 1567 modu,
1345 1490 1433 1571 quod
1461 1489 1526 1570 ipse
1553 1486 1633 1550 Gre-

366 1594 477 1674 gorius
501 1607 589 1656 sutor
615 1610 645 1658 et
669 1615 800 1658 consors
824 1596 968 1658 eiusdem
994 1597 1060 1678 ipsa
1085 1595 1165 1658 lacta
1195 1615 1351 1658 renovare
1375 1609 1406 1657 et
1430 1595 1630 1657 committere

368 1719 433 1760 non
458 1700 606 1779 debeant,
632 1703 685 1762 ubi
720 1715 825 1764 autem
851 1703 989 1784 amplius
1017 1703 1241 1765 renovaverint
1272 1717 1303 1765 et
1327 1701 1557 1778 commiserint,
1581 1721 1632 1762 ex-

367 1819 444 1868 tunc
469 1821 500 1868 et
524 1808 591 1890 ipsa
623 1808 726 1890 prima
758 1829 840 1891 pena
873 1829 929 1891 per
960 1808 1080 1890 juratos
1112 1807 1172 1870 sibi
1197 1808 1378 1890 adjudicata
1412 1808 1534 1870 eisdem
1566 1826 1630 1868 non

368 1913 547 1975 remittatur
572 1927 603 1975 et
627 1915 829 1977 relaxabitur.

474 2019 550 2082 ltem
575 2042 704 2084 causam
738 2022 819 2084 inter
851 2041 983 2084 uxorem
1009 2023 1090 2106 Elye
1116 2021 1250 2105 Gayzlry
1281 2039 1312 2083 et
1335 2019 1438 2082 filium
1469 2021 1626 2100 eiusdem,

365 2139 396 2188 et
421 2127 549 2188 Petrum
575 2127 678 2190 filium
696 2129 840 2190 eiusdem
860 2129 988 2190 racione
1013 2129 1237 2191 verberacions
1253 2127 1384 2190 scolaris
1400 2125 1457 2188 filii
1476 2127 1631 2205 eiusdem,

364 2233 457 2313 jurati
492 2233 776 2316 adjudicaverunt,
808 2235 895 2316 quod
929 2235 995 2317 ipse
1028 2235 1140 2298 Petrus
1172 2235 1337 2296 convictus
1377 2247 1423 2295 est
1455 2233 1486 2294 in
1519 2233 1630 2295 decem

364 2340 471 2421 pensis
496 2355 526 2402 et
551 2342 775 2404 communitati
798 2343 976 2403 incentum
1003 2341 1160 2418 denariis;
1185 2341 1298 2423 etipsa
1324 2341 1427 2422 jurare
1445 2339 1629 2422 (tenebitur)

363 2461 519 2527 quantum
552 2448 729 2530 dampnum
762 2447 836 2510 fecit
867 2448 972 2510 eidem
1004 2449 1036 2508 in
1065 2448 1152 2526 vino,
1185 2447 1281 2510 debet
1311 2447 1415 2527 jurare
1447 2445 1487 2507 ad
1513 2465 1628 2507 manus

366 2552 459 2613 unius
483 2553 599 2632 jurati;
622 2555 746 2617 solvere
771 2555 932 2616 tenebitur
956 2554 1032 2616 dum
1058 2554 1185 2634 jurabit.

471 2659 548 2722 Item
574 2680 701 2724 causam
735 2661 817 2722 inter
848 2661 1051 2723 Clementem
1082 2660 1278 2743 Symwnych
1311 2673 1341 2720 et
1365 2659 1447 2720 inter
1472 2657 1625 2721 Mathiam

362 2785 517 2846 generum
542 2767 670 2829 Andree
696 2767 890 2851 Symwnych
922 2768 1050 2829 racione
1077 2764 1246 2829 fraccionis
1266 2778 1298 2827 et
1321 2765 1537 2848 deposicionis
1560 2784 1628 2826 sere

364 2872 452 2952 quod
476 2873 635 2936 violenter
659 2874 824 2953 destruxit,
850 2887 897 2936 est
920 2874 987 2956 ipse
1006 2871 1142 2934 Mathias
1167 2872 1332 2934 convictus
1355 2883 1465 2933 contra
1489 2869 1628 2932 eundem

364 2977 532 3040 indecem
566 2981 681 3042 marcis
713 2994 745 3042 et
776 2979 1001 3042 communitati
1035 2979 1180 3061 quinque
1212 2978 1319 3061 pensis
1343 2977 1567 3054 denariorum3
1599 2991 1630 3038 et

363 3085 450 3166 quod
476 3087 542 3167 ipse
568 3087 705 3148 Mathias
729 3087 769 3148 de
794 3086 858 3147 illis
883 3099 1011 3148 centum
1041 3085 1110 3148 flor.
1135 3085 1324 3168 porcionem
1357 3085 1433 3146 dare
1457 3083 1572 3145 debeat
1595 3098 1627 3145 et

363 3191 424 3251 alia
450 3192 556 3253 eidem
582 3192 746 3255 Clementi
770 3194 893 3275 legata;
919 3193 1049 3274 insuper
1065 3193 1281 3254 communiter
1305 3203 1336 3252 et
1352 3191 1421 3252 sine
1446 3191 1526 3252 scitu
1544 3191 1628 3251 eius·

363 3297 436 3358 dem
462 3298 641 3362 Clementis
665 3300 774 3361 omnia
800 3301 884 3360 bona
918 3319 981 3381 que
1012 3299 1133 3361 debent
1156 3298 1273 3380 exponi
1305 3317 1362 3380 per
1387 3298 1497 3359 ambas
1523 3311 1628 3380 partes

362 3423 420 3484 pro
445 3405 551 3466 anima
577 3407 675 3488 ipsius
708 3405 846 3468 condam
879 3405 1026 3482 Andree;
1058 3404 1097 3467 de
1130 3423 1196 3486 quo
1227 3404 1348 3488 judicio
1373 3404 1517 3486 ipsorum
1542 3403 1626 3484 jura·

363 3525 469 3571 torum
495 3513 562 3593 ipse
588 3513 724 3575 Mathias
756 3533 820 3574 non
854 3526 1034 3590 contentus,
1067 3512 1203 3574 eandem
1228 3529 1356 3573 causam
1388 3510 1563 3592 appellavit
1595 3510 1627 3571 in

364 3619 563 3698 presenciam
587 3621 750 3681 seniorum
776 3619 929 3701 judicum.

468 3725 546 3787 ltem
571 3746 700 3787 causam
725 3726 807 3788 inter
832 3727 921 3788 Jurse
945 3738 976 3788 et
1008 3725 1090 3786 inter
1114 3724 1315 3787 Anthonium
1342 3737 1552 3785 mercatorem
1578 3743 1625 3785 ra·

361 3831 454 3892 cione
478 3833 669 3914 suspicionis
693 3831 766 3895 furti
792 3832 1005 3914 quarumdam
1039 3833 1279 3914 peccuniarum,
1311 3831 1386 3913 quia
1410 3831 1476 3912 ipse
1501 3829 1626 3892 Antho-

361 3938 433 3998 nius
457 3940 645 4020 expurgavit
669 3960 701 4000 se
726 3953 757 4001 et
781 3941 886 4021 ipsum
912 3940 1002 4000 Jurse
1028 3957 1092 4000 non
1114 3938 1209 4000 debet
1234 3938 1423 4020 inquietare,
1447 3936 1503 3996 sed
1528 3937 1624 3998 ambo

361 4043 479 4106 debent
504 4047 687 4128 perquirere
712 4060 743 4108 et
767 4046 925 4108 sciscitare
951 4046 1055 4128 ipsum
1082 4043 1195 4108 furem.

467 4152 544 4213 ltem
570 4153 644 4233 quia
670 4173 728 4214 nec
745 4153 892 4233 egregius
910 4151 1089 4233 Gregorius
1107 4150 1250 4213 Bradach
1275 4151 1461 4232 capitaneus
1478 4151 1626 4213 Nandor·

361 4258 510 4336 albensis,
542 4274 637 4342 prout
670 4261 885 4321 communitas
917 4259 1049 4321 dederat
1083 4259 1143 4320 sibi
1175 4259 1349 4320 terminum
1382 4258 1625 4340 quindecimum

360 4366 445 4426 diem
472 4381 543 4448 post
568 4366 683 4428 festum
710 4367 964 4448 Epiphaniarum
989 4367 1028 4428 ad
1062 4365 1323 4448 respondendum
1348 4361 1499 4427 fratribus
1523 4366 1623 4427 sancti

359 4473 486 4534 Nicolai
512 4475 639 4534 racione
665 4474 831 4535 cuiusdam
860 4473 977 4534 domus
1010 4474 1091 4534 circa
1116 4473 1271 4554 capellam
1304 4485 1411 4533 sancte
1438 4473 1623 4550 Karberine,

359 4580 414 4661 qui
441 4579 616 4660 Gregorius
641 4600 705 4642 non
731 4579 818 4641 venit
851 4599 954 4660 neque
987 4579 1128 4660 aliquem
1162 4591 1401 4660 procuratorem
1434 4598 1492 4661 pro
1518 4597 1551 4639 se
1584 4579 1623 4639 ad

358 4685 514 4766 judicium
539 4687 634 4749 misit.

465 4793 542 4854 ltem
568 4814 694 4854 causam
721 4795 802 4854 inter
827 4792 984 4854 famulum
1011 4791 1158 4874 Gregorii
1177 4792 1280 4872 jurati,
1305 4789 1462 4874 pellihcis,
1488 4805 1518 4852 et
1543 4792 1624 4852 inter

360 4901 535 4982 Symonem
560 4915 714 4962 sartorem
739 4900 889 4961 claudum
923 4899 1050 4960 racione
1083 4899 1298 4980 percussionis
1322 4911 1352 4959 et
1376 4898 1621 4974 verberacionis,

359 5008 451 5088 jurati
470 5007 704 5088 adjudicarunt,
722 5007 809 5088 quod
836 5007 901 5088 ipse
921 5006 1042 5088 Synton
1069 5005 1282 5086 nequisiciose
1307 5004 1446 5065 eundern
1463 5002 1620 5064 famulum
