3838 5786
496 561 556 642 358
890 565 976 622 Anno
1000 561 1092 642 1469.
1118 599 1159 607 -
1182 579 1213 642 4.
1238 565 1365 638 augusti.

494 777 557 838 nici
582 777 714 838 ecclesie
739 778 966 858 zagrabiensis,
983 796 1079 857 quam
1102 778 1169 838 sola
1187 775 1267 838 lassa
1285 775 1344 838 fuit
1361 775 1508 855 furatam,
1527 777 1559 837 in
1584 790 1754 855 torment0,

495 904 558 965 que
581 884 761 965 adjudicata
788 898 833 944 est
857 883 1018 965 expercuti
1049 883 1089 944 de
1120 884 1187 964 ipsa
1212 883 1338 944 civitate
1364 897 1394 944 et
1426 883 1558 944 ulterius
1582 883 1687 944 nullas
1710 883 1754 943 in·

494 1005 576 1052 trare
602 993 633 1051 in
658 992 854 1052 territorium
874 991 958 1051 dicte
983 990 1129 1068 civitatis,
1154 1004 1184 1050 et
1205 991 1228 1050 si
1249 990 1381 1051 ulterius
1405 989 1445 1050 ad
1461 990 1656 1051 territorium
1675 990 1754 1050 dicte

495 1099 630 1158 civitatis
653 1099 786 1175 venerit,
812 1111 927 1159 extunc
960 1097 1110 1178 punietur
1134 1116 1215 1178 pena
1248 1116 1345 1177 quam
1371 1096 1554 1174 merebitur,
1579 1095 1752 1157 secundum

495 1205 759 1266 consvetudinem
785 1203 869 1266 dicte
894 1203 1039 1264 civitatis.
1523 1193 1527 1200 ’

640 1441 735 1512 feria
764 1451 860 1513 sexta
889 1444 1040 1531 proxima
1070 1447 1148 1510 ante
1177 1440 1300 1510 festam
1329 1437 1432 1510 llarie
1460 1438 1499 1509 de
1528 1441 1611 1510 nive.

1022 1613 1066 1690 (4.
1090 1611 1230 1688 ouguslt).

601 1773 676 1834 ltem
702 1774 777 1853 quia
796 1771 934 1852 quedam
953 1772 1068 1832 mulier
1087 1770 1216 1832 Granda
1235 1771 1330 1849 dicta,
1355 1772 1433 1832 alias
1451 1771 1656 1834 inhabitatrix
1674 1774 1751 1834 dicte

494 1879 643 1957 civitatis,
669 1879 728 1938 fuit
753 1899 808 1960 per
825 1879 1089 1938 communitatem
1116 1877 1199 1938 dicte
1217 1877 1353 1938 civitatis
1378 1879 1507 1938 bannita
1533 1879 1572 1939 de
1598 1880 1664 1961 ipsa
1683 1881 1751 1940 civi-

495 2001 557 2048 tate
583 2000 712 2068 propter
737 1999 820 2046 certa
845 2005 901 2044 sua
928 1984 1009 2044 mala
1035 1983 1117 2044 facta
1134 1997 1165 2044 et
1188 1983 1353 2062 demerita,
1379 2004 1418 2044 ne
1443 1985 1576 2046 ulterius
1600 1987 1632 2046 in
1657 1986 1749 2066 ipsam

495 2095 654 2155 civitatem
681 2093 796 2154 eteius
821 2091 1015 2154 territorium
1042 2091 1157 2150 intrare
1175 2089 1316 2166 deberet,
1342 2107 1436 2171 prout
1460 2091 1521 2151 hoc
1546 2092 1576 2151 in
1602 2092 1749 2153 katherno

495 2201 577 2261 dicte
602 2200 738 2260 civitatis
762 2199 961 2272 continetur;
978 2211 1085 2257 tamen
1110 2195 1184 2276 quia
1210 2196 1248 2255 ad
1267 2196 1542 2277 supplicacionem
1560 2197 1750 2259 honorabilis

494 2321 524 2366 ct
549 2307 759 2367 discretorum
785 2305 926 2364 virorum
946 2302 1075 2383 Mathey
1101 2302 1225 2362 Sutoris
1243 2301 1330 2378 dicti,
1355 2301 1503 2363 moderni
1529 2303 1657 2385 plebani
1675 2305 1748 2365 dicte

495 2413 631 2473 civitatis
663 2425 693 2470 et
725 2410 848 2470 domini
874 2408 1052 2471 Clementis
1084 2407 1227 2488 magistri
1259 2408 1427 2490 hospitalis
1460 2410 1492 2470 in
1525 2410 1608 2471 dicta
1632 2411 1749 2471 civitate

495 2517 618 2580 fundati
652 2532 683 2578 et
707 2517 844 2578 aliorum
878 2519 1052 2597 proborum
1087 2515 1228 2575 virorum
1262 2535 1320 2597 pro
1350 2536 1387 2575 ea
1419 2516 1512 2576 nobis
1536 2531 1567 2578 et
1590 2519 1646 2578 toti
1671 2537 1748 2578 com-

496 2624 643 2686 munitati
669 2622 761 2700 facte,
779 2638 966 2700 annuentes,
992 2622 1096 2683 eidem
1118 2621 1247 2682 Grande
1273 2622 1399 2683 mulieri
1424 2623 1564 2703 graciam
1589 2637 1619 2684 et
1636 2624 1748 2684 miseri-

495 2731 637 2790 cordiam
663 2729 808 2806 fecimus,
835 2743 867 2790 ut
884 2729 952 2808 ipsa
969 2729 1008 2788 de
1034 2743 1138 2789 cetero
1157 2742 1187 2789 et
1204 2748 1260 2809 per
1277 2729 1416 2809 amplius
1433 2730 1463 2789 in
1490 2730 1648 2792 similibus
1664 2731 1748 2791 malis

495 2837 585 2898 lactis
609 2837 740 2918 reperiri
766 2855 830 2897 non
865 2835 967 2896 valeat
999 2855 1056 2895 nec
1089 2835 1214 2912 debeat,
1239 2835 1382 2916 alioquin
1416 2837 1441 2896 si
1467 2837 1498 2896 id
1524 2838 1747 2919 attemptaverit

495 2957 525 3004 et
550 2945 580 3003 in
606 2944 769 3024 aliquibus
802 2941 999 3024 deprehensa
1034 2941 1139 3018 fuerit,
1172 2956 1286 3003 extunc
1311 2962 1426 3022 penam
1460 2963 1518 3025 pro
1542 2945 1657 3006 talibus
1679 2963 1746 3004 con-

494 3065 615 3110 svetam
639 3049 801 3110 subibebit
829 3049 898 3129 ipso
923 3047 1017 3125 facto,
1042 3048 1174 3129 dempto
1199 3049 1222 3107 si
1253 3049 1347 3108 alicui
1373 3049 1497 3130 aliquid
1522 3053 1689 3130 obligatur,
1711 3070 1743 3110 ex

495 3157 585 3218 cuius
610 3170 697 3236 parte
722 3156 826 3215 eidem
853 3154 1106 3216 misericordiam
1136 3175 1198 3214 non
1233 3153 1377 3234 fecimus,
1401 3157 1456 3217 sed
1483 3156 1536 3218 fiet
1561 3157 1676 3238 justicia
1700 3177 1745 3216 se·

495 3264 635 3325 cundum
653 3263 957 3343 comprobationem
974 3275 1083 3322 contra
1103 3281 1184 3338 eam,
1199 3261 1269 3342 lege
1287 3263 1386 3343 ipsius
1410 3264 1546 3324 civitatis
1566 3265 1744 3345 requirente.

602 3388 679 3448 ltem
704 3388 778 3467 quia
805 3387 971 3446 Emericus
1004 3385 1220 3466 carpentarius
1258 3387 1337 3445 civis
1369 3387 1451 3448 dicte
1476 3389 1611 3450 civitatis
1644 3401 1744 3447 contra

496 3495 700 3555 Franciscum
725 3511 880 3573 generum
898 3491 1026 3552 Thome
1052 3491 1220 3573 Marysych
1237 3492 1428 3554 secundario
1450 3494 1563 3555 citatus
1587 3514 1646 3554 non
1662 3513 1745 3553 com-

495 3601 600 3682 paruit
625 3601 655 3659 in
680 3599 801 3677 judicio
826 3617 932 3658 coram
959 3599 1063 3660 nobis.

600 3724 675 3784 ltem
701 3741 828 3782 causam
855 3723 936 3782 inter
961 3721 1149 3782 Thomaslro
1182 3735 1335 3783 sartorem
1368 3738 1399 3783 et
1425 3723 1613 3785 llichaelem
1637 3723 1743 3806 pellifi-

495 3850 575 3907 cern,
601 3849 696 3910 quarn
723 3829 846 3910 pridem
873 3829 938 3909 ipse
959 3828 1095 3889 Michael
1120 3830 1296 3910 appellavit
1320 3831 1359 3890 ad
1377 3831 1519 3891 seniores
1541 3832 1665 3912 judices,
1681 3831 1742 3912 ipse

496 3935 632 3996 Michael
657 3948 781 3995 tenetur
805 3935 948 3996 seniores
972 3955 1162 3996 convocare.

600 4061 678 4120 ltem
703 4079 831 4120 causam
857 4062 938 4120 inter
962 4059 1164 4120 Anthonium
1189 4075 1330 4122 sutorem
1367 4063 1527 4124 seniorem
1553 4065 1678 4146 juratum
1714 4073 1744 4120 et

495 4168 576 4226 inter
601 4167 769 4226 Nicolaum
796 4165 1023 4248 Wrecharych,
1058 4167 1133 4248 quia
1166 4187 1245 4228 uxor
1274 4167 1417 4230 eiusdem
1451 4170 1605 4231 Anthonii
1636 4166 1741 4229 sutoris

494 4272 685 4351 vituperavit
710 4273 812 4353 ipsum
840 4269 1008 4332 Nicolaum
1042 4287 1072 4334 et
1104 4273 1170 4355 ipse
1195 4273 1347 4335 Nicolaus
1379 4275 1514 4337 eandem
1548 4277 1684 4349 vicissim,
1709 4272 1740 4331 in

494 4377 555 4438 boc
580 4380 673 4437 ambe
691 4391 795 4459 partes
820 4379 937 4438 debent
955 4379 1134 4440 satisfacere
1152 4380 1248 4459 judici
1268 4395 1298 4442 et
1322 4381 1441 4460 juratis,
1459 4384 1535 4464 quia
1553 4403 1614 4444 non
1637 4393 1740 4463 potue-

495 4497 567 4544 runt
592 4504 674 4544 unus
698 4498 806 4545 contra
832 4486 930 4545 aliurn
956 4487 1133 4568 producere
1158 4501 1270 4563 testes;
1297 4488 1336 4548 de
1361 4488 1418 4549 illo
1444 4504 1551 4551 autem
1576 4489 1655 4571 quod
1677 4487 1740 4565 ipse

496 4589 648 4649 Nicolaus
666 4590 839 4670 perforavit
856 4593 1008 4653 celarium
1031 4607 1061 4654 et
1079 4592 1138 4654 fuit
1161 4595 1274 4655 citatus
1298 4607 1408 4656 contra
1425 4596 1530 4676 ipsum
1556 4591 1738 4658 Anthonium

494 4709 646 4774 sutorem,
678 4717 735 4778 pro
768 4719 831 4758 non
865 4700 1031 4760 venientia
1060 4714 1090 4761 et
1124 4702 1325 4762 contumacia
1357 4714 1403 4762 est
1438 4704 1617 4764 concvictus
1639 4711 1738 4760 contra

495 4801 633 4879 judicem
659 4817 689 4862 et
706 4804 824 4882 juratos
852 4807 882 4865 in
908 4807 1070 4886 sexaginta
1089 4807 1246 4884 denariis;
1272 4827 1329 4889 pro
1354 4809 1503 4889 potencia
1528 4823 1627 4870 autem
1650 4820 1739 4884 quam

495 4908 561 4988 ipse
587 4909 737 4969 Nicolaus
770 4909 843 4971 fecit
873 4912 904 4972 in
937 4911 1159 4992 perforacione
1192 4915 1292 4996 ipsius
1316 4914 1424 4975 celarii
1458 4915 1619 4980 convietus
1640 4921 1677 4972 est
1702 4907 1733 4967 in

496 5014 606 5093 viginti
640 5017 752 5076 marcis
785 5018 1000 5097 denariorum,
1034 5021 1107 5100 quia
1142 5039 1206 5081 non
1240 5021 1300 5082 fuit
1330 5034 1520 5102 prosecutus
1555 5040 1607 5082 nec
1634 5011 1737 5098 petivit

1864 747 1866 800 v

1864 863 1866 932 l
