3644 5788
379 564 438 626 180
742 567 943 644 Ann01459.
970 583 1009 610 —·-
1035 581 1084 644 14.
1108 568 1270 626 decenbris.

484 779 559 840 ltem
588 779 690 840 Lucas
714 793 803 840 sutor
827 792 936 840 contra
963 778 1196 860 Margaretham
1219 778 1451 840 Babicheuicza
1475 779 1581 860 primo
1599 779 1639 838 ci-

376 898 459 946 tatus
484 905 548 946 non
574 887 764 966 comparuit.

483 991 560 1053 Item
580 992 655 1072 quia
672 992 862 1053 Valentinus
876 992 982 1053 senior
999 991 1094 1074 judex
1112 1005 1142 1052 et
1159 991 1299 1053 concivis
1316 1006 1423 1052 noster
1437 991 1468 1052 id
1482 1010 1555 1052 cum
1572 989 1637 1050 sul-

377 1097 498 1160 ficienti
524 1113 554 1160 et
578 1097 743 1180 fidedigno
768 1112 949 1162 nostrorum
975 1099 1157 1160 concivium
1192 1098 1379 1160 testimonio
1403 1097 1499 1159 hodie
1531 1117 1637 1159 coram

378 1205 472 1266 nobis
497 1204 528 1266 in
553 1204 627 1267 sede
646 1219 753 1266 nostra
778 1205 943 1286 judiciaria
962 1205 1045 1266 clare
1070 1219 1101 1266 et
1117 1205 1236 1266 seriose
1253 1204 1485 1286 comprobavit,
1511 1217 1544 1264 ut
1562 1203 1640 1264 dum

377 1311 424 1371 vir
448 1311 585 1372 condam
610 1311 765 1392 providus
789 1323 820 1372 et
844 1311 998 1373 honestus
1022 1311 1106 1372 taran
1129 1311 1227 1372 Twrlr
1253 1311 1341 1393 olym
1367 1310 1508 1372 concivis
1533 1323 1641 1370 noster

376 1417 407 1478 in
433 1417 583 1478 extremis
607 1417 671 1478 vite
695 1437 752 1480 sue
775 1419 962 1500 temporalis
994 1418 1182 1496 laborasset,
1206 1433 1281 1479 tunc
1316 1418 1382 1500 ipse
1407 1416 1570 1498 quandam
1595 1417 1641 1476 vi-

376 1543 469 1586 neam
495 1543 585 1584 suam
610 1523 642 1584 in
667 1524 828 1585 territorio
853 1537 962 1586 nostro
995 1523 1149 1603 habitam,
1173 1544 1247 1585 curn
1280 1524 1402 1586 cunctis
1434 1523 1499 1584 suis
1522 1521 1640 1582 utilita-

375 1630 461 1690 tibus
485 1643 516 1691 et
541 1629 746 1711 pertinenciis
769 1627 894 1711 prefato
920 1630 1092 1692 Valentino
1117 1629 1214 1710 judici
1238 1645 1403 1711 tamquam
1421 1627 1640 1690 commissario

377 1735 521 1797 eiusdem
553 1734 689 1797 fideliter
722 1736 902 1818 expendere
933 1736 1102 1818 legavisset
1134 1751 1165 1798 et
1196 1736 1379 1814 dimisisset,
1411 1734 1550 1814 ideoque
1582 1752 1642 1794 nos

377 1840 512 1904 eandem
545 1841 673 1902 vineam
704 1840 818 1923 prefati
844 1841 930 1904 lwan
963 1842 1054 1904 Turk
1086 1840 1211 1924 prefato
1242 1841 1416 1903 Valentino
1441 1839 1539 1921 judici
1572 1852 1642 1900 tan-

376 1967 474 2029 quam
499 1967 575 2009 vero
600 1961 631 2009 et
653 1948 813 2029 legittimo
841 1949 1061 2010 commissario
1093 1948 1237 2010 eiusdem
1263 1949 1393 2030 plenam
1418 1945 1579 2007 vendendi
1604 1965 1640 2006 ac

376 2054 462 2136 juxta
488 2055 751 2116 commissionem
776 2075 867 2117 auam
893 2056 1086 2138 disponendi
1119 2056 1322 2118 attribuimus
1346 2053 1514 2136 potestatis
1537 2051 1642 2134 pleni-

375 2161 534 2224 tudinem.

483 2267 561 2329 ltem
587 2287 714 2329 causam
747 2269 828 2329 inter
854 2268 1052 2350 Stephanum
1089 2269 1280 2350 Hungarum
1313 2281 1343 2328 et
1377 2266 1642 2328 Bartholomeum

379 2374 418 2435 de
443 2375 650 2455 Rakaspurga
682 2394 738 2456 per
772 2373 893 2455 juratos
924 2375 1070 2456 superius
1102 2374 1318 2456 adjudicatam
1349 2373 1492 2434 seniores
1520 2371 1644 2452 judices

378 2479 459 2560 juste
484 2478 552 2541 fore
576 2478 803 2560 adjudicatam,
820 2479 1060 2542 affirmaverunt
1082 2494 1113 2542 et
1130 2479 1401 2542 confirmaverunt
1425 2499 1480 2561 per
1497 2479 1642 2541 eosdem.

484 2586 560 2648 ltem
587 2587 726 2648 lacobus
743 2586 869 2668 Wyech
887 2606 1050 2648 successor
1067 2600 1177 2648 contra
1195 2586 1380 2668 Philippum
1398 2599 1540 2647 sutorem
1558 2584 1642 2665 jura·

379 2705 523 2754 mentum
548 2692 607 2753 sibi
633 2691 851 2774 adjudicatum
869 2693 1027 2774 superius,
1051 2707 1147 2775 prout
1164 2694 1302 2754 debebat
1327 2693 1487 2774 deposuit,
1512 2705 1543 2753 et
1568 2691 1644 2753 ideo

379 2811 425 2859 est
449 2797 529 2858 liber
553 2799 593 2860 ab
617 2797 688 2879 ipso
712 2797 903 2877 juramento

485 2903 562 2966 ltem
587 2903 663 2965 licet
688 2903 824 2966 Mathias
846 2905 1033 2967 tributarius
1057 2925 1115 2987 pro
1144 2905 1285 2987 quodam
1312 2903 1397 2966 furtu
1422 2903 1642 2982 juramentum

378 3009 438 3070 sibi
452 3008 669 3091 adjudicatum
683 3021 778 3091 prout
794 3009 932 3072 debebat
945 3031 1010 3072 non
1024 3011 1225 3094 deposuerat,
1242 3024 1273 3073 et
1286 3011 1328 3072 ob
1346 3008 1431 3092 (hoc)
1443 3009 1510 3091 ipse
1527 3007 1641 3072 fuisset

379 3116 544 3177 convictus
569 3116 600 3176 in
626 3116 695 3197 ipso
720 3113 818 3195 furtu,
842 3131 972 3199 propter
988 3117 1076 3198 quod
1101 3117 1186 3199 juxta
1212 3115 1476 3179 consvetudinem
1502 3115 1644 3177 civitatis

379 3221 485 3304 puniri
511 3221 684 3300 debuisset,
708 3234 816 3283 tamen
840 3242 897 3304 per
920 3223 1176 3305 supplicaciones
1208 3222 1442 3284 nonnullorum
1465 3222 1645 3302 proborum

379 3340 410 3388 et
433 3327 642 3388 honestorum
667 3327 809 3388 virorum
827 3341 893 3390 tota
909 3330 1126 3392 communitas
1150 3330 1211 3392 sibi
1237 3341 1268 3390 et
1284 3327 1380 3410 capiti
1398 3347 1457 3388 suo
1482 3347 1519 3387 ex
1536 3327 1646 3408 gracia

379 3433 550 3515 specialem
577 3431 722 3494 lecerunt
744 3434 895 3514 graciam.

486 3538 564 3599 ltem
596 3558 724 3600 causam
757 3540 837 3600 inter
869 3539 1049 3602 lohannem
1081 3540 1201 3601 Plakan
1233 3553 1263 3600 et
1295 3539 1430 3601 alterum
1457 3538 1640 3600 lohannem

381 3643 544 3725 Ranychin
569 3644 698 3705 racione
730 3646 941 3725 quarumdam
975 3645 1229 3728 percussionum,
1262 3644 1407 3707 Thomas
1440 3643 1575 3706 Cheden
1612 3659 1643 3706 et

381 3751 484 3810 Lucas
507 3764 596 3811 sutor
612 3751 690 3811 alias
707 3750 826 3832 juratus
844 3765 1032 3834 receperunt
1045 3752 1085 3813 ad
1102 3752 1308 3814 concordiam
1327 3751 1485 3832 usquead
1505 3752 1646 3832 primam

379 3856 465 3918 diem
498 3856 707 3936 judiciariam.

486 3963 562 4025 ltem
589 3963 725 4024 Mathias
750 3963 838 4026 faber
862 3977 971 4024 contra
997 3963 1188 4026 Thermsich
1213 3965 1343 4027 racione
1368 3965 1535 4026 cuiusdam
1561 3966 1647 4026 milii

379 4069 595 4148 juramentum
619 4071 679 4131 sibi
704 4069 922 4150 adjudicatum
949 4070 1098 4152 deposuit
1123 4083 1157 4132 ut
1181 4071 1329 4134 debebat.

608 4303 704 4378 Faria
731 4315 829 4378 sexta
857 4310 1012 4396 proxima
1039 4316 1117 4397 post
1145 4309 1267 4380 festum
1296 4309 1404 4383 lucie.

890 4461 952 4538 (14.
976 4460 1153 4538 decembris).

484 4599 561 4660 ltem
586 4598 680 4680 jurati
712 4599 978 4680 adjudicaverunt
1010 4621 1139 4664 causam
1171 4621 1235 4683 que
1267 4599 1327 4664 fuit
1359 4615 1447 4664 mota
1472 4601 1554 4663 inter
1587 4601 1646 4664 bo-

380 4705 482 4764 mines
499 4703 659 4784 magnifici
677 4705 801 4768 domini
821 4708 949 4768 Martini
968 4707 1007 4768 de
1025 4708 1215 4789 Frangapan
1237 4707 1365 4789 Wegle,
1384 4708 1568 4789 Segnieque
1585 4723 1646 4772 etc.

380 4810 516 4887 comitis,
541 4811 669 4871 racione
694 4812 907 4892 quarumdam
936 4833 1041 4874 rerum
1068 4827 1098 4874 et
1131 4815 1290 4875 bonorum
1315 4826 1461 4896 tempore
1485 4813 1648 4896 judicatus

379 4914 516 4975 condam
541 4915 651 4976 lacobi
678 4917 840 4999 Eberspek
864 4919 895 4979 in
920 4938 1006 4980 anno
1024 4918 1149 4980 domini
1175 4919 1358 4982 MCCCCL
1382 4921 1423 4981 ad
1448 4921 1646 5002 peticionem

380 5019 546 5081 cuiusdam
565 5021 693 5082 Thome
720 5023 882 5102 institoris,
900 5025 1017 5086 valoris
1042 5025 1226 5106 octuaginta
1244 5040 1307 5087 tres
1324 5025 1405 5106 flor,
1430 5041 1647 5090 arestatorum
