3852 5814
405 495 471 556 454
764 473 850 530 Anno
881 471 974 548 1476.
998 502 1042 513 -
1065 483 1113 528 12.
1137 467 1306 528 novembris.

1466 571 1668 578 ——-—-

407 684 547 768 rowych‚
579 703 722 746 sororem
754 697 860 744 autem
900 681 1000 763 ipsius
1032 679 1215 758 Dominici,
1247 698 1309 759 que
1341 691 1417 739 tuuc
1451 697 1583 760 presens
1615 675 1675 738 luit

409 791 541 874 quando
567 791 615 852 isti
641 789 770 852 ducenti
796 803 825 850 et
855 787 1089 870 quinquaginta
1121 785 1190 848 flor.
1214 805 1271 867 per
1302 783 1483 846 lohannem
1506 783 1670 845 Perowich

408 901 468 984 ipsi
492 898 666 960 Dominico
684 895 751 958 lilio
775 915 834 958 suo
851 893 980 956 fuerunt
997 893 1148 974 assignati
1173 906 1203 955 et
1220 891 1298 972 dati,
1322 891 1545 974 comprobavit
1562 909 1669 952 coram

408 1007 512 1069 nobis.
537 1039 579 1052 —
603 1003 669 1065 Alii
693 1021 770 1065 vero
795 1001 861 1063 duo
885 1013 980 1063 testes
1004 1000 1059 1081 qui
1093 1013 1169 1062 tunc
1193 998 1269 1082 ipsis
1299 1012 1462 1081 presentes
1486 1009 1585 1077 erant,
1610 997 1672 1059 sci·

408 1115 482 1176 licet
506 1110 652 1174 Thomas
676 1110 843 1172 Coruacus
867 1122 897 1169 et
922 1106 1084 1169 Johannes
1106 1106 1223 1168 Bolsalr
1247 1105 1362 1185 dictus,
1385 1105 1526 1168 seniores
1550 1104 1672 1186 judices

408 1219 544 1282 civitatis
569 1217 670 1296 istius,
695 1229 768 1278 sunt
800 1215 931 1292 mortui,
963 1233 1102 1296 quorum
1130 1212 1375 1276 testificationes
1407 1233 1486 1294 quas
1516 1211 1674 1274 testificati

410 1325 540 1388 luerunt
563 1325 594 1386 in
620 1323 769 1385 extremis
792 1322 855 1384 vite
880 1322 1022 1404 ipsorum
1048 1321 1133 1382 idem
1160 1320 1348 1382 Dominicus
1372 1319 1543 1402 produxit;
1568 1319 1674 1400 primo

409 1429 671 1494 testificationem
690 1427 819 1490 Thome
837 1427 977 1489 Coruaci
1001 1427 1123 1489 scilicet
1139 1426 1306 1488 dominam
1330 1427 1502 1488 Barbaram
1528 1425 1673 1487 relictam

409 1538 510 1622 ipsius
534 1536 663 1598 Thome
689 1535 823 1596 Coruati
847 1547 878 1595 et
902 1533 1104 1595 Anthonium
1121 1546 1153 1596 et
1177 1533 1357 1596 Johannem
1374 1533 1516 1594 seniores
1540 1531 1676 1614 judices,

409 1664 467 1707 nec
492 1663 557 1705 non
582 1642 726 1704 Blasium
759 1639 897 1722 judicem
932 1640 1007 1702 anni
1041 1640 1128 1701 illius
1152 1659 1217 1722 quo
1251 1640 1319 1722 ipse
1344 1639 1489 1701 Thomas
1513 1639 1604 1718 obiit,
1627 1657 1674 1698 se-

410 1751 517 1813 cundo
541 1747 802 1811 testificacionem
829 1747 984 1808 Johannis
1009 1746 1140 1808 Almani
1172 1747 1301 1829 plebani
1326 1747 1426 1808 sancti
1452 1746 1550 1807 Marci
1586 1744 1676 1806 vide·

411 1857 487 1920 licet
518 1854 687 1917 dominum
719 1852 882 1915 Matheum
916 1865 946 1913 et
979 1852 1159 1914 Johannem
1193 1853 1311 1914 Paazar
1342 1852 1502 1914 seniorem
1536 1851 1675 1932 judicem

411 1980 559 2025 necnon
586 1959 691 2022 Elium
723 1959 882 2021 seniorem
908 1958 1058 2039 juratum,
1092 1959 1146 2040 qui
1179 1979 1292 2020 omues
1324 1961 1382 2021 sub
1407 1958 1588 2040 juramento
1612 1958 1676 2018 sin-

410 2068 548 2150 gillatim
573 2085 680 2128 coram
706 2065 800 2126 nobis
823 2064 916 2145 jurati
941 2079 972 2126 et
1000 2066 1171 2126 examinati
1212 2065 1279 2126 viva
1315 2085 1393 2127 voce
1418 2079 1449 2127 et
1472 2064 1676 2127 concorditer

411 2174 457 2235 sic
481 2171 553 2234 lassi
579 2169 718 2250 fuerunt,
744 2170 831 2252 quod
865 2170 930 2251 ipse
956 2170 1118 2232 Johannes
1143 2170 1316 2256 Perowych
1349 2171 1593 2253 prenominatos
1617 2170 1676 2230 du·

411 2291 521 2342 centos
546 2291 576 2340 et
600 2278 835 2359 quinquaginta
860 2276 929 2338 flor.
964 2277 1022 2359 ipsi
1049 2277 1221 2339 Dominico
1251 2297 1314 2339 non
1347 2277 1589 2340 accomodasset
1620 2275 1676 2338 sed

411 2387 471 2448 sibi
497 2387 529 2447 in
554 2397 746 2468 perpetuum
765 2384 914 2445 dedisset.
940 2383 1016 2446 Item
1048 2383 1193 2446 Thomas
1209 2397 1298 2446 sutor
1321 2385 1400 2446 alias
1424 2385 1545 2467 juratus
1570 2404 1677 2446 coram

411 2493 505 2556 nobis
528 2493 586 2553 sub
611 2491 792 2573 juramento
816 2491 921 2553 taliter
945 2489 1045 2552 fassus
1070 2505 1127 2570 est,
1151 2492 1239 2573 quod
1264 2491 1368 2553 adhuc
1393 2506 1538 2574 tempore
1563 2493 1627 2554 vite
1646 2505 1678 2553 et

412 2602 496 2662 bone
521 2598 664 2660 sanitatis
690 2597 852 2659 Johannes
877 2597 1005 2676 Bolsalr,
1031 2597 1115 2658 idem
1135 2597 1296 2660 Johannes
1322 2598 1487 2660 Perowich
1512 2597 1676 2660 habuisset

411 2705 472 2769 sibi
497 2705 601 2767 dicere
627 2705 714 2786 quod
741 2705 832 2765 istam
858 2724 1040 2786 sumpmam
1064 2703 1132 2766 flor.
1169 2705 1315 2786 superius
1340 2705 1538 2766 nominatam
1564 2705 1675 2766 Domi·

412 2814 486 2875 nico
511 2811 654 2874 filiosuo
677 2811 928 2890 accomodasset,
953 2811 1007 2892 qui
1034 2811 1197 2872 Johannes
1214 2811 1330 2872 Bolsalr
1356 2831 1392 2872 ex
1417 2811 1552 2873 adverso
1569 2811 1675 2873 eidem

412 2919 551 2982 Johanni
577 2917 751 3001 Perowych
784 2918 961 3000 respondit,
993 2917 1080 2999 quod
1117 2937 1182 2979 non
1215 2919 1455 2980 accomodasset
1478 2917 1533 2979 sed
1558 2918 1617 2980 sibi
1643 2919 1676 2979 in

411 3039 604 3109 perpetuum
631 3024 780 3086 dedisset.
805 3025 872 3085 Nos
896 3038 1002 3086 autem
1035 3023 1152 3085 auditis
1177 3037 1208 3086 et
1232 3025 1389 3107 perceptis
1413 3024 1676 3086 attestacionibus

412 3134 579 3194 ambarum
603 3131 747 3212 parcium
772 3131 816 3191 sic
848 3129 1116 3210 adjudicavimus,
1147 3130 1235 3211 quod
1269 3130 1354 3191 idem
1380 3131 1571 3192 Dominicus
1592 3129 1677 3192 filius

412 3239 512 3322 ipsius
536 3237 691 3298 Johannia
717 3236 880 3298 Perowich
909 3237 1071 3319 predictos
1102 3237 1258 3298 ducentos
1291 3251 1322 3298 et
1346 3237 1581 3319 quinquaginta
1605 3235 1676 3302 flor.

413 3345 532 3427 quiete,
565 3342 696 3426 pacifice
720 3363 755 3405 ac
787 3343 887 3404 libere
920 3343 1229 3425 quomodocumque
1262 3343 1400 3405 voluerit
1431 3343 1518 3424 dare,
1550 3363 1677 3406 servare

413 3450 473 3512 sibi
498 3461 529 3511 et
552 3449 618 3510 suis
642 3449 814 3511 heredibus
837 3450 869 3510 in
887 3463 1097 3532 perpetuum;
1122 3449 1161 3510 de
1187 3469 1251 3532 quo
1269 3449 1390 3530 judicio
1414 3449 1591 3530 juratorum
1608 3449 1677 3532 ipse

414 3556 575 3619 Johannes
600 3555 773 3640 Perowycb
799 3575 863 3617 non
881 3568 1050 3618 contentus
1074 3556 1248 3638 appellavit
1272 3555 1311 3617 ad
1336 3556 1478 3618 seniores
1502 3555 1633 3638 judices.

520 3662 597 3725 ltern
623 3681 751 3724 causam
776 3663 857 3724 inter
882 3663 1002 3724 Lucam
1028 3661 1219 3724 familiarem
1245 3663 1407 3725 Dominici
1433 3662 1490 3725 filii
1515 3663 1677 3724 Valentini

413 3767 549 3830 senioris
573 3766 711 3850 (judicis)
736 3783 767 3830 et
791 3769 872 3830 inter
898 3769 1034 3830 Paulum
1060 3767 1186 3830 fabrum
1211 3789 1269 3851 pro
1294 3769 1436 3850 quodam
1462 3789 1558 3850 equ0‚
1582 3768 1678 3850 jurati

414 3874 689 3956 adjudicaverunt,
706 3875 794 3957 quod
820 3876 905 3936 idem
924 3875 1042 3936 Paulus
1066 3874 1155 3937 faber
1171 3874 1275 3957 jurare
1294 3876 1390 3938 debet
1412 3876 1567 3938 solusmet
1583 3896 1680 3958 super

414 4000 464 4061 eo,
489 3981 577 4062 quod
602 3981 669 4064 ipse
701 4001 766 4042 non
792 3981 864 4043 lesit
895 3981 988 4042 illum
1021 4000 1141 4064 equum
1174 4001 1231 4042 nec
1265 3981 1489 4043 subbabatavit
1513 3999 1606 4056 eum3
1638 3981 1679 4042 de

413 4107 478 4170 quo
502 4086 623 4170 judicio
656 4101 843 4170 procurator
877 4088 962 4150 illius
996 4089 1080 4150 Luce
1110 4108 1175 4150 non
1208 4101 1377 4150 contentus
1401 4089 1440 4150 ad
1465 4088 1608 4151 seniores
1631 4088 1679 4170 ju·

412 4194 499 4256 dices
522 4195 706 4278 appellavit.

519 4301 597 4362 Item
622 4320 750 4363 causam
775 4320 873 4382 quam
898 4302 1048 4362 movebat
1084 4301 1332 4384 circumspectus
1356 4301 1546 4363 Dominicus
1570 4313 1680 4364 contra

414 4406 537 4468 Jellram
555 4419 735 4469 consortem
755 4407 893 4468 Emerici
908 4407 1065 4490 selliparis
1081 4427 1140 4489 pro
1157 4407 1297 4488 quadam
1316 4407 1502 4490 perdicione
1520 4409 1679 4489 quinqua-

412 4513 500 4594 ginta
525 4533 590 4575 uno
615 4513 696 4593 flor,
729 4515 760 4574 in
789 4533 855 4595 quo
887 4514 988 4596 ipsam
1020 4512 1161 4596 prefatus
1194 4513 1383 4575 Dominicus
1415 4513 1613 4596 culpabilem
1648 4527 1681 4575 et

414 4620 574 4682 consciam
599 4619 795 4702 perdicionis
828 4621 958 4683 illorum
991 4620 1188 4682 florenorum
1221 4623 1390 4699 asserebat,
1419 4619 1551 4702 judices,
1584 4620 1679 4701 iurati

414 4726 654 4808 adjudicarunt,
687 4727 774 4808 quod
808 4727 874 4809 ipsa
908 4728 995 4788 lelka
1029 4741 1182 4789 sextamet
1213 4727 1273 4789 sibi
1306 4727 1466 4788 similibus
1490 4728 1679 4789 concivibus

415 4832 517 4914 jurare
543 4833 659 4895 debeat
690 4853 786 4915 super
809 4853 895 4895 aram
928 4847 1035 4896 sancte
1060 4834 1173 4896 Crucis
1205 4853 1301 4916 super
1333 4853 1383 4912 eo,
1407 4833 1496 4915 quod
1521 4835 1588 4916 ipsa
1612 4853 1680 4896 non

414 4939 533 5021 recepit
567 4959 626 5000 uec
657 4940 714 5001 scit
746 4959 811 5022 quo
844 4941 973 5002 devenit
1006 4941 1063 5002 isra
1096 4961 1243 5024 sumpma
1272 4939 1360 5017 flor.;
1396 4941 1526 5024 dequo
1558 4940 1681 5022 judicio
