3694 5782
583 541 783 621 Ann0‘1467.
808 578 851 588 —
874 557 923 621 25.
948 549 1074 620 augusti.
1094 618 1099 627 ι

986 653 1292 660 ——--—.-.---——-...-

1335 568 1458 662 „El

195 773 260 814 non
285 756 441 837 recepisse
466 775 523 816 nec
548 776 604 838 per
628 755 775 818 homines
800 775 874 818 suos
906 757 1075 838 allegabat,
1107 759 1162 819 sed
1188 759 1319 821 eosdem
1346 780 1459 843 porcos

196 881 264 922 esse
289 877 433 944 receptos
449 882 506 944 per
522 861 670 924 homines
698 863 821 924 domini
840 864 994 925 lobannis
1016 865 1143 948 Thwzy
1168 867 1253 945 bani,
1278 881 1309 928 et
1326 868 1457 930 eosdem

193 987 310 1048 porcos
333 989 389 1051 per
413 968 560 1030 homines
584 969 727 1032 eiusdem
753 969 876 1030 domini
896 971 1050 1032 lobannis
1076 972 1202 1055 Thwzy
1226 975 1317 1036 datos
1334 974 1374 1036 ad
1403 995 1456 1036 cu-

192 1074 275 1135 riam
301 1075 517 1157 episcopalem
551 1076 802 1156 zagrabiensem,
827 1089 857 1138 et
890 1077 1009 1138 ibidem
1044 1077 1237 1158 interlectos,
1262 1101 1358 1162 seque
1392 1083 1458 1162 ipse

196 1181 322 1242 Blasius
346 1180 441 1261 judex
466 1195 583 1243 eotunc
611 1201 676 1243 non
709 1202 775 1242 esse
801 1182 889 1243 domi
923 1183 977 1243 sed
1004 1183 1154 1262 Chasme,
1187 1205 1259 1246 cum
1285 1187 1344 1268 ipsi
1370 1187 1457 1269 porci

190 1284 323 1348 fuerunt
348 1289 478 1369 recepti,
496 1288 711 1368 quosquidem
738 1308 853 1370 porcos
877 1289 942 1368 ipsc
962 1289 1077 1371 Radoy
1099 1291 1158 1350 sibi
1184 1311 1239 1372 per
1264 1292 1367 1372 ipsum
1387 1293 1459 1353 Bla-

192 1393 276 1454 sium
302 1392 441 1472 judicem
466 1407 497 1454 et
521 1392 668 1454 homines
685 1413 760 1454 suos
785 1409 929 1476 receptos
951 1394 1018 1457 fore
1036 1396 1197 1476 allegabat
1220 1417 1328 1458 coram
1354 1400 1459 1476 nobis,

192 1512 223 1560 et
248 1518 286 1560 ex
313 1512 400 1579 parte
425 1499 569 1560 eiusdem
596 1499 692 1560 Blasii
710 1499 825 1578 judicis
850 1501 977 1562 racione
996 1503 1193 1583 recepcionis
1219 1503 1359 1584 ipsorum
1386 1524 1456 1585 por-

191 1623 303 1664 cotum
328 1604 387 1664 sibi
413 1602 642 1666 satisfaccionis
674 1606 949 1687 complementum
982 1627 998 1668 a
1024 1608 1116 1668 nobis
1148 1608 1270 1670 scilicet
1294 1607 1399 1688 judice
1426 1624 1457 1672 et

190 1709 302 1788 juratis
327 1709 410 1771 dicte
435 1711 572 1772 civitatis
597 1711 751 1792 impertiri
785 1713 986 1794 postulabat;
1012 1727 1043 1775 et
1067 1713 1124 1775 hec
1149 1716 1333 1796 propositio
1358 1717 1458 1798 ipsius

194 1815 310 1898 Radoy
342 1813 422 1878 facta
448 1815 507 1878 fuit
541 1815 616 1878 feria
646 1831 733 1878 sexta
765 1819 910 1899 proxima
942 1833 1014 1881 ante
1050 1819 1165 1880 festum
1199 1820 1349 1882 kathedre
1375 1822 1458 1883 beati

191 1921 275 1982 Petri
301 1922 451 2003 apostoli,
476 1922 553 1983 dum
578 1943 708 2004 presens
733 1925 922 1986 kathernum
941 1939 1085 1986 nostrum
1111 1939 1255 2009 ternpore
1274 1927 1373 2008 ipsius
1391 1948 1458 1988 rno-

191 2030 283 2092 derni
309 2029 424 2110 judicis
449 2039 547 2092 nostri
573 2033 729 2093 conscribi
756 2049 801 2094 est
833 2034 1007 2116 inceptum,
1039 2034 1168 2115 etquis
1196 2055 1254 2094 nos
1278 2049 1396 2098 eotunc
1421 2057 1458 2097 ex

193 2150 282 2217 parte
302 2137 447 2197 eiusdem
463 2137 559 2198 Blasii
584 2137 698 2218 judicis
712 2139 839 2200 racione
857 2140 1015 2200 dictorum
1031 2160 1200 2221 porcorum
1216 2141 1321 2202 eidem
1342 2142 1455 2223 lladoy

190 2240 425 2303 satisfactionis
449 2243 722 2325 complementum
748 2242 851 2306 lacere
877 2265 939 2306 non
971 2246 1147 2327 potuimus,
1172 2247 1226 2308 ubi
1253 2247 1318 2328 ipse
1344 2248 1459 2330 Radoy

192 2361 312 2409 eotunc
337 2348 432 2409 nobis
464 2350 591 2410 racione
625 2349 767 2431 ipsorum
800 2371 969 2431 porcorum
1004 2351 1108 2412 dicere
1135 2351 1283 2429 babebat,
1308 2354 1395 2434 quod
1421 2375 1457 2414 ex

191 2473 259 2534 quo
285 2473 345 2515 nos
368 2455 427 2516 sibi
454 2475 491 2516 ex
516 2469 603 2536 parte
629 2456 771 2537 ipsorum
797 2476 967 2536 porcorum
993 2456 1247 2519 satisfaccionem
1274 2458 1376 2520 lacere
1401 2478 1458 2519 no·

191 2561 324 2638 luimus,
350 2560 473 2640 ipsese
498 2573 684 2623 contentum
710 2562 749 2622 de
782 2562 969 2623 concivibus
994 2563 1109 2623 nostris
1134 2563 1164 2623 in
1191 2565 1309 2624 tenutis
1333 2563 1457 2625 domini

189 2665 237 2726 sui
265 2664 370 2727 lacere
394 2667 501 2745 vellet,
527 2669 580 2728 ubi
598 2667 727 2730 tandem
748 2665 889 2748 prefatus
906 2668 1021 2751 Radoy
1039 2667 1186 2730 officialis
1203 2669 1356 2750 providos
1373 2670 1458 2731 viros

191 2772 367 2834 Martinam
393 2785 423 2834 et
449 2773 589 2834 Blasium
615 2793 783 2855 arcupares
807 2794 842 2834 ac
868 2775 996 2836 Petrum
1015 2775 1208 2856 selliparem,
1235 2777 1383 2838 concives
1401 2796 1457 2837 no·

190 2892 284 2955 stros,
317 2878 446 2940 racione
478 2879 706 2960 premissorum
738 2899 909 2960 porcorum
943 2881 974 2940 in
1009 2882 1152 2961 predicto
1184 2881 1306 2963 oppido
1340 2883 1456 2944 Jaztre·

193 2987 312 3046 barzlta
338 2999 463 3063 vocat0,
488 2985 564 3046 dum
590 2986 647 3067 ipsi
674 2987 713 3046 ad
740 2985 843 3048 lorum
879 2987 1017 3047 annuale
1051 2987 1080 3046 in
1108 2985 1188 3048 festo
1214 2989 1297 3048 beati
1324 2987 1457 3068 Georgii

196 3092 314 3173 Segnie
339 3092 494 3153 celebrari
527 3092 669 3169 solitum,
702 3113 774 3154 cum
801 3095 894 3154 rebus
926 3107 956 3153 et
981 3093 1073 3153 bonis
1105 3112 1216 3153 eorum
1242 3093 1281 3153 ad
1308 3094 1456 3174 Segniam

193 3197 328 3278 profecti
355 3196 499 3275 fuissent,
524 3197 644 3258 ibidem
678 3212 853 3277 arestasset,
886 3219 943 3260 nec
976 3199 1106 3260 eosdem
1139 3197 1257 3260 abinde
1282 3199 1373 3260 aliter
1398 3201 1457 3260 nisi

192 3305 231 3365 ad
256 3304 354 3365 fidem
381 3324 492 3365 eorum
511 3305 550 3364 ad
576 3306 704 3385 propria
723 3305 826 3367 redire
851 3305 1056 3387 permisisset,
1074 3306 1162 3386 quod
1181 3325 1282 3386 usque
1307 3319 1455 3366 octavum

194 3410 278 3472 diem
303 3411 384 3472 circa
410 3411 514 3492 ipsum
541 3409 655 3492 Radoy
680 3411 720 3470 ad
746 3411 850 3492 ipsum
873 3411 1029 3492 oppidum
1055 3412 1278 3472 Jaztrebarzlta
1303 3412 1341 3471 ad
1361 3411 1456 3472 lidem

193 3536 305 3578 eorum
332 3517 440 3578 venire
464 3516 659 3578 debuissent.
694 3516 894 3598 Quiquidem
928 3517 1076 3578 concives
1108 3517 1206 3578 nostri
1233 3518 1362 3578 racione
1387 3536 1457 3599 pre-

193 3625 288 3686 misse
315 3624 515 3685 detencionis
540 3643 663 3702 eorum,
688 3637 798 3684 contra
828 3636 1015 3684 annotatum
1051 3623 1192 3684 Blasium
1217 3624 1357 3704 judicem
1383 3645 1457 3686 con-

193 3731 296 3811 questi
323 3729 465 3808 suissent,
498 3749 594 3810 quem
628 3729 770 3790 Blasium
802 3728 941 3809 judicem
975 3749 1033 3790 nos
1065 3731 1162 3791 nostri
1189 3731 1221 3790 in
1246 3731 1390 3791 medium
1415 3730 1455 3792 ad

193 3837 300 3898 locum
326 3837 506 3898 consistorii
533 3837 630 3898 nostri
661 3837 767 3897 vocari
802 3835 937 3897 lecimus
962 3849 992 3898 et
1024 3836 1162 3897 eundem
1189 3837 1376 3918 inquisitum
1403 3837 1456 3898 ha-

194 3943 335 4018 buimus,
359 3956 394 4004 ut
426 3943 493 4023 ipse
519 3943 604 4024 ipsos
635 3943 783 4005 concives
816 3956 941 4004 nostros
970 3944 1097 4004 racione
1130 3943 1359 4024 premissorum
1385 3964 1456 4025 por·

193 4067 303 4108 corum
330 4067 402 4108 curn
428 4050 521 4109 rebus
546 4063 576 4110 et
601 4050 694 4110 bonis
719 4062 749 4110 et
773 4049 917 4130 personis
938 4069 1049 4110 eorum
1076 4050 1232 4130 impedire
1257 4065 1287 4110 et
1311 4051 1457 4110 arestari-

194 4151 298 4214 lacere
324 4173 388 4215 non
407 4155 615 4236 permitteret,
633 4154 822 4236 quiquidem
842 4155 966 4216 Blasius
982 4155 1077 4236 judex
1103 4156 1141 4216 ad
1160 4170 1300 4216 nostram
1326 4156 1459 4216 veniens

193 4261 405 4342 presenciam,
431 4280 537 4322 coram
565 4261 658 4322 nobis
683 4275 714 4322 et
731 4275 796 4322 tota
822 4262 1052 4322 communitate
1071 4263 1154 4322 dicte
1179 4261 1315 4322 civitatis
1340 4263 1370 4322 in
1389 4281 1458 4343 pre-

194 4366 280 4427 dicto
314 4367 504 4427 consistorio
538 4381 647 4427 nostro
680 4367 819 4445 dixisset,
852 4368 939 4447 quod
965 4367 1030 4448 ipse
1064 4387 1170 4426 coram
1206 4368 1298 4428 nobis
1330 4369 1458 4429 racione

194 4473 336 4554 ipsorum
363 4492 533 4554 porcorum
559 4471 683 4554 prefato
709 4473 823 4554 Radoy
842 4472 962 4552 judicio
989 4485 1018 4533 et
1043 4473 1166 4554 justicie
1191 4487 1292 4533 astare
1318 4485 1348 4534 et
1371 4492 1458 4534 com-

193 4599 302 4661 parete
329 4579 435 4657 vellet,
460 4578 548 4660 qnod
575 4579 639 4660 ipse
665 4579 837 4659 premissos
861 4598 985 4660 porcos,
1003 4595 1097 4658 prout
1122 4579 1270 4659 superius
1295 4593 1457 4639 narratum

194 4701 249 4764 est,
274 4705 339 4746 non
366 4687 533 4766 recepisset
550 4704 608 4745 nec
634 4685 773 4764 recipere
795 4684 1014 4744 commisisset.
1041 4685 1171 4764 Nosque
1197 4684 1324 4744 racione
1350 4685 1456 4765 previa

196 4791 234 4851 de
259 4793 440 4852 annuencia
466 4807 496 4850 et
513 4791 722 4872 permissione
749 4805 779 4851 et
796 4790 959 4850 voluntate
978 4789 1122 4850 ciusdem
1147 4789 1244 4849 Blasii
1270 4788 1384 4868 judicis
1401 4809 1458 4870 pro

195 4897 310 4958 eodem
336 4897 451 4979 Radoy
484 4897 590 4957 literas
623 4910 745 4956 nostras
778 4896 996 4976 scripserimus
1029 4909 1061 4955 ut
1096 4895 1161 4974 ipse
1192 4895 1301 4954 venire
1336 4895 1367 4954 in
1393 4915 1458 4954 me-

195 5003 283 5064 diurn
310 5003 408 5064 nostri
445 5004 579 5079 veniret,
610 5003 698 5082 quod
724 5003 748 5062 si
783 5003 848 5081 ipse
879 5002 1002 5062 blasius
1033 5001 1127 5082 judex
1162 5003 1193 5061 in
1218 5001 1328 5081 aliquo
1353 5001 1457 5062 eidem
