3838 5786
428 587 492 665 418
784 593 870 648 Anno
893 600 982 665 1472.
1013 621 1053 630 —
1078 601 1127 664 27.
1152 587 1320 646 novembris.

430 802 533 884 ipsum
552 801 730 862 verberavit
749 799 905 880 usquead
924 800 1088 881 sanguinis
1105 798 1312 874 effusionem3
1331 813 1361 860 et
1378 799 1454 860 dum
1473 798 1599 879 jurabit,
1615 813 1694 860 tunc

430 909 496 989 ipse
523 907 659 968 Michael
693 906 901 967 convincetur
933 906 964 966 in
998 906 1107 967 decem
1141 907 1247 988 pensis
1282 905 1338 987 ipsi
1374 904 1492 966 Mathia
1526 919 1557 966 et
1580 905 1693 986 juratis

428 1033 484 1076 seu
502 1013 724 1074 communitati
750 1013 782 1072 in
807 1025 935 1074 centum
962 1012 1108 1074 denariis.

535 1119 611 1182 Item
638 1119 712 1200 quia
737 1118 890 1179 Nicolaus
914 1117 1063 1200 Poyeych
1088 1117 1225 1179 debebat
1241 1117 1338 1180 hodie
1355 1118 1475 1199 judicio
1500 1132 1600 1180 astare
1626 1123 1695 1180 An-

428 1227 541 1288 thonio
566 1225 674 1307 judici,
700 1225 755 1306 qui
781 1225 933 1286 Nicolaus
957 1245 1021 1286 non
1049 1225 1134 1286 venit
1159 1245 1263 1306 neque
1289 1245 1346 1306 pro
1369 1247 1401 1286 se
1426 1227 1521 1287 misit.

535 1332 610 1392 ltem
636 1332 711 1413 quia
746 1331 903 1392 Achacius
935 1331 1066 1412 juratus,
1098 1346 1195 1410 actor,
1228 1333 1282 1413 qui
1315 1333 1467 1394 citaverat
1491 1332 1694 1394 Anthonium

429 1439 641 1521 Thermsych,
667 1441 733 1520 ipse
759 1438 941 1501 Anthonius
965 1441 1061 1501 tercia
1087 1441 1155 1500 vice
1181 1442 1372 1522 comparuit,
1398 1443 1464 1523 ipse
1488 1461 1564 1503 vero
1589 1441 1694 1503 Acha-

428 1547 496 1607 cius
520 1566 584 1606 non
611 1546 698 1607 venit
722 1565 826 1627 neque
851 1546 992 1626 aliquem
1018 1566 1076 1628 pro
1101 1565 1133 1606 se
1159 1547 1254 1608 misit.

536 1652 611 1713 ltem
638 1653 669 1712 in
696 1671 787 1714 causa
822 1653 903 1712 inter
927 1672 1059 1714 uxorem
1093 1651 1178 1714 Galli
1210 1653 1376 1735 Kodelych
1410 1653 1514 1734 jurati,
1551 1669 1582 1716 et
1607 1654 1691 1716 inter

429 1760 642 1840 Pongracium
667 1775 820 1820 sartorem
848 1760 975 1820 racione
1001 1760 1164 1840 porcionis
1179 1760 1345 1820 cuiusdam
1372 1760 1498 1838 domus,
1524 1761 1591 1842 ipse
1609 1761 1694 1822 Pon·

427 1867 552 1946 grauius
575 1867 671 1928 debet
696 1867 871 1947 producere
897 1881 1002 1944 testes,
1026 1866 1077 1928 vel
1107 1867 1289 1928 testimonia
1315 1867 1365 1927 vel
1392 1868 1508 1946 literas,
1532 1887 1598 1949 quo
1624 1867 1694 1946 jure

429 1973 495 2052 ipse
522 1972 684 2051 Pongrecz
710 1972 862 2053 possidet,
880 1973 910 2033 in
935 1973 1041 2054 primo
1066 1973 1196 2052 judicio,
1215 1973 1419 2036 medietatem
1439 1974 1555 2035 domus
1580 1975 1695 2056 inqua

432 2079 598 2141 inhabitat.

562 2315 657 2387 Feria
685 2327 780 2388 sexta
811 2321 965 2406 proxima
994 2327 1072 2406 post
1100 2318 1220 2388 lestum
1250 2319 1346 2388 beate
1376 2317 1566 2389 llatherine.

925 2473 986 2548 (27.
1011 2472 1193 2545 notterrrbrt's).

535 2611 612 2673 ltem
637 2612 710 2672 licet
737 2611 847 2671 Petrus
867 2611 977 2671 Koncz
999 2610 1113 2689 dictus,
1130 2611 1270 2688 sellator,
1295 2611 1489 2672 inhabitator
1513 2611 1595 2670 dicte
1615 2611 1696 2671 civi·

428 2719 511 2796 tatis,
536 2737 634 2799 gener
657 2717 784 2799 providi
811 2717 869 2778 viri
889 2717 1035 2799 Dyonisii
1060 2718 1200 2794 sartoris,
1226 2719 1279 2798 qui
1299 2738 1354 2799 per
1371 2717 1490 2798 juratos
1514 2718 1597 2778 dicte
1614 2717 1694 2778 civi-

428 2825 499 2885 tatis
525 2823 583 2886 luit
615 2824 815 2903 adjudicatus
846 2825 974 2885 racione
1008 2825 1186 2905 empcionis
1217 2825 1341 2906 plumbi
1376 2844 1549 2885 canuarum
1579 2825 1693 2904 organi

428 2931 560 2993 ecclesie
592 2931 691 2991 sancti
726 2930 822 2990 Marci
857 2931 990 2991 ecclesie
1023 2945 1128 2991 nostre
1160 2930 1363 3011 parochialis,
1397 2931 1484 3012 quod
1521 2930 1692 3011 plumbum

429 3037 495 3118 ipse
522 3037 633 3096 Petrus
656 3037 767 3097 Koncz
792 3037 927 3096 scienter
951 3056 968 3096 a
993 3037 1131 3097 condam
1162 3036 1325 3117 Stephano
1352 3036 1491 3097 berthun
1518 3036 1596 3096 olim
1622 3036 1693 3096 cive

429 3143 512 3203 dicte
545 3143 681 3202 civitatis
714 3157 744 3203 et
777 3142 876 3202 Paulo
901 3141 1026 3204 Croaco
1057 3143 1181 3204 sororio
1217 3143 1323 3203 uxoris
1359 3144 1502 3204 eiusdem
1537 3143 1692 3223 Stephani

429 3250 546 3310 Bertun
573 3263 823 3330 comparaverat,
849 3263 882 3308 ut
908 3251 973 3330 ipse
999 3269 1063 3309 uno
1094 3269 1179 3311 anno
1204 3251 1328 3330 integro
1357 3270 1415 3331 pro
1439 3251 1503 3310 suis
1527 3249 1694 3312 demeritis

429 3355 567 3416 debebat
602 3355 707 3435 puniri
740 3370 770 3414 et
802 3355 934 3415 ferratus
966 3355 996 3415 in
1023 3375 1147 3416 carcere
1181 3376 1308 3416 manere
1341 3371 1372 3417 et
1404 3357 1507 3437 ipsum
1532 3375 1692 3436 organum

429 3481 501 3522 cum
527 3462 591 3522 suis
624 3462 769 3542 expensis
802 3461 966 3522 reformari
1003 3479 1033 3524 et
1065 3464 1225 3545 preparari
1260 3462 1360 3523 lacere
1386 3463 1534 3541 debebat,
1559 3479 1590 3524 et
1614 3464 1691 3544 quia

429 3571 468 3630 ad
495 3570 687 3651 peticionem
707 3570 1022 3650 quamplurimorum
1042 3571 1183 3630 virorum
1202 3569 1489 3631 ecclesiasticorum
1507 3584 1537 3630 et
1553 3569 1694 3630 aliorum

428 3677 603 3759 proborum
629 3676 771 3735 virorum
797 3676 890 3735 nobis
903 3676 1023 3737 scilicet
1047 3676 1104 3736 toti
1123 3675 1345 3737 communitati
1371 3677 1454 3737 dicte
1479 3676 1616 3736 civitatis
1634 3695 1693 3758 pro

429 3782 543 3843 eodem
572 3782 663 3842 Petro
691 3782 811 3858 Koncz,
848 3796 915 3842 tum
941 3783 1041 3843 eciam
1068 3803 1125 3864 pro
1148 3783 1256 3864 inopia
1281 3799 1312 3843 et
1335 3797 1521 3865 paupertate
1546 3797 1611 3843 tam
1636 3803 1693 3844 sua

429 3908 524 3970 quarn
552 3888 652 3948 eciam
679 3889 785 3948 uxoris
810 3901 840 3949 et
873 3907 1045 3970 puerorum
1078 3908 1209 3950 suorum
1236 3890 1266 3950 in
1292 3904 1399 3951 tenera
1432 3904 1515 3951 etate
1539 3890 1693 3950 constitu-

429 4010 546 4073 torum,
571 4014 667 4075 quarn
693 4009 723 4055 et
747 3992 858 4076 prelati
887 3996 1030 4078 Dyonisii
1064 3997 1192 4057 sartoris
1223 3996 1324 4057 soceri
1353 3995 1402 4057 sui
1426 3997 1530 4057 taliter
1555 4011 1586 4057 et
1611 3996 1693 4056 adeo

429 4118 492 4163 tam
519 4102 612 4183 capiti
638 4121 735 4182 quam
760 4115 791 4162 et
822 4103 917 4162 rebus
950 4103 1015 4162 suis
1045 4102 1075 4162 in
1108 4103 1190 4164 dicta
1223 4103 1350 4164 civitate
1382 4116 1412 4163 et
1437 4103 1505 4163 eius
1530 4103 1692 4163 territorio

429 4208 545 4269 habitis
570 4207 702 4268 lecimus
726 4207 989 4286 misericordiam,
1026 4209 1113 4289 quod
1138 4209 1205 4290 ipse
1232 4209 1340 4269 Petrus
1369 4209 1481 4270 Koncz
1506 4228 1570 4270 non
1597 4209 1695 4270 debet

430 4316 494 4398 pati
521 4316 621 4397 ipsam
646 4335 764 4397 penam
796 4315 1060 4376 incarcerationis
1093 4329 1123 4376 et
1154 4315 1386 4377 vinculationis
1418 4317 1514 4376 unius
1538 4317 1612 4377 anni
1647 4316 1693 4376 in-

430 4423 509 4501 tegri
535 4423 566 4482 in
600 4423 669 4502 ipso
703 4441 827 4482 carcere
862 4422 1101 4483 communitatis
1132 4437 1251 4500 nostre,
1285 4423 1325 4484 ita
1356 4437 1476 4500 tamen,
1505 4422 1595 4503 quod
1627 4422 1694 4504 ipse

431 4530 542 4590 Petrus
567 4530 678 4590 Koncz
704 4530 798 4591 debet
824 4529 883 4590 sibi
909 4549 1042 4610 querere
1071 4543 1102 4592 et
1125 4531 1261 4592 inveniri
1279 4529 1531 4591 misericordiam
1557 4549 1571 4590 a
1599 4529 1693 4590 nobis

430 4637 550 4699 scilicet
575 4637 805 4698 communitate
830 4637 912 4698 dicte
938 4637 1072 4698 civitatis
1096 4657 1154 4718 pro
1187 4635 1420 4698 relorntacione
1445 4637 1544 4718 ipsius
1568 4636 1694 4717 organi,

430 4757 461 4805 et
485 4742 571 4824 quod
598 4742 664 4824 ipse
689 4743 800 4803 Petrus
826 4743 936 4804 Koncz
962 4743 1094 4804 ulterius
1119 4762 1184 4803 non
1218 4745 1385 4805 renovabit
1410 4745 1477 4825 ipsa
1502 4744 1586 4805 mala
1611 4742 1693 4804 lacta

429 4869 484 4912 sua
510 4864 541 4910 et
564 4849 609 4910 eis
633 4848 759 4927 similia,
777 4850 930 4929 quoniam
955 4850 980 4910 si
1003 4849 1141 4931 amplius
1164 4849 1373 4932 reprehensus
1397 4849 1492 4912 luerit
1515 4863 1630 4911 extunc
1656 4863 1686 4910 et

430 4957 535 5040 priora
561 4975 623 5037 que
648 4957 808 5018 commisit
833 4957 937 5017 eidem
963 4957 1121 5039 impunita
1145 4977 1208 5019 non
1227 4957 1509 5039 pretermittentur,
1532 4956 1588 5018 sed
1606 4956 1692 5034 juxta

430 5084 486 5127 sua
519 5064 672 5126 demerita
705 5063 855 5145 punietur
886 5083 984 5147 penes
1007 5063 1112 5146 legem
1144 5063 1227 5128 dicte
1260 5063 1414 5141 civitatis;
1447 5076 1477 5126 et
1507 5081 1602 5147 super
1626 5081 1692 5147 quo
