3738 5786
408 505 468 586 136
770 504 964 581 Am1457.
987 536 1031 548 —
1054 513 1104 578 25.
1128 502 1296 564 novem.

1475 607 1668 615 .————

403 735 499 798 super
522 715 626 781 fundo
649 735 709 779 suo
733 717 766 776 in
798 715 955 782 suburbio
978 712 1115 775 civitatis
1147 711 1290 793 predicte
1314 731 1412 794 penes
1435 711 1570 776 fluvium
1603 732 1672 776 me·

403 823 501 886 talem
526 824 558 884 in
583 823 748 885 vicinitate
781 822 915 904 predicti
940 819 1033 883 fundi
1065 819 1166 902 ipsius
1190 819 1289 882 Blasii
1321 817 1403 882 labri
1425 819 1547 898 habito,
1572 839 1673 884 unam

403 943 552 1012 quartam
577 943 608 994 et
632 942 778 995 octavam
804 929 892 992 curie
925 929 957 990 in
981 948 1015 990 se
1039 927 1225 990 continente
1256 926 1296 991 ad
1321 945 1414 991 usum
1440 927 1575 991 civitatis
1599 945 1671 1008 pre-

403 1036 499 1115 dicte,
517 1035 696 1102 confectam
722 1055 780 1118 pro
797 1049 885 1117 parte
909 1035 958 1096 sui
976 1047 1006 1096 et
1023 1047 1216 1112 emanatam,
1240 1030 1365 1115 prelato
1391 1032 1535 1094 Seboldo
1559 1033 1673 1114 Maysr

403 1144 443 1206 ad
468 1157 656 1226 preceptum
682 1157 712 1204 et
736 1141 998 1204 commissionem
1028 1141 1128 1223 ipsius
1160 1140 1235 1202 dare
1260 1139 1376 1215 noluit,
1401 1153 1477 1202 tunc
1502 1139 1586 1203 idern
1614 1139 1673 1202 Se-

404 1249 521 1318 boldus
544 1251 656 1333 Meyer
682 1250 785 1331 ipsum
812 1247 1021 1310 Valentinum
1046 1246 1172 1308 fabrum
1197 1265 1271 1308 cum
1297 1265 1395 1308 uxore
1418 1263 1475 1308 sua
1500 1245 1539 1306 ad
1557 1245 1672 1310 turrim

403 1356 558 1437 inponere
583 1368 615 1421 et
638 1354 804 1418 vinculata
829 1353 943 1428 voluit,
968 1366 999 1414 et
1022 1373 1061 1415 ex
1083 1372 1123 1414 eo
1139 1351 1227 1414 idem
1252 1351 1443 1414 Valentinus
1467 1349 1557 1414 faber
1581 1365 1673 1418 metu

404 1462 504 1544 ipsius
536 1461 737 1524 detentionis
767 1460 963 1541 compulsus,
996 1459 1098 1541 ipsam
1129 1459 1254 1520 literam
1287 1457 1520 1541 privilegialem
1546 1456 1673 1540 prelato

405 1570 550 1635 Seboldo
575 1569 651 1632 dare
676 1581 707 1632 et
738 1587 796 1646 pro
828 1566 944 1630 eodem
976 1565 1079 1630 fundo
1103 1567 1143 1628 ab
1177 1565 1293 1627 eodem
1319 1565 1464 1628 Sebol'do
1487 1565 1606 1632 invitus
1638 1577 1673 1628 et

404 1675 593 1759 compulsus
615 1675 758 1757 recipere
776 1673 888 1734 debuit
911 1675 1018 1750 (deest),
1042 1691 1116 1734 cum
1137 1685 1243 1734 tamen
1270 1671 1357 1734 idem
1374 1672 1564 1735 Valentinus
1581 1669 1673 1734 leber

404 1784 510 1865 ipsum
535 1780 671 1846 fundum
697 1800 756 1863 pro
773 1780 802 1842 X
819 1779 888 1842 flor.
914 1779 981 1840 auri
1000 1791 1258 1860 comparaverat;
1283 1778 1424 1859 ideoque
1448 1799 1508 1840 nos
1532 1778 1672 1840 auctori·

402 1901 467 1953 tate
491 1888 657 1956 literarum
681 1885 839 1966 regalium
864 1887 958 1948 nobis
982 1885 1014 1946 in
1031 1884 1091 1947 hac
1115 1898 1204 1967 parte
1228 1886 1379 1948 attributa
1398 1885 1572 1963 mediante,
1590 1904 1671 1951 eun·

404 1995 479 2060 dem
504 1993 640 2056 fundum
666 1993 762 2056 unius
786 2005 898 2073 quarte
923 2005 954 2054 et
981 2004 1094 2054 octave
1118 1992 1206 2053 curie
1237 2011 1309 2054 cum
1335 1991 1401 2056 suis
1424 1991 1616 2055 utilitatibus
1639 2003 1674 2054 et

404 2099 610 2184 pertinenciis
634 2099 791 2165 universis
815 2099 921 2162 eidem
943 2097 1116 2160 Valentino
1140 2097 1232 2160 labro
1256 2098 1412 2180 premisso
1436 2097 1615 2180 empcionis
1631 2098 1672 2160 ti-

403 2207 472 2274 tulo
496 2207 557 2270 sibi
583 2207 790 2268 incumbente
823 2205 1080 2285 adjudicavimus
1103 2217 1134 2266 et
1166 2205 1336 2268 statuimus
1359 2205 1428 2286 jure
1452 2217 1609 2288 perpetuo
1641 2219 1674 2268 et

403 2313 656 2380 irrevocabiliter
680 2311 911 2395 possidendum
937 2325 969 2372 et
992 2311 1302 2393 quomodocumque
1333 2311 1473 2376 voluerit
1496 2311 1674 2394 disponen-

403 2421 482 2484 dum
507 2421 592 2502 juxta
616 2419 844 2483 condicionem
869 2418 1006 2479 civitatis
1028 2432 1207 2500 prenotate.

507 2525 586 2588 ltem
610 2525 686 2608 quia
720 2524 887 2588 Emericus
911 2522 1000 2587 faber
1033 2524 1137 2586 dictus
1170 2525 1305 2604 Ztanko,
1337 2524 1422 2588 tilius
1454 2525 1605 2604 Emerici,
1630 2525 1675 2588 ad

404 2632 640 2698 conscienciam
665 2646 695 2693 et
719 2630 816 2694 fidem
841 2650 931 2694 suam
962 2633 1055 2692 nobis
1088 2633 1207 2711 retulit,
1232 2647 1267 2696 ut
1291 2633 1370 2694 dum
1395 2633 1462 2715 ipse
1487 2652 1543 2714 per
1573 2632 1674 2696 desti·-

403 2739 573 2801 nacionem
599 2738 723 2800 domini
750 2737 938 2820 Hennyngi,
954 2752 1030 2800 ωηο
1048 2737 1173 2800 domini
1197 2739 1259 2817 aui,
1283 2738 1323 2800 ad
1349 2740 1511 2802 civitatem
1536 2738 1674 2802 Montis·

402 2845 563 2928 grecenais
598 2844 814 2926 supradictam
846 2842 1038 2921 advenerat,
1071 2857 1147 2906 tune
1180 2844 1286 2927 ipsum
1316 2845 1478 2926 predictus
1511 2845 1676 2908 Seboldus

403 2971 476 3022 cum
501 2951 641 3034 propriis
672 2951 821 3012 manibus
853 2950 918 3011 suis
954 2950 1093 3012 detinuit
1124 2951 1348 3034 potencialiter
1372 2968 1403 3014 et
1432 2951 1565 3014 tradidit
1596 2972 1675 3018 eum

403 3057 539 3122 Nicolao
563 3055 631 3120 filio
656 3056 809 3123 Demetrii
835 3055 934 3137 judici
964 3056 1051 3118 illius
1085 3058 1250 3140 temporis,
1275 3071 1306 3120 et
1329 3079 1386 3140 per
1410 3058 1550 3122 eundem
1575 3059 1675 3122 Nico-

403 3163 491 3230 laum
516 3161 656 3244 judicem
682 3182 720 3226 ex
745 3181 784 3224 eo
810 3162 1006 3224 incarcerare
1031 3161 1107 3226 lecit
1131 3179 1162 3225 et
1185 3165 1310 3228 tamdiu
1331 3165 1362 3226 in
1389 3165 1572 3248 captivitate
1597 3185 1676 3230 eum

405 3283 513 3335 tenere
540 3267 613 3333 tecit
630 3287 800 3350 quousque
818 3268 878 3330 sibi
896 3268 1021 3330 literam
1041 3269 1177 3331 civitatis
1202 3271 1438 3353 privilegialem
1455 3272 1676 3354 superfundo

405 3387 436 3446 et
460 3374 559 3439 domo
583 3394 639 3440 sua
665 3374 697 3439 in
714 3373 870 3441 suburbio
894 3374 1031 3436 civitatis
1055 3395 1154 3457 penes
1171 3375 1307 3440 fluvium
1325 3379 1476 3441 metalem
1502 3379 1535 3440 in
1558 3379 1676 3444 vicini·

407 3494 471 3548 tate
495 3480 629 3564 predicti
654 3478 745 3542 fundi
771 3479 869 3561 ipsius
894 3481 1057 3544 Valentini
1076 3480 1156 3543 fabri
1190 3483 1262 3562 aito,
1288 3503 1385 3546 unam
1411 3497 1560 3566 quartam
1584 3487 1678 3550 curie

404 3587 436 3650 in
460 3606 493 3656 se
518 3587 713 3664 continente,
731 3605 788 3668 pro
813 3601 902 3669 parte
919 3587 968 3648 sui
986 3585 1176 3668 confectam,
1191 3589 1267 3652 dare
1285 3590 1400 3668 noluit,
1425 3605 1457 3652 et
1473 3591 1551 3654 dum
1568 3592 1676 3675 ipsam

403 3692 530 3756 literam
554 3691 658 3754 eidem
686 3691 828 3754 Seboldo
853 3707 940 3754 extra
973 3694 1013 3754 ad
1038 3713 1153 3756 manus
1177 3695 1277 3774 dedit,
1309 3711 1386 3760 ωηο
1410 3697 1550 3760 eundern
1575 3699 1677 3766 Eme·

406 3799 509 3860 ricum
541 3795 668 3860 fabrum
692 3797 732 3858 de
764 3799 831 3880 ipsa
862 3799 1044 3880 captivitate
1077 3815 1162 3864 extra
1197 3801 1330 3882 dimisit,
1365 3817 1461 3886 prout
1492 3823 1587 3886 super
1609 3803 1679 3870 hoc

408 3903 495 3968 idem
520 3904 687 3969 Emericus
704 3903 793 3970 faber
809 3905 1024 3988 juramentum
1042 3908 1178 3989 prestitit
1202 3928 1297 3991 super
1320 3929 1408 3975 aram
1433 3925 1540 3974 sancte
1558 3911 1680 3976 Crucis

407 4011 440 4075 in
466 4009 598 4077 ecclesia
624 4011 724 4075 sancti
742 4011 840 4076 Marci
858 4013 1074 4093 ewangeliste,
1099 4027 1129 4076 et
1147 4015 1222 4096 quia
1243 4015 1311 4098 ipse
1337 4016 1504 4080 Emericua
1526 4015 1614 4082 faber
1633 4021 1678 4084 ab

407 4117 478 4198 ipso
511 4115 654 4185 Seboldo
679 4117 801 4180 nullam
835 4119 1060 4216 pecuniariam
1084 4120 1287 4184 solucionem
1319 4142 1377 4203 pro
1411 4123 1481 4205 ipso
1506 4121 1607 4187 fundo
1645 4141 1680 4190 ct

406 4223 505 4292 domo
529 4242 585 4286 aua
610 4223 705 4289 unius
730 4238 842 4305 quarte
867 4226 995 4307 recepit,
1021 4239 1051 4288 et
1075 4246 1113 4288 ex
1139 4247 1177 4290 eo
1209 4247 1268 4292 nos
1291 4230 1480 4294 auctoritate
1506 4231 1679 4296 literarum

405 4327 562 4408 regalium
579 4329 760 4410 predictum
778 4328 913 4394 fundum
938 4346 969 4392 et
986 4331 1120 4394 domum
1146 4334 1241 4396 unius
1257 4350 1370 4415 quarte
1395 4355 1469 4398 cum
1493 4337 1559 4400 suis
1574 4341 1680 4420 perti·

406 4433 528 4504 nenciis
552 4434 656 4498 eidem
683 4437 832 4498 Emerico
858 4436 948 4499 labro
973 4438 1041 4521 jure
1058 4439 1118 4502 sibi
1148 4440 1349 4504 incumbenti
1373 4463 1409 4506 ac
1433 4463 1490 4525 per
1514 4463 1588 4506 eum
1604 4445 1681 4510 suis

406 4539 579 4605 heredibus
595 4539 850 4621 adjudicavimus
866 4556 897 4605 et
914 4543 1175 4610 confirmavimus
1199 4547 1268 4629 jure
1284 4563 1441 4631 perpetuo
1458 4564 1489 4612 et
1513 4550 1680 4614 irrevoca-

406 4645 513 4707 biliter
536 4646 767 4726 possidendum
788 4663 819 4710 et
842 4650 1150 4734 quomodocumque
1164 4654 1303 4717 voluerit
1327 4655 1566 4738 disponendum
1583 4655 1681 4740 juxta

406 4749 632 4817 condicionem
656 4753 793 4818 civitatis
817 4770 983 4837 prenotate
1007 4759 1047 4820 ab
1077 4761 1212 4842 antiquo
1236 4765 1458 4844 approbatam.

512 4857 589 4920 ltern
615 4859 690 4939 quia
707 4860 820 4922 Vrsula
846 4863 962 4924 mulier
985 4865 1094 4928 relicta
1119 4867 1257 4930 condam
1273 4869 1431 4934 Anthonii
1456 4868 1548 4949 fabri,
1572 4870 1604 4934 id
1633 4875 1680 4938 ad

407 4960 503 5024 fidem
528 4975 559 5024 et
583 4965 815 5036 conscienciam
840 4988 931 5030 suam
948 4971 1042 5034 nobis
1066 4973 1174 5036 retulit
1197 4976 1256 5038 sub
1273 4975 1467 5057 juramento,
1492 4977 1581 5058 quod
1598 4999 1679 5063 pre-
