3738 5786
592 503 679 560 Anno
703 511 793 578 1454.
819 533 860 542 —-
885 496 915 561 8.
945 500 1114 560 novembris.
1446 519 1488 581 79

222 714 294 796 ipsis
326 714 441 774 eadem
472 713 563 775 litera
596 727 703 774 nostra
735 731 820 774 nova
851 711 1033 774 confirmari
1067 710 1170 772 lacere
1195 710 1421 791 dignaremur3
1456 726 1487 775 et

221 821 294 901 quia
312 819 427 881 eadem
444 821 531 902 prior
548 819 637 880 litera
655 818 865 902 privilegialis
889 837 947 902 pro
967 831 1056 901 parte
1073 817 1172 900 ipsius
1190 817 1273 880 Petri
1291 819 1486 902 Sulkowych

221 945 313 1008 super
337 925 453 988 eadem
476 939 560 987 terra
584 923 728 988 confecta
753 937 784 986 et
808 937 966 1003 emanata,
990 924 1029 985 ad
1055 923 1171 986 trinam
1197 921 1356 986 forensem
1382 939 1412 986 et
1428 944 1486 1007 pu-

221 1033 336 1095 blicam
362 1032 657 1115 proclamacionem
691 1043 831 1093 nostram
864 1049 1073 1092 communem
1105 1049 1161 1112 per
1185 1049 1339 1112 precones
1363 1045 1487 1094 nostros

221 1158 409 1200 communes
433 1158 470 1199 ex
488 1137 715 1200 commissione
733 1151 840 1200 nostra
858 1136 1023 1199 communi
1048 1155 1137 1198 more
1154 1136 1233 1197 alias
1258 1136 1353 1198 solito
1371 1135 1486 1199 iactam

220 1244 335 1307 nullibi
361 1244 499 1307 inveniri
524 1244 639 1326 potuit,
662 1243 801 1326 ideoque
830 1263 889 1305 nos
919 1242 1056 1306 eandem
1080 1255 1198 1305 terram
1231 1241 1387 1304 arabilem
1411 1263 1486 1306 cunr

219 1351 282 1412 suis
314 1351 509 1413 utilitatibus
540 1364 571 1412 et
603 1350 810 1432 pertinenciis
844 1349 1002 1411 universis
1033 1349 1137 1412 eidem
1173 1347 1273 1410 Elene
1297 1348 1425 1411 mulieri
1456 1361 1488 1412 et

221 1456 305 1520 dicto
330 1456 498 1520 Demetrio
521 1455 589 1519 filio
620 1476 679 1518 suo
704 1477 741 1517 ex
774 1455 903 1518 instanti
936 1455 1081 1518 eiusdem
1114 1454 1214 1517 Elene
1239 1455 1384 1517 mulieris
1407 1456 1486 1538 peti·

221 1563 312 1626 cioue
336 1563 538 1646 presentibus
563 1563 664 1625 literis
687 1563 805 1625 nostris
829 1563 922 1624 novis
942 1561 1199 1644 privilegialibus
1223 1560 1485 1624 confirmavimus

219 1684 374 1752 perpetuo
399 1683 430 1732 et
454 1669 706 1731 irrevocabiliter
729 1668 957 1750 possidendam
982 1681 1013 1730 et
1037 1667 1346 1750 quomodocumque
1371 1668 1482 1730 volue-

221 1777 281 1837 rint
305 1775 540 1859 disponendam
566 1774 652 1858 juxta
677 1775 902 1837 condicionem
937 1774 1073 1837 civitatis
1096 1788 1263 1857 prenotate
1287 1775 1327 1836 ab
1351 1774 1485 1856 antiquo

221 1884 441 1964 approbatam.

324 1987 403 2051 Item
428 1988 504 2070 quia
528 1987 668 2050 Barbara
693 1986 758 2049 filia
789 1988 926 2050 condam
960 1986 1109 2069 Gregorii
1131 1985 1351 2070 Wrecharych
1376 1987 1485 2050 relicta

219 2112 293 2156 vern
318 2093 456 2156 condam
482 2092 637 2155 lobannis
661 2095 777 2156 sutoris
800 2095 890 2178 olym
910 2095 1052 2156 concivis
1076 2093 1175 2158 nostri
1201 2092 1259 2155 tilii
1283 2093 1413 2177 Mathye
1442 2093 1482 2155 de

221 2200 377 2283 Gorycza,
410 2220 497 2262 nunc
527 2213 635 2262 autem
668 2219 799 2262 consors
828 2200 986 2282 legittima
1018 2200 1144 2262 Nicolai
1176 2200 1312 2279 sutoris,
1344 2201 1485 2263 concivis

218 2321 334 2384 nostra,
359 2306 457 2368 hodie
481 2319 623 2368 nostram
648 2307 780 2368 veniens
805 2307 836 2368 in
862 2307 1072 2389 presenciam,
1097 2306 1137 2382 ,id
1162 2325 1236 2370 cum
1259 2305 1429 2370 sufficienti
1454 2322 1485 2370 et

219 2411 382 2494 fidedigno
406 2426 589 2474 nostrorum
614 2413 797 2474 concivium
820 2413 1007 2476 testimonio
1032 2414 1065 2474 in
1088 2412 1163 2476 sede
1188 2427 1295 2474 nostra
1317 2412 1484 2494 judiciaria

219 2519 298 2584 clare
331 2519 555 2601 comprobavit
586 2537 695 2581 coram
727 2519 830 2599 nobis,
862 2533 896 2581 ut
928 2519 1004 2582 dum
1036 2517 1178 2602 prelatus
1210 2519 1372 2582 lohannes
1396 2533 1484 2582 sutor

219 2625 304 2707 prior
326 2626 375 2688 vir
399 2626 500 2708 ipsius
533 2625 671 2688 Barbare
702 2625 847 2688 mulieris
875 2626 906 2687 in
939 2627 1089 2688 extremis
1121 2627 1184 2687 vite
1208 2646 1264 2688 sue
1295 2627 1484 2709 temporalis

217 2733 403 2812 laborasset,
426 2746 503 2796 tuuc
522 2733 589 2815 ipse
606 2732 740 2794 domum
765 2751 854 2794 suam
873 2745 904 2793 et
928 2731 1007 2793 duas
1024 2731 1134 2794 vineas
1159 2751 1231 2794 suas
1248 2733 1280 2794 in
1305 2732 1390 2794 dicta
1407 2732 1483 2795 civi·

217 2851 279 2900 tate
304 2853 335 2901 et
368 2839 438 2900 eius
468 2838 629 2901 territorio
663 2837 786 2900 habitas
818 2837 877 2921 ipsi
908 2839 1048 2901 Barbare
1082 2839 1208 2900 mulieri
1245 2858 1302 2922 pro
1327 2853 1402 2901 tunc
1426 2859 1482 2901 sue

218 2946 355 3008 consorti
392 2945 562 3027 legavisset
596 2957 752 3028 perpetuo
789 2945 1037 3028 possidendam,
1077 2945 1217 3026 ideoque
1252 2964 1311 3007 nos
1346 2945 1482 3008 eandem

218 3051 350 3114 domurn
375 3065 407 3115 et
430 3052 514 3134 ipsas
542 3052 621 3113 duas
652 3051 761 3113 vineas
795 3051 870 3114 dicti
904 3051 1059 3114 Johannis
1090 3052 1206 3114 sutoris
1230 3071 1303 3114 cum
1326 3053 1478 3116 omnibus

217 3159 281 3219 suis
304 3157 498 3220 utilitatibus
521 3172 552 3220 et
575 3157 781 3241 pertinenciis
805 3157 961 3220 universis
992 3157 1097 3221 eidem
1123 3159 1261 3220 Barbare
1292 3159 1419 3222 mulieri
1445 3179 1481 3221 ac

219 3283 359 3345 peream
384 3265 450 3326 suis
466 3264 638 3327 heredibus
663 3264 762 3326 literis
784 3265 900 3325 nostris
916 3264 1008 3328 novis
1032 3264 1287 3347 privilegialibus
1310 3265 1478 3327 statuimus

220 3384 250 3436 et
272 3371 534 3434 confirmavimus
568 3371 636 3454 jure
667 3384 823 3454 perpetuo
854 3383 884 3432 et
912 3371 1163 3434 irrevocabiliter
1195 3371 1423 3454 possidendam
1451 3386 1482 3433 et

220 3477 527 3560 quomodocumque
551 3477 690 3540 voluerit
719 3476 954 3559 disponendam
978 3476 1064 3559 juxta
1096 3477 1321 3539 condicionem
1346 3477 1482 3539 civitatis

221 3595 385 3665 prenotate
409 3585 450 3646 ab
474 3583 607 3665 antiquo
636 3585 857 3666 approbatam.

321 3688 400 3752 ltem
426 3690 502 3772 quia
526 3689 641 3754 Gallus
664 3689 794 3752 sellator
817 3687 902 3751 filius
927 3690 1022 3771 Myke
1039 3688 1079 3752 de
1104 3689 1292 3772 Kaproncza
1317 3689 1479 3770 juramen·

217 3809 282 3858 tum
301 3797 333 3858 in
359 3815 399 3858 eo
414 3797 474 3858 sibi
500 3795 729 3878 adjudicatum,
753 3809 788 3858 ut
811 3796 878 3878 ipse
896 3795 1018 3877 palium
1043 3796 1180 3857 Barbare
1202 3794 1345 3856 mulieris
1369 3794 1478 3857 relicte

219 3903 354 3965 condam
379 3902 469 3964 Pauli
494 3902 633 3985 Tolway
657 3921 721 3964 non
747 3901 962 3980 subtraxisset,
994 3901 1096 3985 pridie
1121 3900 1198 3964 teria
1223 3915 1309 3964 sexta
1334 3901 1479 3984 proxime

219 4011 365 4088 preterita
389 4009 525 4092 prestitit
549 4021 580 4070 et
596 4008 746 4092 deposuit
769 4007 850 4070 sicut
874 4007 934 4070 sibi
952 4006 1012 4070 fuit
1028 4007 1256 4090 adjudicatum,
1282 4009 1356 4070 ideo
1374 4009 1478 4091 ipsum

220 4113 349 4176 Gallum
375 4114 556 4176 sellatorem
582 4113 711 4176 racione
744 4114 842 4196 ipsius
868 4111 942 4175 lurti
967 4128 998 4175 et
1029 4114 1111 4176 dicte
1137 4113 1356 4196 juramentalis
1380 4115 1479 4197 depo·

218 4221 345 4282 sicionis
369 4221 569 4282 reddidimus
594 4219 661 4282 fore
686 4220 884 4302 expeditum.

321 4327 399 4388 ltem
423 4346 480 4408 per
512 4326 681 4388 instantem
714 4327 908 4409 peticionem
941 4326 1026 4388 Luce
1055 4325 1171 4388 sutoris
1203 4325 1349 4388 moderni
1385 4325 1478 4408 jurati

218 4453 310 4515 super
322 4432 458 4494 domum
473 4431 620 4514 Gregorii
631 4431 848 4516 Wrecharych
859 4433 959 4516 prima
970 4433 1038 4494 vice
1048 4453 1143 4515 super
1156 4453 1194 4494 eo
1209 4431 1342 4494 fecimus
1355 4433 1478 4514 procla·

219 4541 299 4601 mari·
315 4539 444 4622 publice
462 4540 494 4601 in
514 4538 583 4602 loro
608 4540 633 4600 si
658 4539 775 4621 aliquis
799 4553 925 4622 emptor
942 4540 1076 4601 eandem
1096 4539 1228 4602 domum
1247 4559 1352 4600 emere
1370 4539 1476 4602 vellet.

321 4645 400 4709 ltem
439 4645 533 4726 jurati
572 4644 795 4726 adjudicarunt
834 4665 962 4707 causam
1002 4646 1084 4709 inter
1117 4645 1295 4708 lohannem
1336 4645 1476 4728 judicem

219 4749 317 4813 filium
344 4752 424 4813 Pero
448 4750 541 4832 jurati
566 4765 597 4813 et
621 4753 702 4813 inter
728 4752 900 4813 Martinum
936 4765 1091 4814 sartorem
1116 4751 1216 4814 filium
1244 4753 1342 4814 Marci
1369 4765 1402 4814 ut
1427 4773 1477 4814 ac-

214 4871 329 4936 torem,
354 4877 461 4920 coram
495 4856 605 4938 juratis
636 4871 768 4938 motam,
801 4858 856 4920 tali
889 4859 999 4937 modo,
1031 4871 1065 4920 ut
1098 4858 1162 4941 ipse
1188 4857 1349 4920 lohannes
1382 4857 1476 4938 judex

221 4964 361 5044 predicto
386 4965 525 5026 Martino
549 4965 661 5026 sartori
687 4965 785 5026 nichil
803 4965 959 5048 promisit,
984 4965 1135 5027 videlicet
1158 4965 1279 5027 nullam
1306 4966 1473 5047 pecuniam
