3738 5786
623 542 708 598 Anno
731 553 820 617 1453.
846 575 887 582 —
909 555 940 616 4.
964 540 1046 600 maii.
1429 563 1466 622 53

200 753 306 813 raticie
330 752 508 835 superinde
532 750 675 814 conlecte
701 766 731 814 et
760 773 816 834 per
847 755 987 817 eundem
1012 753 1174 814 Andream
1201 752 1267 815 Lah
1293 753 1465 816 heredibus

199 859 262 920 suis
287 859 566 941 inpignoratarum
585 873 615 919 et
632 859 839 940 inpignorati,
864 861 946 922 inter
962 859 1129 920 dominam
1147 857 1355 920 Scolasticam
1372 861 1464 921 aliter

201 965 299 1026 Ztana
332 979 481 1027 vocatam
514 965 655 1026 relictam
690 963 803 1047 prefati
828 967 956 1028 Andree
979 965 1046 1026 Lah
1071 977 1101 1026 et
1126 965 1207 1026 inter
1240 965 1464 1028 Sebastianum

202 1073 334 1153 Lyubak
359 1071 515 1150 habitam,
539 1091 578 1134 eo
600 1072 699 1133 modo
717 1071 992 1154 adjudicaverunt,
1017 1085 1052 1132 ut
1077 1071 1143 1152 ipse
1160 1083 1242 1133 terre
1267 1085 1298 1132 et
1320 1069 1416 1134 fenile
1435 1073 1466 1133 in

203 1179 351 1239 manibus
374 1178 515 1240 duorum
540 1177 681 1240 filiorum
703 1192 736 1239 et
768 1179 909 1259 predicte
942 1177 1073 1239 domine
1103 1177 1275 1239 Scolastice
1301 1197 1401 1259 usque
1427 1179 1467 1239 ad

202 1299 329 1367 tempus
351 1284 590 1366 redempcionis
614 1284 710 1346 debet
733 1297 827 1363 stare,
853 1284 930 1346 dum
956 1304 1033 1346 vero
1050 1283 1259 1363 redimentur,
1282 1286 1379 1346 tercia
1396 1305 1468 1367 pars

202 1391 409 1473 pecuniarum
433 1392 493 1474 ipsi
511 1392 643 1453 domine
668 1391 854 1470 Scolastice,
879 1391 942 1452 due
959 1410 1036 1453 vero
1053 1404 1159 1473 partes
1183 1389 1282 1472 ipsius
1298 1389 1373 1452 filiis
1389 1389 1466 1452 dicti

203 1497 330 1560 Andree
357 1498 424 1559 Lah
448 1495 561 1560 cedere
586 1497 719 1576 debent;
744 1497 785 1560 de
809 1517 874 1579 quo
899 1497 1019 1578 judicio
1047 1497 1114 1580 ipsa
1139 1495 1270 1558 domina
1295 1496 1466 1558 Scolastica

202 1623 265 1666 uon
290 1617 441 1667 contenta
465 1603 641 1686 appellavit
665 1605 704 1666 ad
729 1603 872 1666 seniores
895 1603 1028 1684 judices.

306 1711 385 1774 Item
411 1712 514 1772 Lucas
538 1725 627 1773 sutor
660 1709 783 1772 Arland
815 1709 919 1772 dictus
944 1721 1053 1771 contra
1086 1711 1230 1772 Marcum
1254 1709 1393 1792 judicem
1427 1709 1466 1770 de

203 1820 345 1881 Abbacia
369 1819 475 1901 primo
499 1817 612 1880 citatus
636 1837 701 1879 non
726 1817 916 1900 comparuit.

229 2037 323 2113 leria
351 2047 448 2112 sexta
477 2042 631 2130 proxima
669 2047 745 2129 post
773 2039 896 2111 festum
929 2039 1138 2112 iuvenciouls
1167 2045 1283 2112 sancte
1312 2037 1438 2111 Crucis.

749 2197 793 2273 (4.
817 2194 915 2272 maii).

307 2335 385 2397 Item
410 2336 488 2417 quia
513 2334 691 2418 Elyzabeth
708 2333 774 2396 filia
800 2335 937 2397 condam
956 2335 1085 2396 Thome
1111 2335 1275 2397 Maztnecz
1300 2334 1465 2416 cognomi·

202 2442 277 2520 nati,
300 2440 359 2502 filii
386 2439 534 2522 Gregorii
560 2441 600 2502 de
626 2441 798 2524 Pobresya‚
824 2461 909 2503 nunc
932 2460 1064 2502 consors
1088 2441 1244 2522 legittima
1269 2441 1359 2504 Pauli
1383 2441 1464 2522 agri·

201 2549 280 2626 cole,
299 2548 470 2610 habitatrix
487 2547 570 2610 dicte
588 2547 734 2624 civitatis,
760 2547 792 2608 id
809 2549 903 2608 nobis
919 2545 1099 2628 significare
1116 2549 1249 2625 curavit,
1274 2561 1308 2608 ut
1324 2547 1463 2628 quedam

201 2669 280 2716 terra
304 2655 435 2716 arabilis
459 2655 492 2716 in
516 2674 632 2736 campo
656 2653 793 2716 civitatis
817 2653 969 2736 predicte,
994 2655 1026 2714 in
1044 2654 1206 2716 vicinitate
1230 2667 1312 2716 terre
1336 2654 1465 2716 arabilis

202 2761 361 2824 Valentini
388 2762 427 2822 de
452 2761 609 2824 Vrbowcz
633 2775 664 2823 et
688 2761 720 2822 in
746 2761 907 2822 vicinitate
932 2775 1014 2821 terre
1031 2761 1178 2822 similiter
1203 2761 1331 2822 arabilis
1347 2761 1463 2822 Valen-

201 2869 258 2930 tini
281 2867 399 2950 judicis
422 2865 541 2945 habita,
573 2866 790 2948 predictorum
815 2866 945 2928 Thome
963 2868 1061 2948 patris
1084 2881 1115 2929 et
1140 2867 1288 2949 Gregorii
1313 2867 1363 2929 avi
1389 2887 1462 2930 suo·

201 2995 269 3036 rum
293 2995 330 3037 ac
354 2975 494 3036 aliorum
518 2973 781 3056 predecessorum
809 2993 941 3035 suorum
973 2975 1102 3056 propria
1126 2989 1157 3035 et
1189 2973 1380 3036 hereditaria
1404 2973 1464 3036 luit

200 3101 325 3162 semper
349 3095 381 3143 et
404 3100 500 3162 super
517 3081 618 3162 ipsam
637 3079 815 3162 Elyzabeth
837 3079 935 3140 filiam
954 3100 989 3142 ac
1007 3081 1222 3161 Augustinum
1241 3093 1271 3142 et
1296 3079 1462 3142 Bartholo-

201 3208 306 3250 meum
331 3187 416 3250 lilios
440 3187 574 3269 predicti
600 3185 729 3248 Thome
753 3187 918 3248 Maztnecz
943 3185 1010 3266 jure
1037 3185 1229 3248 hereditario
1254 3185 1339 3268 juxta
1364 3187 1463 3269 ipsius

200 3295 334 3356 civitatis
358 3295 524 3375 antiquam
542 3294 807 3355 consuetudinem
826 3307 857 3356 et
873 3293 1108 3376 privilegiatam
1128 3295 1308 3358 libertatem
1334 3295 1462 3356 nemine

199 3403 325 3484 penitus
350 3402 588 3464 contradicente
607 3415 653 3462 est
670 3400 821 3463 devoluta
845 3415 875 3462 et
893 3401 1125 3478 condescensa;
1150 3415 1180 3463 et
1196 3402 1271 3484 quia
1288 3402 1328 3462 ad
1345 3402 1461 3463 trinam

199 3506 357 3570 forensem
383 3521 414 3570 et
436 3508 599 3590 publicam
624 3505 915 3589 proclamacionem
939 3507 1111 3590 superinde
1137 3527 1194 3591 per
1218 3527 1372 3590 precones
1404 3528 1460 3569 no-

199 3629 277 3675 stros
301 3633 492 3676 communes
516 3635 553 3676 ex
570 3613 797 3675 commissione
815 3629 922 3675 nostra
939 3614 1095 3695 legittime
1120 3612 1202 3676 facta
1220 3633 1316 3676 nemo
1335 3615 1461 3696 penitus

200 3721 391 3784 contradixit
415 3739 520 3802 neque
537 3720 751 3782 contradictor
776 3719 893 3802 aliquis
909 3721 1066 3803 apparuit,
1084 3719 1223 3802 ideoque
1248 3741 1307 3782 nos
1324 3721 1459 3782 eandem

200 3841 313 3890 terram
338 3828 495 3890 arabilem
519 3827 551 3888 in
577 3827 739 3888 vicinitate
763 3827 945 3908 supradicta
977 3827 1130 3906 habitant,
1156 3847 1229 3888 cum
1254 3827 1319 3887 suis
1343 3827 1459 3888 utilita-

199 3935 280 3996 tibus
304 3948 336 3997 et
360 3935 568 4017 pertinenciis
602 3934 758 3996 universis
785 3937 844 3995 sub
876 3935 944 3995 eius
968 3935 1129 4016 prioribus
1160 3935 1242 3996 veris
1267 3949 1297 3996 et
1321 3935 1460 4015 antiquis

198 4042 287 4104 metis
312 4042 418 4103 eidem
444 4041 621 4124 Elyzabeth
646 4041 774 4102 mulieri
800 4055 830 4102 et
854 4041 946 4102 dictis
963 4040 1144 4121 Augustino
1170 4061 1205 4102 ac
1230 4040 1459 4102 Bartholomeo

198 4147 268 4210 liliis
291 4149 427 4232 predicti
452 4147 580 4210 Thome
607 4149 772 4210 Maztnecz
796 4163 962 4230 tamquam
988 4148 1071 4208 veris
1106 4148 1278 4210 heredibus
1302 4149 1366 4209 suis
1389 4169 1458 4230 pre·

198 4255 292 4317 misso
316 4257 386 4339 jure
409 4255 603 4318 hereditario
628 4255 704 4338 ipsis
741 4257 940 4316 incumbenti
972 4255 1141 4317 statuimus
1172 4271 1326 4338 perpetuo
1359 4255 1458 4337 possi·

199 4361 336 4424 dendam
361 4374 392 4423 et
416 4361 724 4444 quomodocumque
749 4361 910 4424 voluerint
934 4362 1180 4444 disponendam.

300 4470 379 4532 Item
404 4469 480 4551 quia
506 4469 687 4551 Stephanus
710 4467 795 4530 filius
820 4469 960 4547 Thome,
978 4469 1113 4548 institor,
1138 4469 1170 4530 id
1197 4487 1270 4529 cum
1287 4467 1457 4530 sufficienti

199 4591 228 4638 et
250 4575 415 4657 fidedigno
439 4589 622 4637 nostrorum
646 4575 828 4637 concivium
859 4576 1044 4636 testimonio
1074 4574 1169 4636 hodie
1195 4575 1226 4636 in
1251 4575 1326 4636 sede
1351 4589 1457 4636 nostra

198 4681 363 4764 judiciaria
388 4701 497 4744 coram
522 4683 615 4744 nobis
639 4683 670 4743 in
690 4681 810 4763 judicio
835 4682 918 4743 clare
936 4683 1168 4764 comprobavit,
1194 4697 1228 4743 ut
1252 4682 1457 4744 medietatem

199 4790 367 4852 duodecim
392 4789 587 4871 quartalium
619 4789 710 4868 milii,
745 4789 833 4871 quod
867 4789 1004 4852 Michael
1037 4789 1120 4851 lilius
1153 4789 1291 4851 condam
1324 4789 1456 4870 Georgii

199 4892 299 4957 fratris
323 4895 412 4979 olym
439 4895 625 4978 Gregurych
651 4894 744 4978 jurati
770 4915 865 4978 super
889 4897 958 4978 ipso
977 4896 1139 4978 Stephano
1164 4897 1317 4974 institore,
1342 4897 1455 4976 jurato,

200 5021 253 5084 per
270 5002 503 5084 litigionarium
528 5021 713 5084 processum
730 5005 986 5085 prosequebatur
1011 5017 1040 5064 et
1065 5003 1216 5064 rehabere
1242 5004 1380 5079 volebat,
1398 5023 1455 5084 pro
