3838 5786
398 468 462 545 416
761 467 847 524 Anno
871 477 959 542 1472.
986 499 1026 506 —
1049 475 1096 540 17.
1121 463 1293 524 novembris.

403 677 434 738 in
461 697 587 738 eausam
613 691 783 739 attraxerat
807 675 847 738 ad
872 675 978 739 lorum
1002 677 1167 760 spirituale
1200 677 1329 738 racione
1354 674 1581 757 peccuniarum
1608 673 1666 754 ipsi

403 784 563 846 Clementi
589 804 644 866 per
667 785 771 866 ipsum
796 783 933 845 condam
959 783 1121 846 Andream
1147 783 1324 864 legatarum
1349 781 1612 843 testamentaliter
1636 793 1669 840 et

402 891 574 955 verbaliter
598 890 815 969 dimissarum,
840 903 870 951 et
895 891 934 952 ab
960 891 1080 952 eisdem
1100 890 1211 972 juratis
1235 889 1274 950 ad
1300 909 1358 950 iios
1382 888 1525 950 seniores
1548 886 1670 968 judices

401 997 609 1080 appellatam,
634 1017 693 1058 nos
718 997 861 1059 seniores
877 995 1001 1076 judices
1018 996 1101 1059 lacto
1126 997 1157 1058 in
1176 997 1332 1079 premisso
1354 995 1460 1057 taliter
1477 993 1671 1072 invenimus,

403 1104 490 1186 quod
517 1104 583 1186 ipse
608 1103 761 1166 Clemens
786 1103 982 1186 Symwnych
1005 1103 1108 1186 jurare
1126 1104 1287 1166 tenebitur
1310 1099 1389 1164 feria
1413 1114 1499 1162 sexta
1525 1099 1669 1182 proxime

406 1225 540 1273 ventura
566 1211 597 1272 in
622 1231 675 1272 ara
699 1225 806 1272 sancte
833 1210 957 1290 Crucis,
986 1211 1017 1272 in
1043 1230 1093 1289 ee,
1117 1210 1204 1292 quod
1230 1230 1287 1271 nec
1311 1228 1367 1292 per
1391 1207 1671 1284 informacionem,

404 1339 462 1380 nec
495 1318 693 1379 voluntatem
725 1337 831 1398 neque
864 1318 1108 1398 instigacionem
1143 1318 1243 1400 ipsius
1274 1316 1453 1378 Clementis
1486 1315 1553 1396 ipse
1578 1313 1671 1374 Vltus

403 1426 547 1486 literatus
572 1424 676 1506 ipsum
703 1424 857 1485 Mathiam
874 1443 1029 1504 generum
1051 1425 1151 1506 ipsius
1169 1423 1364 1506 Symwnych
1382 1423 1421 1484 ad
1447 1421 1552 1484 forum
1577 1420 1670 1502 spiri-

401 1533 489 1594 tuale
514 1552 579 1594 non
612 1532 720 1594 citavit
745 1551 804 1594 nec
836 1532 940 1612 ipsum
974 1532 1005 1592 in
1031 1532 1178 1613 expensis
1206 1545 1238 1593 et
1269 1531 1499 1613 prosecucione
1524 1527 1669 1590 eiusdem

403 1658 497 1700 cause
522 1637 773 1720 dampnificavit,
797 1638 871 1699 ideo
889 1638 966 1698 dum
989 1639 1055 1720 ipse
1081 1639 1234 1700 Clemens
1250 1657 1284 1699 se
1301 1636 1490 1718 expurgabit
1514 1655 1570 1716 per
1588 1633 1670 1714 jura·

404 1759 560 1823 mentum,
586 1759 660 1805 tunc
687 1744 754 1826 ipse
779 1743 918 1805 Mathias
940 1763 1040 1825 gener
1058 1744 1252 1827 Symwnych
1278 1743 1317 1804 de
1342 1743 1413 1804 aliis
1429 1743 1524 1804 rebus
1549 1754 1581 1802 et
1597 1759 1671 1822 por·

404 1853 497 1914 cione
521 1852 761 1934 possessionum
786 1851 818 1912 in
843 1852 1004 1912 territorio
1033 1851 1117 1912 dicte
1149 1851 1285 1912 civitatis
1310 1870 1368 1933 pro
1392 1849 1541 1931 dampnis
1563 1861 1594 1910 et
1619 1866 1671 1908 ex-

404 1959 512 2042 pensis
536 1978 631 2040 super
656 1959 761 2040 ipsum
786 1957 897 2019 Vitum
922 1957 1085 2038 requirere
1109 1971 1138 2019 et
1164 1957 1315 2040 prosequi
1340 1956 1466 2038 poterit.

460 2176 556 2250 Faria
585 2181 693 2250 tercia
722 2179 877 2267 proxima
915 2185 993 2250 ante
1021 2178 1144 2249 lestum
1172 2178 1270 2249 beate
1298 2176 1481 2266 Elyzaheth
1510 2175 1618 2253 viane.

841 2301 990 2392 proxime
1018 2306 1228 2392 preteritum.

903 2461 966 2536 (17.
990 2455 1178 2534 novembris).

513 2597 589 2659 ltem
615 2598 690 2679 quia
717 2597 870 2661 Clemens
895 2598 1090 2680 Symwnych
1123 2598 1227 2660 dictus
1258 2598 1298 2658 ad
1335 2597 1524 2659 instanciam
1550 2596 1673 2658 Mathia

405 2705 515 2786 generi
540 2704 678 2765 condam
712 2704 841 2766 Andree
873 2704 1081 2787 Symwnych,
1112 2704 1327 2784 juramentum
1361 2705 1421 2764 sihi
1451 2703 1672 2783 adjudicatum

406 2831 462 2894 per
486 2811 628 2872 seniores
652 2809 774 2890 judices
798 2811 926 2873 racione
951 2811 1117 2872 cuiusdam
1147 2811 1237 2872 litere
1262 2810 1459 2891 expeditorie
1485 2830 1540 2892 per
1565 2810 1671 2890 ipsum

406 2917 610 2978 Clementem
628 2916 733 2978 eidem
752 2917 872 2979 Mathie
889 2937 1010 2998 genero
1028 2916 1223 3000 Symwnych
1242 2916 1333 2994 date;
1351 2917 1439 2998 quod
1458 2916 1674 2996 juramentum

406 3025 473 3106 ipse
506 3024 659 3086 Clemens
691 3022 768 3086 feria
801 3036 886 3086 sexta
919 3025 1065 3107 proxime
1097 3024 1245 3106 preterita
1275 3023 1361 3104 juxta
1394 3023 1672 3104 adjudicacionem

405 3131 569 3193 seniorum
595 3131 736 3212 judicum
763 3131 926 3212 deponere
951 3130 1099 3208 debebat,
1124 3151 1189 3192 non
1215 3130 1375 3213 deposuit.

513 3239 591 3300 ltem
617 3237 692 3319 quia
718 3238 900 3320 Stephanus
925 3237 1066 3299 Berthun
1092 3238 1197 3319 primo
1222 3251 1253 3299 et
1277 3237 1498 3319 principaliter
1523 3237 1554 3297 in
1579 3236 1675 3297 sacti·

407 3345 493 3425 legio
525 3359 556 3405 et
587 3342 673 3405 furtu
706 3363 880 3406 cannarum
917 3345 1029 3425 organi
1062 3343 1195 3406 ecclesie
1227 3357 1333 3405 nostre
1366 3343 1558 3426 parochialis
1589 3344 1675 3405 beati

408 3451 508 3513 Marci
534 3450 740 3531 ewangeliste
765 3451 851 3511 etin
878 3450 949 3511 aliis
973 3450 1221 3532 quampluribus
1244 3449 1411 3512 maleficiis
1435 3471 1470 3512 ac
1495 3448 1675 3528 furticiniis,

408 3578 466 3619 nec
491 3577 555 3619 non
582 3559 682 3619 eciam
708 3558 870 3619 minarum
895 3571 1053 3619 certorum
1080 3557 1199 3618 civium
1224 3557 1397 3619 domorum
1421 3573 1452 3620 et
1475 3557 1673 3619 koucharum

408 3664 698 3744 combustionibus,
730 3683 793 3745 que
825 3664 961 3746 ipsemet
992 3683 1047 3725 ore
1080 3664 1300 3746 propriorem
1335 3665 1366 3725 in
1392 3664 1552 3746 supplicio
1576 3683 1674 3745 quam

408 3772 508 3832 eciam
534 3791 640 3832 coram
674 3783 789 3832 cuncto
816 3771 939 3852 populo
972 3769 1115 3831 eiusdem
1150 3770 1304 3848 civitatis,
1337 3791 1434 3852 quam
1467 3771 1567 3832 eciam
1601 3790 1674 3832 cum

408 3890 537 3939 centum
562 3877 676 3938 vicinis
700 3890 731 3938 et
762 3877 919 3938 extraneis
951 3875 1138 3938 hominibus
1170 3876 1270 3938 lassus
1302 3875 1379 3953 luit;
1412 3878 1468 3959 qui
1493 3877 1674 3960 Stephanus

409 3997 537 4065 propter
562 3983 749 4045 huiusmodi
775 3983 976 4064 sacrilegium
1003 3997 1034 4046 et
1062 3983 1166 4044 minas
1197 3983 1337 4046 incendii
1362 3985 1508 4046 comburi
1533 3985 1676 4062 deberet,

408 4090 464 4151 sed
489 4090 565 4171 quia
590 4104 620 4151 et
644 4090 676 4150 in
702 4090 773 4152 aliis
798 4089 976 4172 nephandis
1001 4088 1090 4152 lactis
1115 4105 1145 4151 et
1164 4088 1255 4152 luctis
1272 4091 1482 4173 reprehensus
1506 4105 1564 4168 est,
1588 4111 1675 4152 cont·

409 4197 515 4257 bustio
539 4196 643 4256 eidem
670 4210 716 4258 est
749 4197 889 4276 remissa,
912 4196 967 4257 sed
998 4210 1125 4259 tantum
1157 4197 1307 4279 suspendi
1344 4197 1376 4258 in
1408 4197 1554 4280 patibulo
1578 4197 1676 4258 hodie

410 4303 493 4364 dicte
518 4303 655 4364 civitatis
680 4303 775 4366 debet
799 4303 962 4386 suspendi,
987 4315 1082 4385 prout
1105 4303 1191 4384 juxta
1208 4323 1265 4365 sua
1282 4304 1438 4366 demerita
1459 4305 1554 4366 debet
1578 4324 1676 4386 penes

409 4409 687 4492 adjudicacionem
712 4411 889 4491 juratorum
916 4410 1000 4471 dicte
1025 4411 1172 4472 civitatis.

516 4517 592 4579 ltem
619 4518 694 4598 quia
720 4518 849 4600 Mycula
874 4517 1052 4600 Galowych
1076 4517 1190 4598 dictus,
1208 4517 1403 4579 inhabitator
1421 4518 1502 4580 dicte
1528 4519 1675 4598 civitatis,

411 4624 442 4685 in
479 4624 660 4686 minacione
694 4624 927 4685 combustionis
959 4624 1131 4685 domorum
1171 4637 1330 4686 certorum
1363 4625 1480 4686 civium
1512 4638 1544 4687 et
1574 4625 1675 4686 eciam

412 4752 522 4793 eorum
550 4731 759 4810 koucharum,
784 4751 863 4812 quas
886 4728 989 4792 facere
1014 4733 1225 4812 proponebat,
1257 4744 1388 4814 propter
1411 4733 1498 4814 quod
1521 4733 1605 4813 ignis
1628 4733 1674 4794 in-

410 4839 526 4901 cendio
560 4859 615 4900 seu
648 4839 844 4900 concremari
877 4839 1024 4914 debebat,
1056 4839 1111 4899 sed
1145 4838 1219 4918 quia
1252 4839 1337 4900 idem
1372 4839 1484 4900 Gallus
1516 4841 1617 4902 eciam
1643 4841 1673 4900 in

411 4945 657 5027 quampluribus
687 4947 758 5007 aliis
792 4944 956 5006 maleficiis
990 4960 1020 5005 et
1053 4946 1154 5006 eciam
1184 4946 1359 5006 multorum
1391 4945 1558 5008 hominum
1586 4947 1676 5010 furtis
