3694 5782
443 559 504 642 338
847 563 934 621 Anno
958 557 1053 639 1468.
1079 595 1119 604 -
1143 575 1194 620 20.
1218 562 1297 620 maii.

442 775 556 858 Elyam
582 775 657 855 quia
683 774 875 857 vituperavit
899 772 1037 834 eundem
1066 773 1097 834 in
1123 772 1243 852 judicio
1260 791 1368 833 coram
1392 771 1499 852 judice
1524 791 1582 854 pro
1606 773 1688 833 tribu·

442 882 504 942 nali
530 882 660 942 sedente
685 882 716 942 in
744 881 856 962 viginti
881 881 988 962 pensis
1011 879 1218 940 denariorum
1243 892 1273 940 et
1297 891 1406 940 contra
1423 876 1564 959 judicem
1590 879 1622 938 in
1648 878 1687 938 du-

441 988 541 1048 centis
565 988 714 1049 denariis.

547 1094 624 1155 {tem
650 1113 777 1155 causam
804 1093 884 1153 inter
910 1091 1100 1152 Michaelem
1127 1092 1288 1153 literatum
1312 1090 1414 1151 filium
1440 1090 1578 1151 Emerici
1605 1091 1685 1151 Fran·

441 1200 538 1282 czych
563 1201 696 1278 dictum,
721 1201 760 1262 ab
785 1219 859 1277 una,
884 1199 962 1260 olim
988 1197 1129 1260 concivis
1153 1199 1264 1276 nostri,
1281 1210 1312 1258 et
1337 1199 1418 1258 inter
1442 1197 1624 1258 Johannem
1647 1197 1686 1256 Pe-

441 1306 581 1388 rowych,
606 1307 814 1369 Valentinum
841 1304 982 1387 Saroych
1015 1318 1046 1366 et
1069 1305 1233 1366 Thomam
1266 1304 1458 1385 freniparem
1493 1303 1637 1364 seniores
1653 1302 1685 1382 ju-

441 1413 538 1492 dices,
562 1427 748 1476 executores
772 1413 910 1474 condam
934 1411 1060 1473 Nicolai
1078 1410 1249 1490 Chwthko‚
1275 1412 1403 1471 racione
1421 1409 1588 1470 cuiusdam
1613 1410 1685 1470 vinee

442 1520 473 1580 in
498 1521 658 1582 territorio
683 1519 766 1581 dicte
791 1520 926 1580 civitatis
950 1518 1070 1596 habite,
1095 1537 1192 1599 quarn
1227 1517 1294 1599 ipse
1320 1516 1456 1578 Michael
1481 1517 1542 1577 sibi
1567 1517 1684 1598 legatam

442 1626 580 1703 dicebat,
605 1625 696 1706 jurati
723 1625 828 1686 taliter
845 1624 1079 1704 adjudicarunt,
1104 1623 1192 1704 quod
1210 1623 1286 1704 quia
1313 1624 1379 1704 ipse
1398 1621 1535 1684 Michael
1561 1623 1684 1682 literatus

442 1732 473 1792 in
498 1732 619 1813 judicio
643 1751 751 1794 coram
776 1732 870 1792 nobis
894 1751 952 1792 nec
978 1731 1094 1808 literas,
1123 1749 1228 1810 neque
1253 1743 1491 1805 testamentum,
1517 1749 1622 1809 neque
1641 1741 1684 1788 tes-

441 1839 526 1900 tibus
551 1840 761 1920 comprobare
787 1851 817 1899 et
834 1838 938 1899 dicere
964 1851 995 1898 et
1011 1837 1230 1897 demonstrare
1254 1857 1319 1897 non
1345 1835 1459 1917 potuit,
1477 1835 1552 1896 ideo
1577 1835 1683 1896 racione

441 1945 680 2026 prosecucionis
704 1945 787 2006 dicte
813 1945 906 2006 vinee
931 1944 992 2025 ipsi
1018 1942 1166 2005 Michaeli
1191 1957 1383 2024 perpetuum
1408 1941 1577 2002 silencium
1605 1941 1684 2021 impo-

440 2051 573 2129 suimus,
600 2071 658 2112 nec
682 2065 793 2111 contra
826 2051 912 2132 ipsos
944 2063 1129 2112 executores
1162 2049 1286 2110 nullam
1318 2067 1446 2110 causam
1471 2044 1683 2128 prosequi3de

442 2177 507 2238 quo
531 2157 652 2238 judicio
677 2158 820 2239 ipsorum
838 2156 1014 2238 juratorum
1041 2157 1108 2238 ipse
1130 2155 1267 2217 Michaei
1286 2175 1350 2216 non
1375 2167 1546 2216 contentus
1570 2153 1683 2214 eandem

441 2283 568 2326 causam
593 2264 766 2346 appellavit
790 2263 830 2324 ad
854 2263 996 2325 seniores
1020 2263 1151 2344 judices.

525 2359 624 2431 ¹Item
658 2390 785 2432 causam
819 2370 901 2432 inter
928 2370 1047 2431 Lucam
1080 2383 1233 2430 sartorem
1259 2383 1290 2429 et
1321 2369 1402 2430 inter
1433 2367 1628 2430 Anthonium
1648 2363 1683 2444 ju·

441 2477 544 2537 dicem
570 2477 698 2538 racione
731 2477 947 2558 quorumdam
983 2476 1198 2558 dampnorum
1231 2490 1263 2536 et
1294 2476 1494 2557 injuriarum,
1528 2495 1605 2556 quas
1632 2471 1682 2551 ipse

442 2583 544 2644 Lucas
567 2583 627 2644 sibi
652 2602 708 2664 per
733 2581 891 2664 prefatum
916 2582 1118 2644 Anthonium
1138 2583 1197 2643 sibi
1224 2581 1327 2642 illatas
1352 2582 1478 2642 dicebat
1502 2595 1532 2641 et
1555 2601 1586 2640 se
1610 2592 1682 2660 posse

442 2692 662 2770 comprobare,
687 2689 754 2771 ipse
787 2690 891 2750 Lucas
923 2691 1135 2770 comprobare
1168 2707 1273 2768 neque
1305 2687 1473 2748 testificare
1499 2707 1565 2748 non
1588 2681 1683 2768 potuit,

441 2795 515 2856 ideo
539 2795 606 2877 ipse
632 2796 734 2857 Lucas
758 2797 924 2857 convictus
948 2809 994 2857 est
1019 2811 1127 2857 contra
1151 2796 1256 2877 ipsum
1282 2795 1484 2855 Anthonium
1509 2793 1637 2874 iudicem
1657 2787 1682 2846 in

441 2901 515 2962 vivo
540 2901 691 2983 homagio
717 2902 778 2964 hoc
803 2915 849 2964 est
882 2902 913 2962 in
947 2903 1060 2982 viginti
1089 2902 1234 2983 quinque
1267 2901 1398 2978 marcis;
1422 2901 1462 2962 de
1496 2920 1561 2982 quo
1584 2893 1681 2981 judicio

442 3007 508 3089 ipse
534 3009 637 3070 Lucas
661 3028 727 3070 non
752 3023 921 3070 contentus
945 3009 984 3068 ad
1009 3009 1151 3069 seniores
1175 3007 1350 3090 appellavit
1373 3007 1505 3088 judices.

547 3115 624 3178 Item
649 3134 776 3176 causam
795 3115 876 3175 inter
900 3115 1029 3174 Petrum
1046 3113 1235 3176 Barbetium
1260 3127 1290 3175 et
1320 3113 1402 3174 inter
1427 3113 1557 3173 Petrum
1574 3105 1682 3186 nragin,

441 3241 479 3284 ex
503 3241 542 3282 eo
566 3222 641 3304 quia
666 3223 732 3304 ipse
757 3223 868 3283 Petrus
893 3221 1029 3300 dicebat,
1054 3221 1143 3302 quod
1167 3222 1234 3302 ipse
1260 3219 1500 3281 dehonestasset
1524 3227 1679 3280 consortem

441 3347 531 3389 suam
557 3341 588 3390 et
611 3328 672 3390 hoc
698 3330 909 3410 comprobare
934 3327 1054 3403 voluit;
1080 3341 1110 3388 et
1134 3328 1209 3408 quia
1235 3327 1301 3408 ipse
1331 3327 1443 3387 Petrus
1467 3339 1574 3386 contra
1596 3323 1680 3401 ipsum

442 3435 570 3495 Petrum
596 3436 807 3517 comprobare
832 3455 898 3495 oon
921 3435 1038 3515 potuit,
1059 3435 1223 3495 convictus
1247 3448 1294 3493 est
1310 3433 1378 3514 ipse
1403 3433 1516 3493 Petrus
1540 3421 1679 3492 barberius

442 3541 473 3601 in
498 3542 573 3603 vivo
598 3542 769 3623 homagi03
802 3542 841 3602 de
866 3561 931 3623 quo
956 3541 1076 3622 judicio
1108 3542 1176 3622 ipse
1202 3541 1312 3602 Petrus
1343 3539 1510 3601 barberius
1534 3556 1591 3599 non
1619 3544 1679 3590 con-

440 3662 547 3709 tentus
569 3649 707 3710 eandem
733 3669 861 3710 causam
884 3648 924 3710 ad
948 3649 1090 3709 seniores
1118 3647 1294 3729 appellavit
1317 3647 1448 3728 judices.

547 3755 624 3816 Item
643 3775 770 3816 causam
796 3757 877 3816 inter
895 3769 1075 3816 consortem
1096 3753 1299 3836 Stephanych
1317 3753 1409 3835 jurati
1435 3765 1466 3815 et
1483 3753 1563 3814 inter
1583 3743 1677 3824 Elyam

441 3858 582 3922 fusorem
616 3881 843 3942 campanarum
876 3861 1006 3922 racione
1037 3860 1252 3942 peraracionis
1286 3859 1452 3921 cuiusdam
1487 3873 1575 3933 terre,
1599 3856 1678 3929 quam

442 3966 508 4046 ipse
533 3967 629 4048 Elyas
654 3967 781 4028 dicebat
803 3967 864 4028 sibi
889 3967 1028 4048 perarari
1053 3965 1160 4027 datam
1185 3986 1242 4047 per
1259 3985 1391 4027 uxorem
1417 3965 1517 4046 ipsius
1541 3944 1679 4038 stephani,

442 4085 472 4132 et
496 4073 554 4154 ipsi
581 4073 670 4134 tutori
698 4073 900 4156 Stephanych
926 4071 986 4134 fuit
1018 4072 1236 4153 adjudicatum
1268 4071 1498 4153 juramentum,
1526 4062 1605 4151 quod
1627 4057 1679 4134 59⁵⁸

442 4199 507 4239 non
533 4179 620 4240 dedit
644 4200 791 4261 perarare
817 4182 917 4262 ipsam
950 4195 1077 4258 terram,
1107 4192 1246 4260 prestare
1277 4179 1424 4254 debebat,
1451 4197 1547 4259 quam
1571 4171 1680 4232 uxorem

442 4285 541 4366 ipsius
566 4285 782 4367 Stephanych‚
807 4287 851 4347 sic
876 4299 910 4347 ut
927 4286 1060 4366 jurasset
1084 4298 1115 4346 et
1137 4305 1194 4367 pro
1212 4285 1315 4364 jurato
1341 4278 1615 4362 dimisisser,.ide0
1629 4267 1682 4344 i1³⁵⁰

443 4391 539 4472 Elyas
563 4393 728 4452 convictus
753 4405 798 4452 est
823 4393 855 4452 in
874 4391 957 4452 facto
974 4392 1122 4474 potencie
1151 4405 1259 4452 contra
1278 4391 1378 4472 ipsam
1405 4410 1537 4452 uxorem
1561 4372 1684 4446 eiusdem

443 4497 664 4579 Stephanych;
689 4499 729 4559 de
754 4518 819 4580 quo
844 4499 964 4577 judicio
991 4500 1057 4579 ipse
1076 4499 1172 4580 Elyas
1195 4517 1259 4558 non
1285 4509 1455 4558 contentus
1472 4495 1606 4558 eandem
1628 4487 1686 4537 ‘³¹¹'

440 4623 508 4664 sam
534 4605 708 4686 appellavit
733 4606 772 4666 ad
797 4607 938 4667 seniores
963 4605 1094 4686 judices.
1669 4679 1674 4688 Ι

548 4711 625 4772 Item
649 4711 724 4792 quia
751 4712 861 4772 Petrus
884 4731 983 4792 gener
1012 4710 1171 4793 Peichych
1204 4724 1313 4772 contra
1339 4708 1538 4792 Stephanum
1562 4691 1689 4764 scolast-

442 4835 513 4876 cum
539 4817 644 4897 primo
669 4817 781 4878 citatus
806 4837 871 4878 non
896 4818 1077 4898 comparuit
1102 4817 1133 4877 in
1158 4816 1279 4898 judicio
1303 4835 1412 4878 coram
1437 4817 1539 4878 nobis.

549 4922 626 4983 Item
655 4924 729 5003 quia
763 4923 921 5003 Georgius
954 4923 1093 5003 agricola
1127 4937 1236 4984 contra
1270 4921 1380 4984 fratres
1411 4923 1511 4984 sancti
1545 4917 1607 4980 Fra

442 5030 546 5110 primo
571 5029 684 5089 citatus
708 5031 887 5110 comparuit
913 5031 942 5089 in
969 5029 1088 5110 judicio
1113 5050 1220 5090 coram
1247 5030 1351 5107 nobis,
1376 5030 1436 5111 ipsi
1462 5043 1574 5089 autem
1598 5010 1620 5072 ss

442 5154 506 5194 non
531 5149 780 5216 comparuerunt
804 5155 912 5196 coram
938 5137 1042 5198 nobis.

1611 4883 1688 4964 ncisri

1622 5009 1688 5066 atses
