3644 5788
430 571 495 633 224
834 557 919 614 Anno
943 553 1036 632 r462.
1062 590 1103 598 -
1127 569 1176 634 14.
1200 557 1279 616 maii.

429 768 579 830 exteriori
605 781 761 846 sutorum,
786 767 898 828 eadem
918 767 1095 847 producere
1116 780 1279 828 teneretur
1303 787 1409 830 coram
1435 769 1539 847 nobis,
1565 784 1596 831 et
1618 771 1690 851 quia

431 875 541 935 nullus
571 874 731 956 produxit,
764 873 819 934 sed
853 874 929 954 quia
962 872 1122 954 Georgius
1146 872 1231 934 filius
1262 874 1343 956 Elye
1368 875 1407 936 de
1433 875 1508 936 villa
1534 876 1689 957 Popowcz

429 979 533 1041 fratria
564 979 707 1041 annotati
739 979 875 1041 condam
902 979 1030 1040 Thome
1056 980 1164 1062 Rosyn
1194 993 1360 1061 tamquam
1392 983 1541 1063 proprior
1572 982 1691 1042 amicus

431 1087 575 1148 eiusdem
593 1105 700 1148 coram
724 1087 817 1148 nobis
833 1087 1023 1167 comparuit,
1041 1087 1079 1147 ad
1099 1105 1195 1168 quem
1214 1085 1373 1168 prefatum
1391 1088 1485 1149 civile
1502 1108 1559 1149 seu
1576 1087 1691 1149 fundus

431 1194 499 1272 jure
524 1193 718 1255 hereditario
742 1193 902 1270 successit,
928 1192 1002 1254 ideo
1027 1194 1133 1255 literas
1157 1214 1253 1275 super
1277 1193 1391 1255 eodem
1415 1194 1520 1255 eidem
1546 1196 1690 1256 dabimus

428 1313 636 1380 opportunas.

535 1407 613 1468 ltem
646 1406 827 1468 Demetrius
861 1406 945 1468 filius
979 1408 1124 1490 Dyonisii
1151 1408 1260 1491 Rybar
1293 1409 1380 1487 dicti,
1412 1409 1554 1471 concivis
1585 1409 1689 1486 nostri,

429 1511 529 1574 lassus
554 1527 600 1575 est
625 1514 744 1594 absque
768 1525 940 1590 tormento,
973 1514 1061 1594 quod
1086 1515 1152 1594 ipse
1187 1515 1383 1577 vendidisset
1408 1535 1503 1576 unam
1530 1515 1687 1576 camisiam

429 1619 610 1701 drednycza
643 1619 772 1698 dictam,
805 1639 901 1699 quam
934 1621 1088 1682 subtraxit
1122 1621 1153 1680 in
1189 1621 1289 1682 domo
1314 1619 1427 1703 prelati
1459 1622 1627 1703 patrissui
1659 1623 1687 1682 in

428 1725 571 1806 quodam
596 1726 732 1803 scrine0,
758 1745 855 1805 quam
880 1725 1025 1788 vendidit
1049 1727 1139 1787 uxori
1166 1727 1251 1788 lwan
1277 1728 1308 1788 in
1335 1727 1585 1790 Chernomercz.

536 1832 612 1892 ltem
636 1832 710 1893 licet
734 1831 897 1892 Dorothea
923 1833 1039 1894 mulier
1060 1848 1182 1910 vocata,
1206 1853 1337 1894 consors
1353 1834 1513 1914 legittima
1532 1835 1688 1895 Francisci

428 1937 652 2017 sutoris,-lilia
684 1939 821 1999 condam
855 1938 1099 2020 Herwoyewicb
1133 1940 1274 2001 concivis
1307 1941 1425 2017 nostri,
1461 1939 1492 2000 in
1518 1939 1687 2001 manifesto

429 2045 688 2107 conservacionis
713 2043 786 2106 furti
812 2045 1025 2125 quarumdam
1055 2046 1258 2107 camisiarum
1284 2065 1341 2128 per
1366 2046 1566 2108 Demetrium
1592 2046 1688 2107 lilium

430 2151 575 2234 Dyonisii
602 2152 711 2234 Rybar
735 2151 824 2229 dicti,
848 2151 989 2212 concivis
1022 2152 1132 2229 nostri,
1167 2151 1340 2213 foratarum
1367 2167 1398 2214 et
1422 2172 1495 2234 erga
1522 2154 1623 2234 ipsam
1647 2173 1690 2214 re-

429 2258 606 2340 positarum
632 2271 755 2338 reperta
782 2255 841 2319 fuit
865 2273 896 2319 et
914 2259 1053 2336 inventa,
1078 2278 1140 2339 que
1158 2259 1233 2320 licet
1256 2279 1314 2340 pro
1339 2259 1489 2340 predictis
1514 2259 1580 2320 suis
1596 2259 1690 2319 male-

430 2363 509 2426 liciis
533 2383 649 2446 penam
674 2377 858 2425 consvetam
885 2365 949 2445 pati
975 2364 1148 2444 debuisset,
1172 2379 1280 2426 tamen
1304 2365 1380 2446 quia
1405 2385 1463 2447 pro
1488 2365 1600 2426 eadem
1625 2384 1690 2425 mu·

430 2471 507 2532 liere
533 2471 626 2533 nobis
651 2489 708 2552 pro
740 2470 846 2551 gracia
877 2470 983 2532 eidem
1015 2491 1071 2552 per
1102 2490 1162 2532 nos
1193 2457 1298 2532 lienda
1323 2490 1379 2554 per
1413 2472 1521 2554 plures
1546 2471 1691 2532 dominos

429 2577 602 2638 canonicos
627 2576 760 2638 ecclesie
785 2577 1002 2657 zagrabiensis
1026 2591 1057 2638 et
1081 2577 1161 2638 alios
1184 2578 1270 2639 viros
1294 2577 1526 2640 ecclesiasticos
1550 2593 1581 2639 et
1603 2597 1689 2638 secu·

430 2684 522 2762 lares,
547 2684 650 2744 bonos
674 2697 705 2744 et
737 2682 889 2745 honestos
921 2684 1017 2761 viros,
1043 2697 1088 2744 est
1120 2685 1235 2746 devote
1260 2698 1291 2746 et
1323 2685 1550 2746 instantissime
1574 2685 1690 2766 suppli-

429 2803 547 2869 catum,
570 2789 643 2850 ideo
660 2809 730 2865 nos,
747 2803 822 2872 puta
840 2791 982 2851 seniores
999 2789 1131 2870 judices,
1149 2789 1308 2872 iuratique
1325 2810 1361 2852 ac
1381 2791 1558 2853 modernus
1575 2790 1692 2874 (judex)

430 2909 461 2958 et
485 2896 578 2976 jurati
604 2916 640 2958 ac
663 2909 730 2958 tota
755 2896 969 2958 communitas
994 2897 1111 2957 civium
1142 2897 1279 2958 civitatis
1303 2897 1398 2958 simul
1425 2897 1455 2958 in
1482 2917 1581 2958 unum
1605 2897 1693 2958 dives

432 3017 462 3064 et
487 3022 608 3084 pauper
643 3003 710 3084 pari
736 3015 767 3064 et
791 3003 934 3063 unanimi
960 3003 1125 3064 voluntate
1151 3003 1257 3063 eidem
1291 3003 1418 3064 mulieri
1444 3003 1598 3066 moderna
1622 3003 1692 3064 vice

431 3123 462 3170 et
487 3127 544 3188 pro
576 3109 714 3190 presenti
747 3122 891 3190 tempore
924 3127 982 3190 pro
1015 3106 1144 3190 prelatis
1176 3109 1350 3170 sceleribus
1378 3123 1408 3169 et
1440 3108 1605 3170 maleficiis
1627 3109 1693 3169 suis

432 3213 685 3276 misericordiam
710 3227 741 3275 et
770 3215 910 3295 graciam
943 3213 1077 3276 lecimus
1109 3215 1292 3295 specialem,
1324 3229 1358 3276 ut
1383 3215 1449 3296 ipsa
1474 3216 1590 3278 mulier
1620 3235 1690 3296 pre·

433 3320 517 3381 dicta
541 3340 597 3381 sua
621 3321 704 3382 mala
738 3321 852 3382 iterum
886 3341 949 3382 non
983 3335 1115 3382 renovet
1147 3335 1178 3382 et
1206 3321 1322 3382 similia
1348 3321 1408 3382 hiis
1440 3335 1471 3384 et
1495 3323 1556 3384 alia
1589 3336 1690 3383 cetera

431 3428 515 3490 mala
541 3427 580 3488 de
598 3439 703 3488 cetero
728 3447 792 3488 non
811 3428 999 3504 committat,
1016 3447 1079 3509 que
1096 3427 1121 3488 si
1147 3427 1187 3488 de
1205 3442 1309 3489 cetero
1334 3428 1365 3488 in
1386 3427 1571 3490 huiusmodi
1597 3428 1693 3488 male·

431 3533 509 3595 liciis
541 3548 663 3615 reperta
689 3533 794 3611 luerit,
819 3553 892 3594 mox
925 3533 1011 3614 juxta
1036 3535 1103 3595 eius
1135 3533 1288 3595 demerita
1313 3535 1399 3615 juxta
1423 3549 1575 3597 contenta
1599 3534 1694 3616 privi-

432 3641 506 3720 legii
539 3659 655 3722 penam
680 3659 777 3722 quam
802 3639 961 3700 demeruit
986 3640 1246 3701 irremissibiliter
1271 3655 1495 3722 consequetur.

537 3747 614 3808 ltcm
639 3747 714 3807 licet
731 3747 846 3808 Paulus
868 3761 1075 3828 campanator
1093 3759 1200 3809 nostre
1218 3747 1469 3824 communitatis,
1487 3747 1697 3827 concivisque'

432 3867 549 3932 noster,
574 3855 605 3914 in
635 3852 805 3914 manifesto
837 3854 973 3915 scienter
1005 3853 1266 3914 conservationis
1297 3852 1451 3914 lurticinii
1484 3855 1695 3934 quarumdam

431 3961 634 4022 camisiarum
660 3981 696 4022 ac
721 3962 997 4042 manutergiorum
1029 3975 1059 4022 et
1083 3975 1244 4022 certorum
1276 3961 1473 4038 anullorum,
1498 3981 1589 4042 quas,
1614 3979 1695 4042 quos

432 4081 462 4129 et
487 4088 549 4148 que
584 4069 766 4129 Demetrius
797 4067 882 4128 filius
916 4067 1063 4150 Dyonisii
1097 4069 1206 4150 Rybar
1237 4067 1325 4145 dicti,
1361 4067 1503 4128 concivis
1532 4069 1642 4145 nostri,
1666 4067 1696 4126 in

432 4175 531 4235 domo
556 4173 669 4256 prelati
704 4175 873 4256 patrissui
907 4173 1076 4252 furaverat,
1109 4193 1198 4256 quas,
1232 4194 1314 4255 quos
1338 4189 1369 4235 et
1399 4194 1463 4255 que
1489 4175 1556 4255 ipse
1581 4173 1698 4235 Paulus

432 4281 486 4341 ubi
512 4281 579 4360 ipse
607 4281 787 4342 Demetrius
811 4281 1015 4360 reposuisset,
1038 4279 1217 4358 relurasset,
1242 4295 1272 4341 et
1296 4281 1374 4341 dum
1400 4281 1486 4340 idem
1514 4281 1696 4342 Demetrius

433 4387 584 4466 premissa
610 4389 649 4447 ab
674 4387 788 4448 eodem
814 4387 978 4468 repetisset
1002 4387 1078 4447 dare
1102 4399 1133 4448 et
1157 4407 1189 4447 se
1214 4387 1326 4448 eadem
1352 4386 1469 4447 babere
1495 4387 1693 4468 denegasset,

433 4491 611 4574 eademque
636 4493 675 4552 ad
701 4507 841 4553 nostram
867 4493 1040 4574 jussionem
1074 4493 1136 4553 illis
1161 4511 1299 4573 quorum
1332 4491 1459 4554 fuerant
1485 4493 1551 4573 ipse
1577 4493 1694 4552 Paulus

433 4613 639 4678 campanator
656 4599 818 4660 extradare
837 4614 867 4660 et
884 4599 995 4660 eadem
1021 4620 1054 4660 se
1076 4599 1193 4661 habere
1211 4599 1380 4677 retulisset,
1405 4619 1469 4680 que
1487 4599 1695 4680 postmodum

433 4723 506 4784 erga
531 4705 634 4785 ipsum
662 4705 789 4766 inventa
823 4703 966 4782 luissent,
994 4721 1124 4787 propter
1156 4725 1219 4786 que
1243 4704 1385 4786 prelatus
1418 4705 1540 4767 Paulus
1570 4725 1696 4787 campa-

434 4825 525 4871 nator
560 4831 675 4892 penam
710 4813 888 4892 gravissimi
922 4812 1069 4893 supplicii
1105 4812 1219 4873 merito
1255 4811 1319 4893 pati
1353 4811 1529 4890 debuisset,
1560 4827 1592 4872 et
1624 4811 1696 4892 quia

434 4917 571 4996 quedam
597 4917 723 4997 publica
749 4917 865 4977 mulier
890 4917 978 4978 lelka
1004 4933 1114 4978 vocata
1140 4937 1278 4978 unacum
1304 4917 1414 4978 multis
1438 4917 1511 4978 aliis
1535 4919 1645 4999 probis
1668 4931 1696 4978 et

434 5023 575 5082 honestis
592 5024 780 5085 mulieribus
804 5025 844 5084 ad
861 5038 1002 5085 nostram
1017 5025 1216 5102 judiciariam
1235 5024 1367 5085 veniens
1384 5023 1582 5106 presenciam
1603 5023 1693 5086 nobis
