3818 5786
371 533 389 592 8
731 531 817 588 Anno
840 541 933 606 1450.
957 561 1001 572 --
1024 527 1268 587 admovendus.

424 751 520 823 ferta
550 759 651 823 sexta
681 753 835 840 proxima
865 759 940 837 post
974 747 1096 820 festum
1135 749 1231 818 beate
1260 745 1441 835 Elyzabeth
1470 744 1580 816 vIdue.

862 900 929 982 (20.
954 899 1141 982 novembris).

476 1048 553 1110 Item
584 1046 731 1129 Mathyas
762 1065 860 1127 gener
893 1043 1042 1127 Puchych
1075 1055 1185 1106 contra
1209 1043 1359 1105 Vrsulam
1392 1043 1498 1126 lyxam
1531 1043 1636 1132 primo

371 1158 485 1219 citatus
509 1174 573 1216 non
598 1152 788 1235 comparuit.

477 1261 553 1323 Item
579 1259 747 1341 Philippus
778 1271 867 1320 sutor
899 1271 1009 1318 contra
1035 1256 1212 1337 Georgium
1247 1257 1395 1339 Bosoyak
1420 1253 1562 1318 secundo
1595 1253 1637 1317 ci·

369 1383 453 1431 tatus
477 1387 542 1429 non
568 1366 757 1448 comparuit.

476 1474 552 1535 Item
579 1474 705 1534 Marcus
728 1470 868 1532 carnifex
890 1469 974 1532 filius
992 1469 1124 1553 Gyurak
1149 1467 1305 1530 carnificis
1322 1483 1432 1530 contra
1458 1467 1637 1550 Symonem

370 1583 410 1646 de
435 1580 674 1645 Chernomercz
698 1577 840 1640 secundo
865 1577 979 1639 citatus
1003 1597 1069 1638 non
1094 1575 1283 1658 comparuit.

476 1688 554 1749 Item
579 1685 754 1768 Dyonisius
778 1683 919 1766 frenipar
936 1703 992 1766 per
1015 1681 1295 1765 adjudicaci0nem
1318 1680 1494 1762 juratorum
1521 1695 1635 1743 octavo

371 1795 422 1855 die
447 1795 542 1856 debet
566 1793 671 1874 jurare
688 1811 782 1873 super
807 1809 893 1851 aram
910 1790 1095 1852 tercIusmet
1112 1808 1207 1870 super
1229 1808 1268 1850 eo
1286 1787 1381 1850 debet
1404 1787 1508 1868 jurare
1526 1801 1636 1849 contra

372 1899 563 1962 Michaelem
588 1898 782 1980 selliparem,
807 1911 840 1958 ut
865 1897 932 1978 ipse
956 1896 1070 1957 anulos
1094 1909 1156 1957 tres
1180 1909 1210 1956 et
1235 1894 1374 1956 nodulos
1396 1908 1565 1976 argenteos
1590 1895 1637 1976 ip·

371 2006 436 2068 sius
461 2005 627 2066 Michaelis
650 2003 807 2065 sellatoris
831 2023 887 2064 seu
911 2003 1069 2084 selliparis
1093 2021 1157 2063 non
1188 2000 1411 2077 subtraxisset;
1437 2001 1503 2082 ipse
1530 2013 1638 2062 autem

372 2112 510 2174 Michael
534 2111 664 2193 sellipar
681 2110 777 2172 debet
800 2110 904 2190 jurare
922 2109 1085 2170 solitarius
1110 2128 1205 2190 super
1229 2108 1372 2190 dampno
1396 2126 1455 2169 suo
1479 2121 1637 2188 quantum

371 2220 438 2302 ipse
464 2219 638 2302 DyonisIus
663 2216 803 2298 frenipar
828 2218 858 2277 in
885 2216 1035 2298 predictis
1068 2217 1173 2276 anulis
1196 2229 1227 2277 et
1259 2215 1388 2277 nodulis
1412 2214 1472 2275 sibi
1498 2211 1583 2294 feeit,
1609 2229 1640 2276 et

371 2325 448 2388 dum
474 2325 635 2407 juraverit,
660 2339 735 2384 runc
758 2323 825 2404 ipse
852 2323 1026 2405 Dyonisius
1060 2321 1200 2404 frenipar
1224 2322 1285 2403 ipsi
1321 2321 1469 2382 Michaeli
1495 2321 1638 2403 seIIIpari

371 2433 410 2494 de
435 2451 493 2494 suo
518 2431 660 2511 dampno
686 2430 801 2492 debeat
825 2429 883 2489 sibi
904 2428 1077 2509 inpendere
1102 2427 1369 2490 satisfaccionem.

477 2539 554 2599 Item
580 2536 768 2597 Franciscus
793 2533 934 2616 frenipar
958 2554 1043 2595 nunc
1068 2554 1141 2596 cum
1166 2535 1205 2595 ad
1238 2526 1501 2615 respondendum
1526 2548 1636 2596 contra

370 2645 505 2706 Paulum
532 2656 673 2704 sutorem
698 2641 807 2702 venire
833 2641 954 2718 debuit,
980 2659 1045 2701 non
1070 2641 1157 2702 venit
1182 2661 1239 2702 nec
1265 2641 1455 2722 comparuit.

478 2749 555 2811 Item
581 2747 689 2809 relicta
716 2746 882 2808 Michaelis
906 2745 1074 2828 freniparis
1107 2747 1237 2808 nomine
1263 2746 1360 2807 Lucia
1391 2747 1556 2807 terciamet
1580 2765 1633 2808 oc·

370 2871 444 2920 tavo
467 2857 519 2918 die
544 2875 639 2937 super
663 2873 749 2914 aram
776 2866 885 2914 contra
910 2853 1093 2914 Emericum
1119 2852 1257 2933 juratum
1283 2853 1314 2913 in
1340 2851 1423 2914 facto
1447 2866 1634 2914 truncorum

370 2983 468 3045 apum
492 2962 595 3044 jurare
613 2961 774 3022 tenebitur
798 2980 893 3040 super
910 2979 960 3038 e0,
984 2973 1019 3020 ut
1044 2979 1102 3020 nec
1120 2961 1186 3041 ipsa
1204 2980 1262 3021 nec
1280 2958 1401 3020 familia
1426 2980 1482 3022 sua
1507 2961 1538 3021 In
1557 2959 1633 3043 ipsis

369 3070 490 3132 truncis
513 3083 657 3151 spumet
683 3067 714 3127 in
743 3067 814 3127 aliis
838 3067 932 3126 rebus
956 3067 1021 3127 suis
1045 3066 1171 3127 nullum
1198 3065 1394 3128 furticInium
1420 3067 1632 3149 perpetravit;

370 3191 401 3238 et
423 3175 571 3258 deposito
596 3175 665 3255 ipso
690 3173 881 3254 jurament0,
917 3173 1028 3233 eadem
1055 3173 1153 3233 Lucia
1178 3173 1294 3233 mulier
1327 3173 1385 3254 ipsi
1412 3173 1560 3236 Emerico
1585 3173 1632 3255 ju-

370 3297 439 3345 rato
463 3301 522 3364 pro
546 3279 638 3341 dictis
662 3281 757 3340 rebus
781 3279 846 3340 suis
868 3279 964 3340 debet
988 3277 1161 3360 inpendere
1188 3277 1453 3341 satisfaccionem.
1479 3281 1554 3358 (sic).

475 3387 552 3449 Item
578 3405 706 3448 causam
726 3385 844 3446 Mathei
863 3386 992 3447 sartoris
1009 3397 1040 3446 et
1064 3385 1226 3446 Dominici
1244 3383 1412 3468 freniparis
1436 3387 1476 3447 ad
1494 3386 1634 3469 primum

369 3495 524 3576 judicium
549 3493 695 3574 proxIme
720 3511 889 3553 occurrens
913 3511 972 3573 pro
996 3511 1073 3572 pace
1097 3491 1202 3552 fienda
1221 3491 1371 3553 duximus
1395 3493 1637 3574 prorogandam

369 3619 425 3682 per
449 3599 643 3681 peticionem
669 3597 845 3679 proborum
870 3597 1024 3658 virorum.

476 3704 554 3767 Item
579 3723 707 3765 causam
734 3704 823 3764 Pauli
849 3717 879 3764 et
904 3703 1069 3766 Benedicti
1095 3703 1330 3766 aurifabrorum
1355 3719 1386 3767 et
1411 3705 1540 3768 Thome
1565 3725 1635 3768 nto·

368 3811 596 3888 lendiuatoris,
629 3810 722 3890 jurati
754 3829 812 3890 pro
845 3811 984 3872 uberiori
1018 3810 1116 3891 ipsIus
1161 3830 1253 3872 cause
1289 3811 1571 3874 determinacione
1602 3812 1642 3874 ad

369 3918 509 4000 prhnum
534 3915 689 3998 judicium
717 3916 876 3977 duxerunt
900 3915 1149 3997 prorogandam.

473 4023 550 4084 Item
574 4021 648 4083 licet
666 4022 827 4082 Fabianus
849 4037 951 4083 sartor
974 4021 1059 4083 filius
1076 4023 1214 4083 condam
1232 4023 1365 4084 Adriani
1391 4023 1542 4104 agricole,
1560 4023 1642 4087 alias

371 4130 491 4212 juratus
516 4142 546 4189 et
569 4129 711 4189 concivis
735 4143 852 4206 noster,
878 4129 910 4189 in
931 4148 987 4189 sua
1017 4141 1047 4190 et
1074 4127 1230 4190 Anthonii
1256 4129 1405 4191 similiter
1434 4129 1564 4191 sartoris
1587 4129 1643 4193 filii

367 4234 481 4318 prefati
507 4235 639 4296 Adriani
666 4235 817 4314 agricole,
842 4234 947 4296 fratris
971 4255 1047 4295 vero
1072 4235 1119 4295 sui
1145 4235 1279 4316 junioris
1303 4237 1422 4297 uterini
1454 4251 1485 4298 et
1509 4238 1645 4300 carnalis
1735 4239 1737 4242 ’

365 4341 519 4423 personis,
543 4359 624 4401 onus
641 4353 672 4400 et
687 4360 861 4421 gravamen
886 4340 1030 4402 eiusdem
1048 4341 1205 4402 Anthonii
1232 4339 1335 4403 fratris
1352 4343 1400 4403 sui
1421 4343 1452 4404 in
1477 4362 1510 4405 se
1528 4343 1635 4425 ipsum

365 4460 480 4530 sponte
504 4465 560 4527 per
584 4446 692 4506 omnia
710 4465 886 4524 assumens,
911 4447 951 4508 ad
970 4460 1109 4508 nostram
1128 4447 1291 4509 veniendo
1309 4449 1522 4530 presenciam
1540 4449 1644 4531 quod-

365 4554 438 4614 dam
464 4552 615 4613 celarium
641 4571 736 4612 suum
763 4567 794 4612 et
817 4553 917 4634 ipsius
941 4552 1046 4614 fratris
1063 4554 1111 4614 sui
1138 4554 1170 4614 in
1196 4555 1337 4635 quadam
1364 4555 1464 4617 domo
1491 4568 1521 4616 et
1538 4554 1641 4618 fundo

364 4677 400 4720 ac
424 4657 580 4720 hedificiis
604 4677 715 4718 eorum
742 4657 874 4719 indicta
899 4659 1026 4720 civitate
1051 4660 1134 4720 inter
1153 4660 1270 4722 domos
1295 4675 1326 4722 et
1343 4660 1467 4722 fundos
1492 4682 1530 4722 ac
1552 4661 1644 4724 hedi-

364 4764 434 4826 ficia
459 4764 584 4826 NIcolai
617 4764 692 4825 dicti
719 4763 871 4826 Chuthko
900 4765 994 4846 jurati
1024 4765 1122 4826 nostri
1157 4768 1304 4828 moderni
1344 4789 1361 4828 a
1401 4769 1583 4830 mtr'dione
1616 4783 1648 4832 et

365 4871 461 4932 Blasii
487 4871 604 4932 sutoris
629 4893 645 4930 a
670 4871 899 4952 septemtrione
924 4871 1033 4933 habita
1052 4872 1200 4951 existens,
1226 4873 1258 4934 ln
1285 4893 1350 4954 quo
1383 4874 1508 4937 scilicet
1525 4876 1643 4937 celario

367 4978 507 5039 condam
536 4977 680 5037 Andreas
706 4976 833 5037 Italicus
856 4976 948 5059 olym
977 4975 1073 5058 judex
1092 4993 1122 5038 et
1140 4979 1284 5040 concivis
1310 4993 1437 5059 noster,
1463 4981 1539 5042 dum
1558 4980 1644 5044 adhu
