3738 5786
786 572 871 628 Anno
891 583 979 649 1455.
1004 605 1047 615 -
1071 585 1121 630 20.
1140 573 1232 647 y'uuii.

478 785 554 846 Item
581 783 682 845 Elena
707 802 786 845 uxor
811 783 908 845 Blasii
940 781 1070 844 sartoris
1094 794 1203 843 contra
1235 785 1394 860 Agnetem
1420 778 1517 840 filiam
1546 779 1637 840 Pauli

373 891 520 972 preconis
545 890 620 952 dicti
645 891 769 951 Ztaulto
794 890 899 972 primo
924 890 1017 951 citata
1048 907 1111 949 non
1136 888 1328 969 comparuit.

435 1089 531 1163 Feria
560 1099 659 1163 sexta
687 1095 842 1181 proxima
871 1101 948 1180 post
975 1091 1098 1162 festum
1126 1097 1322 1161 sanctorum
1351 1088 1506 1160 Gervasii
1535 1095 1568 1159 et

823 1217 973 1288 Protasii
1002 1218 1193 1288 martirum.

909 1392 972 1460 (20.
990 1389 1098 1464 junii).

480 1529 557 1590 ltem
583 1530 658 1610 quia
684 1527 884 1608 Margaretha
919 1529 1027 1590 relicta
1057 1528 1194 1591 condam
1229 1529 1338 1609 Egidii
1361 1526 1543 1611 purgatoris
1572 1525 1640 1605 gla-

374 1635 503 1698 diorum
528 1635 587 1696 filii
613 1635 750 1697 condam
772 1635 863 1696 Pauli
880 1635 1009 1697 sartoris
1026 1635 1064 1696 de
1083 1634 1262 1714 Chrecban,
1283 1654 1368 1698 nunc
1393 1653 1524 1696 consors
1547 1631 1638 1712 legit·

374 1743 451 1802 tima
476 1741 560 1803 Petri
585 1742 766 1824 purgatoris
782 1742 965 1822 gladiorum
989 1741 1046 1803 filii
1066 1741 1195 1803 Martini
1221 1740 1381 1820 Erathata,
1406 1740 1437 1802 id
1455 1758 1528 1802 cum
1552 1735 1640 1798 sulfi-

374 1848 470 1908 cienti
495 1861 526 1909 et
549 1846 715 1929 fidedigno
740 1863 923 1910 nostrorum
956 1848 1139 1910 concivium
1165 1847 1351 1910 testimonio
1377 1847 1408 1908 in
1433 1846 1509 1907 sede
1534 1857 1641 1905 nostra

374 1954 539 2036 judiciaria
565 1954 648 2016 clare
674 1969 704 2017 et
735 1955 853 2016 seriose
886 1974 993 2016 coram
1023 1955 1117 2017 nobis
1149 1953 1383 2037 comprobavit,
1414 1966 1448 2014 ut
1472 1952 1549 2013 dum
1575 1950 1641 2032 ipse

375 2061 510 2142 Egidius
535 2075 686 2144 purgator
716 2061 901 2142 gladiorum
934 2062 972 2138 in,
991 2063 1140 2124 extremis
1165 2062 1229 2122 vite
1260 2081 1318 2122 sue
1341 2058 1528 2141 temporalis
1552 2057 1642 2118 labo-

375 2181 482 2247 rasset,
508 2181 585 2230 tunc
610 2169 677 2250 ipse
703 2168 907 2230 medietatem
937 2169 1103 2230 cuiusdam
1121 2168 1237 2230 domus
1261 2181 1292 2229 et
1315 2165 1466 2228 stacionis
1490 2185 1525 2226 ac
1550 2162 1641 2224 fundi

375 2288 406 2336 et
429 2274 651 2336 hedificiorum
678 2295 809 2337 suorum
835 2277 867 2336 in
900 2276 984 2337 dicta
1016 2276 1144 2338 civitate
1168 2275 1250 2336 inter
1282 2273 1416 2335 domum
1441 2272 1583 2353 ligneam
1609 2283 1641 2329 et

374 2382 549 2443 stacionem
575 2401 610 2442 ac
634 2380 770 2443 fundum
796 2397 827 2444 et
850 2381 998 2443 hedificia
1025 2382 1153 2444 Thome
1178 2381 1331 2443 institoris
1355 2400 1372 2440 a
1397 2377 1638 2460 septemtrione,

375 2501 407 2548 et
431 2488 512 2548 inter
538 2487 672 2549 domum
698 2503 729 2549 et
745 2489 919 2550 stacionem
945 2502 1102 2550 muratam
1121 2508 1156 2550 ac
1173 2487 1321 2549 hedificia
1346 2485 1501 2548 lobannis
1525 2482 1639 2564 judicis

375 2594 451 2656 dicti
477 2595 594 2656 Bolsak
618 2595 832 2657 ameridione
849 2595 956 2657 habite
982 2611 1013 2657 et
1029 2596 1202 2674 existentis,
1226 2615 1323 2657 unam
1341 2595 1373 2655 in
1398 2605 1467 2654 toto
1491 2603 1639 2672 quartam

376 2702 462 2764 curie
487 2702 518 2762 in
544 2721 577 2763 se
595 2701 800 2780 continentis,
817 2701 1023 2764 medietatem
1041 2715 1075 2763 ut
1097 2703 1271 2784 predicitur
1295 2715 1412 2762 rectam
1437 2713 1468 2760 et
1491 2697 1641 2779 equalem

378 2807 478 2889 ipsius
509 2807 626 2868 domus
651 2821 681 2869 et
713 2808 863 2869 stacionis
893 2808 999 2890 lignee
1033 2829 1068 2869 ac
1101 2807 1192 2870 fundi
1225 2821 1256 2870 et
1287 2805 1509 2868 hedificiorum
1543 2821 1640 2864 uuam

375 2927 521 2974 octavam
546 2913 773 2975 tantummodo
798 2914 829 2974 in
850 2934 882 2975 se
904 2915 1133 2993 continentem,
1155 2929 1186 2976 et
1209 2913 1365 2996 (h)ortum
1390 2931 1485 2973 suum
1508 2909 1639 2972 totalem

375 3033 460 3081 retro
484 3038 593 3080 muros
618 3019 753 3080 civitatis
778 3020 935 3098 habitum,
960 3025 1080 3102 prefate
1104 3020 1304 3102 Margarethe
1329 3019 1456 3080 mulieri
1482 3033 1641 3099 protunc

376 3144 432 3186 sue
468 3126 606 3186 consorti
644 3125 813 3206 legavisset
849 3125 916 3208 jure
948 3127 1135 3209 perhennali
1178 3125 1426 3209 possidendam
1463 3124 1638 3206 predictam

375 3244 482 3292 autem
515 3230 611 3291 aliam
645 3231 849 3293 medietatem
881 3232 1003 3313 prefate
1035 3235 1150 3295 domus
1180 3247 1211 3295 et
1234 3233 1384 3295 stationis
1416 3251 1452 3294 ac
1484 3229 1577 3292 fundi
1611 3243 1643 3290 et

375 3335 610 3412 hedificiorum‚
634 3338 730 3399 aliam
748 3339 894 3400 similiter
911 3355 1057 3401 octavam
1074 3341 1161 3402 curie
1179 3341 1210 3403 in
1228 3361 1261 3402 se
1285 3341 1515 3418 continentem,
1529 3343 1641 3419 Augu·

374 3443 458 3505 stino
484 3443 569 3504 dicto
594 3444 704 3505 Xusne
728 3443 796 3506 filio
821 3445 922 3524 Pauli,
947 3447 1065 3508 seniori
1090 3447 1188 3528 judici
1212 3463 1242 3510 et
1267 3448 1390 3510 concivi
1417 3461 1526 3508 nostro
1559 3459 1642 3506 tarn·

375 3569 471 3630 quam
497 3550 719 3612 commissario
744 3566 774 3612 et
798 3554 958 3615 executori
984 3556 1164 3617 testamenti
1199 3557 1247 3616 sui
1273 3555 1420 3632 verbalis,
1446 3552 1584 3614 vendere
1610 3565 1642 3610 et

375 3656 481 3718 debita
507 3676 563 3717 sua
581 3657 765 3738 persolvere
783 3658 970 3740 legavisset;
994 3661 1133 3742 ideoque
1157 3681 1215 3722 nos
1233 3661 1408 3742 predictam
1434 3659 1641 3721 medietatem

375 3763 491 3823 domus
515 3775 545 3824 et
569 3763 720 3825 stacionis
741 3784 777 3825 ac
802 3763 893 3826 fundi
918 3780 949 3826 et
982 3765 1204 3828 hedificiorum
1239 3768 1334 3828 unius
1358 3781 1469 3828 octave
1493 3765 1579 3826 curie
1603 3784 1641 3825 ac

375 3867 528 3949 (h)ortum
561 3869 739 3950 predictum
775 3890 846 3932 cum
872 3872 937 3932 suis
970 3872 1160 3937 utilitatibus
1192 3887 1222 3934 et
1254 3873 1459 3954 pertinenciis
1484 3871 1642 3932 universis

376 3973 496 4054 pretate
522 3975 723 4055 Margarethe
748 3977 874 4037 mulieri
897 3979 1065 4039 statuimus
1081 3992 1237 4060 perpetuo
1255 3978 1482 4060 possidendam
1511 3991 1542 4039 et
1558 3996 1640 4059 quo·

376 4080 616 4162 modocumque
641 4083 779 4143 voluerit
802 4083 1037 4165 disponendam
1062 4085 1148 4164 juxta
1165 4086 1391 4148 condicionem
1415 4084 1552 4147 civitatis
1568 4103 1640 4167 pre-

376 4197 484 4247 notate
509 4189 548 4246 ab
573 4187 707 4268 antiquo
739 4191 961 4270 approbatam,
993 4190 1148 4272 prefatam
1173 4205 1279 4254 autem
1313 4193 1409 4254 aliam
1433 4191 1641 4253 medietatem

376 4291 521 4352 eiusdem
546 4291 662 4354 domus
687 4309 717 4355 et
741 4295 891 4374 stacionis
915 4316 952 4356 ac
980 4295 1070 4358 fundi
1105 4312 1135 4359 et
1159 4298 1382 4361 hedificiorum
1408 4299 1504 4360 unius
1528 4311 1641 4360 octave

377 4397 463 4458 curie
488 4416 559 4458 cum
586 4399 651 4459 suis
676 4401 867 4462 utilitatibus
892 4417 921 4463 et
946 4405 1152 4484 pertinenciis
1180 4407 1337 4467 universis
1360 4405 1504 4489 predicto
1528 4409 1641 4486 Augu·

376 4502 460 4564 stino
486 4504 595 4564 Kusne
619 4507 787 4568 statuimus
812 4509 1014 4571 vendendam
1039 4525 1070 4572 et
1094 4513 1193 4574 modo
1211 4513 1366 4594 premisso
1391 4513 1640 4594 disponendam.

483 4607 560 4669 ltem
577 4611 651 4690 quia
668 4611 779 4672 Petrus
797 4613 969 4697 Gundych,
993 4636 1078 4678 anno
1099 4619 1198 4678 tercio
1214 4633 1359 4701 tempore
1377 4619 1535 4702 judicatus
1553 4617 1641 4680 Con-

377 4713 446 4774 radi
472 4714 602 4776 Ravvsar
626 4717 760 4778 senioris
776 4718 891 4798 judicis
912 4736 942 4782 et
965 4723 1106 4784 concivis
1123 4726 1233 4804 nostri,
1257 4726 1526 4808 proquibusdam
1545 4727 1640 4788 rebus

377 4819 442 4879 suis
465 4819 614 4883 videlicet
637 4841 695 4903 pro
720 4843 782 4886 una
807 4846 889 4908 equa
914 4842 944 4889 et
967 4849 1025 4909 pro
1044 4831 1134 4891 XXX
1158 4832 1269 4893 solidis
1294 4853 1331 4894 ac
1355 4853 1415 4915 pro
1440 4853 1506 4894 uno
1531 4833 1639 4894 lodice

378 4945 450 4986 cum
476 4927 569 4988 Petro
593 4942 699 4990 sutore
723 4933 854 4992 concive
880 4949 989 4995 nostro
1021 4934 1087 4997 lilio
1114 4939 1251 5000 condam
1278 4939 1432 5022 Stephani
1459 4938 1636 5023 Swechych

378 5031 466 5114 olym
490 5033 587 5095 villici
613 5035 644 5095 in
671 5036 925 5101 Klokochewecz
957 5041 1111 5123 litigabat,
1136 5057 1211 5106 tunc
1243 5066 1301 5107 nos
1325 5065 1388 5108 una
1413 5065 1487 5108 cum
1513 5045 1639 5129 prelato
