3644 5788
375 482 435 543 168
756 482 844 540 Anno
866 492 957 559 1459.
983 513 1026 526 -
1048 475 1100 541 26.
1116 477 1270 555 januarii.

372 591 517 598 ——--——-—-
523 589 700 596 -m—-a—
1569 587 1575 592 -
1591 587 1635 592 —

372 693 577 756 meridionali
595 706 683 775 parte
701 707 731 752 et
748 691 876 752 Andree
894 690 1091 774 Symwnych
1110 690 1184 752 dicti
1203 688 1364 750 mediante
1382 691 1524 771 quodam
1541 711 1636 752 cursu

369 820 452 882 aque
484 799 675 881 pluvialisa
709 797 998 878 semptemtrionali
1028 809 1116 878 parte
1147 795 1265 874 habita,
1291 795 1350 876 ipsi
1385 810 1491 858 autem
1517 796 1637 858 Kathe-

370 907 439 967 rine
473 906 601 968 mulieri
634 903 897 966 testamentaliter
928 903 1034 984 legata
1067 902 1236 964 casualiter
1267 901 1383 963 amissa
1407 917 1438 963 et
1471 903 1638 985 deperdita

370 1011 542 1088 extitisset3
566 1011 694 1092 etquis
718 1009 758 1072 ad
782 1010 899 1071 trinam
916 1009 1081 1092 publicam
1106 1021 1138 1070 et
1161 1007 1322 1071 forensem
1339 1008 1636 1094 proclamacionem

371 1131 512 1179 nostram
545 1135 752 1179 communem
788 1135 846 1199 per
877 1135 1032 1198 precones
1065 1127 1190 1177 nostros
1221 1133 1410 1176 communes
1434 1135 1473 1176 ex
1496 1115 1638 1178 veridica

369 1223 597 1286 commissione
622 1224 661 1284 de
686 1242 776 1286 more
801 1234 954 1284 consveto
978 1221 1057 1282 alias
1081 1219 1198 1283 factam
1215 1221 1333 1283 nullibi
1355 1221 1492 1283 inveniri
1517 1223 1634 1305 potuit,

371 1330 446 1392 ideo
480 1349 539 1392 nos
570 1329 746 1412 predictam
779 1329 907 1390 vineam
940 1327 1000 1410 ipsi
1033 1328 1207 1389 Katherine
1241 1328 1368 1390 mulieri
1404 1329 1574 1392 statuimus
1604 1343 1637 1392 et

369 1437 591 1498 commisimus
615 1456 652 1496 ex
684 1435 849 1518 premissis
872 1433 941 1517 jure
965 1447 1122 1517 perpetuo
1154 1434 1381 1517 possidendam
1414 1435 1500 1518 juxta
1524 1435 1635 1498 condi-

371 1543 497 1604 cionem
522 1542 659 1604 civitatis
683 1554 860 1624 prenotate.

475 1648 552 1711 ltem
578 1648 694 1710 eodem
719 1648 771 1710 die
797 1648 896 1710 Lucia
921 1649 1037 1712 mulier
1061 1649 1170 1711 relicta
1195 1648 1335 1710 condam
1364 1647 1531 1728 Johannis,
1555 1669 1632 1711 con·

369 1756 446 1818 civis
471 1768 589 1834 nostra,
615 1755 647 1816 id
671 1774 744 1817 cum
777 1753 948 1817 sufficienti
981 1769 1011 1818 et
1043 1754 1209 1837 fidedigno
1242 1767 1426 1817 nostrorum
1450 1756 1632 1818 concivium

368 1862 554 1924 testimonio
579 1861 610 1922 in
636 1861 712 1923 sede
736 1875 843 1923 nostra
868 1860 1035 1943 judiciaria
1060 1863 1144 1924 clare
1161 1862 1395 1944 comprobavit,
1420 1875 1455 1924 ut
1479 1863 1557 1924 dum
1575 1864 1631 1926 do·

368 1969 476 2030 minus
501 1967 661 2048 Georgius
685 1967 769 2030 lilius
793 1968 955 2030 Valentini
986 1969 1104 2030 Maliclt
1121 1969 1235 2048 dictus,
1259 1969 1290 2029 in
1320 1969 1470 2031 extremis
1493 1969 1558 2032 vite
1575 1991 1631 2033 sue

367 2074 555 2157 temporalis
587 2075 772 2152 laborasset,
806 2087 883 2136 tunc
915 2075 981 2156 ipse
1013 2075 1176 2157 quandam
1208 2076 1339 2136 totalem
1373 2076 1508 2138 domum
1543 2098 1632 2140 suam

368 2182 509 2262 ligneam
526 2181 623 2242 simul
647 2201 720 2242 cum
739 2180 840 2242 fundo
857 2195 889 2243 et
906 2181 1039 2243 edificiis
1056 2182 1088 2242 in
1112 2181 1239 2244 civitate
1255 2182 1398 2264 predicta
1418 2183 1500 2244 inter
1517 2184 1630 2245 domos

367 2289 530 2351 Valentini
566 2288 733 2370 presbiteri
769 2302 799 2349 et
835 2288 933 2350 Lucie
970 2289 1114 2350 mulieris
1154 2288 1262 2351 relicte
1294 2289 1432 2350 condam
1468 2289 1628 2352 Valentini

368 2395 506 2476 Mengalt
532 2395 619 2473 dicti,
636 2413 733 2456 unam
758 2394 983 2456 tantummodo
1000 2407 1147 2476 quartam
1165 2395 1251 2456 curie
1268 2395 1308 2456 ad
1333 2414 1427 2456 usum
1452 2395 1535 2457 dicte
1553 2397 1631 2458 civi-

368 2502 441 2562 tatis
465 2501 496 2561 in
521 2521 554 2562 se
579 2501 808 2580 continentem,
837 2500 958 2583 prefate
980 2501 1078 2562 Lucis
1112 2500 1238 2563 mulieri
1270 2501 1441 2583 legavisset
1472 2517 1503 2564 et
1535 2503 1628 2564 dimi·

367 2609 469 2686 sisset,
493 2608 567 2668 ideo
591 2627 651 2668 nos
674 2607 810 2669 eandem
828 2606 961 2669 domum
987 2627 1060 2668 cum
1085 2607 1247 2689 premissis
1270 2608 1336 2668 suis
1353 2607 1544 2670 utilitatibus
1560 2628 1632 2691 pre·

367 2712 431 2776 fate
467 2714 566 2775 Lucie
610 2713 738 2776 mulieri
769 2734 806 2774 ex
838 2713 999 2796 premissis
1031 2713 1091 2774 sibi
1124 2714 1366 2775 incumbentem
1397 2714 1568 2776 statuimus
1600 2730 1631 2777 et

367 2820 588 2882 commisimus
612 2833 768 2902 perpetuo
791 2819 1020 2902 possidendam
1044 2818 1130 2902 juxta
1148 2819 1375 2881 condicionem
1399 2820 1536 2882 civitatis
1560 2841 1629 2903 pre·

366 2939 476 2988 notate
499 2928 539 2988 ab
564 2927 699 3008 antiquo
727 2927 949 3009 approbatam.

473 3033 551 3095 ltem
587 3032 663 3114 quia
695 3031 807 3093 Petrus
841 3031 1022 3113 lutifigulus
1055 3032 1155 3096 nostri
1188 3033 1221 3093 in
1256 3033 1453 3116 presenciam
1486 3034 1630 3110 veniens,

368 3139 531 3222 quandam
556 3153 673 3201 terram
698 3138 800 3200 fassus
816 3151 863 3201 est
886 3159 918 3200 se
944 3139 1087 3222 Zayltoni
1113 3138 1181 3201 filio
1205 3159 1264 3201 suo
1281 3139 1463 3201 vendidisse
1496 3155 1528 3202 et
1557 3143 1632 3223 quia

368 3247 498 3308 tandem
525 3266 605 3308 uxor
628 3243 740 3328 prefati
760 3246 844 3307 Petri
869 3244 1019 3327 lutifiguli
1037 3246 1139 3328 ipsam
1160 3260 1277 3307 terrant
1295 3246 1327 3307 in
1351 3247 1515 3328 presencia
1533 3248 1632 3310 nostri

368 3352 527 3430 arestavit,
552 3352 626 3412 ideo
651 3371 710 3412 nos
734 3351 954 3413 commisimus
975 3352 1035 3434 ipsi
1059 3352 1150 3413 uxori
1175 3351 1289 3434 prefati
1308 3353 1391 3414 Petri
1416 3351 1581 3434 lutifiguli,
1598 3367 1631 3416 ut

368 3460 434 3540 ipsa
459 3458 499 3519 ad
536 3457 778 3540 quindecimum
813 3458 899 3520 diem
931 3459 1073 3541 deponat
1104 3459 1276 3540 pecuniam
1309 3459 1368 3540 ipsi
1394 3460 1540 3543 Zayltoni
1573 3481 1630 3544 pro

367 3587 429 3648 qua
455 3567 522 3650 ipse
546 3567 658 3627 Petrus
682 3564 862 3647 lutiligulus
884 3565 1040 3647 prefatam
1065 3578 1183 3627 terrarn
1207 3565 1406 3629 vendiderat.

570 3734 665 3807 Feria
694 3744 791 3807 sexta
821 3739 852 3806 in
882 3736 966 3806 festo
995 3735 1105 3808 decern
1134 3734 1239 3808 millia
1267 3735 1421 3808 militum.

472 3870 570 3944 Quod
595 3871 669 3951 quia
695 3871 794 3950 proba
820 3882 851 3930 et
873 3867 1008 3931 honesta
1025 3869 1141 3930 mulier
1165 3869 1266 3930 Elena
1282 3883 1394 3932 vocata
1419 3869 1528 3931 relicta
1554 3889 1630 3932 con-

366 3977 439 4038 dam
465 3977 549 4038 lwan
575 3976 773 4058 vamenych
799 3975 886 4055 dicti,
912 3977 945 4037 in
973 3977 1048 4038 sede
1080 3989 1187 4038 nostra
1211 3975 1379 4059 judiciaria
1403 3977 1487 4038 clare
1513 3991 1545 4040 et
1580 3997 1627 4039 se·

365 4085 448 4146 riose
473 4084 696 4165 comprobavit
719 4103 827 4145 coram
852 4084 956 4146 nobis.
980 4084 1097 4165 (deest).

473 4189 551 4250 ltem
584 4190 658 4271 quia
692 4190 803 4251 Petrus
834 4189 970 4251 Bensich
1002 4190 1080 4252 alias
1112 4189 1307 4252 inhabitator
1338 4190 1473 4251 civitatis
1506 4189 1628 4272 prelate

365 4317 438 4358 cum
463 4296 556 4358 certis
581 4295 697 4357 debitis
728 4296 863 4357 domino
895 4295 1030 4358 Nicolao
1063 4297 1201 4377 plebano
1235 4295 1368 4357 ecclesie
1392 4295 1493 4358 sancti
1526 4297 1628 4358 Marci

365 4403 571 4484 ewangeliste
596 4423 632 4464 ac
659 4403 754 4464 Petro
779 4402 902 4463 decano
927 4402 1084 4464 debitoris
1113 4403 1327 4484 obligabatur,
1352 4403 1419 4484 ipsa
1443 4403 1544 4464 eciam
1574 4403 1631 4465 de-

365 4511 429 4571 bita
453 4509 493 4570 ad
517 4510 700 4591 sepissimas
731 4510 962 4591 requisiciones
994 4523 1024 4572 et
1055 4510 1256 4572 moniciones
1288 4523 1412 4572 nostras
1437 4529 1628 4572 communes

365 4617 486 4678 eisdem
510 4617 693 4678 nullatenus
717 4617 840 4678 solvere
869 4618 981 4698 voluit,
1007 4631 1037 4679 et
1060 4618 1102 4678 nb
1127 4615 1188 4678 hoc
1212 4635 1271 4678 nos
1302 4616 1465 4698 quandam
1498 4617 1627 4678 vineam

365 4724 508 4784 eiusdem
535 4723 619 4784 Petri
645 4723 779 4784 Bensich
806 4723 927 4785 eisdem
957 4724 1092 4785 domino
1116 4723 1253 4784 Nicolao
1278 4723 1417 4804 plebano
1442 4743 1479 4784 ac
1503 4721 1629 4806 prefato

366 4831 459 4893 Petro
486 4830 608 4893 decano
633 4850 691 4914 pro
718 4830 793 4914 ipsis
818 4830 934 4891 debitis
959 4830 1100 4911 ipsorum
1126 4829 1221 4890 vendi
1246 4830 1415 4892 statuimus
1439 4829 1570 4892 eisdem.

892 5021 1102 5042 W*—
