3818 5786
638 549 840 626 Ann01450.
866 583 906 591 --
931 546 962 610 6.
987 550 1155 613 novembris.
1506 573 1525 634 7

264 766 364 840 lesia
393 775 494 841 sexta
523 770 679 856 proxima
708 777 783 858 post
812 769 934 841 testum
964 771 1075 842 sancti
1104 767 1246 842 Emerici
1277 773 1382 856 ducis,
1411 793 1468 844 seo
1498 775 1529 842 in

470 893 558 964 lesto
587 893 677 964 beati
706 892 867 964 leonardi
898 893 1032 964 abbatis
1062 901 1095 965 et
1123 895 1336 966 contessoris.

765 1041 811 1124 (ό.
836 1043 1022 1126 novembris).

368 1169 447 1231 Item
472 1169 641 1252 Philippus
664 1182 753 1232 sutor
777 1181 887 1231 contra
913 1167 1091 1250 Georgium
1110 1169 1258 1254 Bosnyalc
1284 1172 1390 1256 primo
1415 1174 1529 1237 citatus

262 1294 328 1336 non
353 1277 544 1356 comparuit.

368 1381 446 1444 ltem
471 1380 536 1444 filia
569 1381 706 1444 condam
740 1381 866 1444 Nicolai
900 1382 1056 1444 tubatoris
1088 1396 1197 1445 contra
1230 1384 1323 1468 Gyan
1355 1387 1529 1468 pellificem

264 1489 371 1572 primo
395 1489 490 1551 citata
515 1509 580 1551 non
605 1489 796 1572 comparuit.

370 1595 448 1657 ltem
467 1597 593 1658 Marcus
617 1594 757 1658 carnifex
775 1607 885 1657 contra
906 1595 1084 1678 Symonem
1109 1595 1150 1657 de
1168 1595 1407 1660 Cbernomercz
1424 1599 1530 1682 primo

263 1701 380 1764 citatus
403 1721 468 1764 non
493 1703 682 1786 comparuit.

368 1808 447 1872 Item
472 1810 602 1893 Endrey
626 1809 803 1872 Zerncbich
831 1823 933 1871 sartor
964 1823 1074 1872 contra
1100 1809 1241 1872 lwanunt
1281 1811 1321 1873 de
1346 1813 1418 1874 vico
1444 1813 1528 1876 Lati·

261 1935 378 1978 norum
404 1917 547 1979 secundo
572 1917 686 1979 citatus
710 1937 776 1978 non
799 1916 990 2000 comparuit.

370 2021 449 2085 ltem
475 2023 609 2105 Egidius
633 2021 773 2086 carnifex
803 2037 912 2086 contra
946 2021 1085 2085 eundem
1112 2022 1255 2086 lwanum
1280 2024 1319 2086 de
1346 2025 1431 2088 dicto
1457 2027 1528 2088 vico

263 2129 453 2192 Latinorum
477 2131 583 2214 primo
608 2131 724 2194 citatus
747 2150 812 2192 non
838 2130 1028 2213 comparuit.

374 2236 451 2298 ltem
479 2238 555 2319 quia
581 2235 745 2300 Dorothea
769 2237 896 2315 mulier,
929 2235 1037 2297 relicta
1069 2235 1207 2298 condam
1231 2237 1329 2300 Blasii
1363 2236 1530 2321 ireniparis

261 2344 349 2428 olym
375 2343 467 2424 jurati
493 2358 525 2406 et
548 2344 689 2406 concivis
721 2344 832 2422 nostri,
864 2363 949 2404 nunc
981 2361 1112 2404 consors
1136 2342 1293 2424 legittima
1326 2344 1452 2406 Nicolai
1475 2366 1526 2408 su·

261 2451 349 2528 toris,
374 2451 463 2534 olym
487 2451 580 2531 jurati
607 2463 638 2512 et
661 2449 803 2512 concivis
836 2449 934 2511 nostri
960 2447 1016 2510 filii
1043 2449 1208 2531 Stephani,
1240 2449 1382 2512 concivis
1406 2465 1524 2532 nostra,

262 2555 294 2618 id
318 2575 391 2618 cum
415 2555 586 2619 sufficienti
611 2571 642 2619 et
666 2555 830 2637 fidedigno
859 2569 1041 2618 nostrorum
1073 2555 1255 2618 concivium
1280 2557 1466 2620 testimonio
1492 2559 1523 2620 in

262 2663 337 2725 sede
361 2677 467 2726 nostra
491 2663 657 2745 judiciaria
683 2664 765 2725 clare
791 2677 821 2725 et
852 2663 971 2725 seriose
996 2683 1104 2725 coram
1137 2664 1231 2725 nobis
1255 2663 1351 2726 hodie
1377 2685 1525 2748 compto·

263 2769 360 2848 bavit,
385 2783 419 2832 ut
443 2768 520 2832 dum
545 2769 687 2853 prefatus
704 2769 829 2832 Blasius
853 2767 993 2852 frenipar
1011 2769 1042 2830 in
1060 2769 1209 2830 extremis
1232 2769 1296 2832 vite
1321 2790 1376 2832 sue
1400 2785 1525 2854 tempo·

262 2876 336 2938 ralis
361 2876 392 2937 in
417 2877 555 2958 presenti
582 2895 668 2938 anno
693 2876 815 2960 jubileo
833 2875 864 2938 in
890 2875 1036 2936 Romana
1055 2875 1141 2937 curia
1160 2876 1241 2938 circa
1267 2877 1432 2939 ecclesiam
1451 2877 1524 2940 bea·

261 2997 367 3044 torum
382 2982 465 3044 Petri
490 2997 521 3045 et
546 2983 635 3046 Pauli
653 2984 873 3067 apostolorum
888 2981 1135 3066 peregrinando,
1152 2983 1183 3044 in
1209 2983 1336 3046 civitate
1363 2983 1523 3066 Baynerin

262 3101 374 3152 vocata
398 3089 430 3150 in
447 3090 630 3152 reversione
655 3091 802 3169 existens,
828 3090 858 3152 in
884 3089 1032 3152 extremis
1056 3089 1120 3151 vite
1144 3109 1200 3152 sue
1225 3089 1410 3172 temporalis
1434 3089 1522 3152 labo·

262 3211 373 3278 rasset,
397 3209 474 3258 tunc
497 3197 565 3279 ipse
581 3209 808 3258 testamentum
832 3215 926 3258 auum
943 3195 1109 3277 scriptum,
1133 3196 1221 3277 quod
1247 3197 1278 3257 in
1303 3196 1429 3258 civitate
1454 3216 1523 3278 pre-

260 3303 343 3366 dicta
369 3317 486 3367 eotunc
511 3303 588 3365 dum
615 3303 655 3364 ad
680 3303 814 3364 eandem
840 3303 1020 3364 Romanam
1050 3302 1170 3364 curiam
1207 3321 1337 3384 peregre
1361 3299 1523 3384 profectus
1570 3349 1575 3358 .

261 3411 375 3490 extitit,
391 3411 486 3473 scribi
512 3409 629 3472 iecerat
645 3410 773 3492 penitus
797 3409 958 3472 revocavit
975 3422 1006 3470 et
1022 3409 1240 3491 possessiones
1264 3427 1336 3470 suas
1359 3409 1523 3470 universas

258 3536 294 3579 ac
319 3517 464 3598 quelibet
488 3519 572 3579 bona
596 3536 652 3578 sua
679 3516 851 3578 inmobiles
878 3536 934 3576 seu
959 3515 1092 3578 mobilia
1125 3515 1241 3596 quovis
1265 3515 1406 3576 nominis
1429 3534 1522 3577 voca·

260 3624 337 3686 bulo
362 3637 490 3686 vocatas
514 3637 545 3686 et
569 3637 752 3706 nuncupata
769 3623 874 3685 taliter
899 3637 929 3684 et
953 3643 991 3684 eo
1010 3621 1109 3684 modo
1127 3621 1247 3703 prefate
1273 3621 1434 3683 Dorothee
1452 3641 1521 3683 mu·

260 3731 330 3792 lieri
355 3749 413 3812 pro
437 3743 513 3792 tunc
537 3750 593 3792 sue
619 3729 758 3792 consorti
784 3729 940 3810 legittime
973 3743 1004 3791 et
1026 3728 1140 3790 Vrsule
1166 3727 1230 3790 filie
1263 3747 1319 3790 sue
1351 3729 1520 3809 legavisset

257 3838 454 3899 verbotenus
478 3850 509 3898 et
533 3836 715 3914 dimisisset,
740 3849 774 3898 ut
806 3837 873 3918 ipsa
906 3835 1067 3897 Dorothea
1093 3835 1210 3896 mulier
1241 3849 1271 3896 et
1295 3835 1379 3897 dicta
1405 3835 1519 3896 Vrsula

258 3943 322 4006 filia
340 3943 440 4026 ipsius
464 3943 570 4005 debita
589 3943 687 4025 ipsius
709 3943 805 4004 Blasii
824 3941 990 4024 freniparis
1006 3941 1188 4024 persolvere
1214 3955 1244 4004 et
1262 3943 1387 4024 exigere
1406 3963 1441 4004 ac
1461 3963 1518 4025 pro

257 4049 365 4110 anima
398 4048 543 4111 eiusdem
569 4048 665 4110 blasii
692 4047 858 4130 freniparis
890 4048 1219 4110 commemorationes
1247 4047 1390 4109 salubres
1415 4047 1517 4111 lacere

257 4155 396 4218 debeant
413 4169 443 4217 et
459 4169 645 4233 teneantut3
671 4155 809 4237 ideoque
835 4175 893 4218 nos
910 4154 1038 4216 easdem
1059 4155 1277 4238 possessiones
1302 4167 1332 4216 et
1349 4155 1519 4236 porciones

255 4263 520 4346 possessionarias
534 4263 633 4345 ipsius
646 4261 742 4324 Blasii
758 4261 924 4344 freniparis
937 4262 968 4322 in
983 4262 1066 4324 dicta
1080 4263 1205 4324 civitate
1231 4275 1261 4323 et
1275 4261 1343 4324 eius
1357 4263 1517 4324 territorio

256 4369 381 4430 habitas
399 4389 436 4430 ac
452 4389 501 4430 res
518 4383 548 4432 et
561 4371 647 4431 bona
664 4368 806 4431 eiusdem
826 4368 922 4430 Elasii
937 4366 1105 4452 freniparis
1122 4367 1325 4451 (immobiles
1338 4383 1368 4429 et
1384 4369 1517 4430 mobilia

255 4495 328 4538 cum
353 4495 464 4538 earum
487 4475 693 4559 pertinenciis
716 4489 747 4537 et
780 4475 888 4538 usibus
916 4495 952 4537 ac
984 4475 1176 4537 utilitatibus
1208 4474 1364 4536 universis
1388 4473 1517 4557 prefatis

255 4583 421 4646 Dorothee
446 4583 574 4645 mulieri
599 4596 630 4646 et
652 4583 766 4646 Vrsule
791 4581 855 4644 filie
879 4602 934 4644 sue
959 4601 995 4642 ac
1019 4601 1075 4664 per
1100 4599 1153 4642 eas
1177 4580 1319 4661 ipsorum
1345 4580 1517 4642 heredibus

253 4691 425 4753 statuimus
449 4691 548 4752 modo
572 4690 727 4772 premisso
752 4688 956 4772 possidenda,
973 4688 1130 4770 exigenda
1152 4699 1181 4748 et
1206 4686 1406 4768 disponenda
1431 4687 1515 4770 juxta

253 4798 480 4861 condicionem
507 4797 643 4859 civitatis
665 4811 842 4878 prenotate.

361 4905 439 4967 Item
466 4904 652 4967 Franciscus
670 4903 809 4986 irenipar
826 4919 935 4966 contra
954 4904 1089 4966 Paulum
1114 4918 1254 4965 sutorem
1273 4904 1377 4986 primo
1402 4903 1516 4964 citatus

253 5032 318 5074 non
344 5013 534 5094 comparuit.
