3694 5782
419 557 482 618 344
789 543 876 600 Anno
900 539 993 618 1469.
1019 576 1059 584 -
1082 555 1130 617 13.
1147 544 1299 618 januarii.

417 752 560 832 proxima
585 766 657 832 post
682 751 795 813 festum
833 754 916 814 beati
950 754 1075 816 Nicolai
1107 755 1210 836 jurare
1242 755 1403 817 tenebitur
1436 756 1467 816 in
1492 777 1543 817 ara
1573 771 1670 818 sancte

418 858 531 921 Crucis
562 859 734 938 solusmet,
766 859 854 940 quod
886 861 953 942 ipse
987 881 1050 923 non
1083 863 1229 944 promisit
1268 863 1372 945 ipsum
1405 863 1586 925 damascum
1618 864 1670 946 ipsi

419 965 520 1026 Paulo
550 965 617 1027 Lah
635 966 770 1042 solvere,
788 987 847 1027 nec
872 967 938 1048 ipse
956 967 1118 1031 lohannes
1142 968 1317 1052 Perowych
1341 968 1381 1030 ad
1405 970 1566 1032 racionem
1588 990 1670 1031 suam

417 1071 592 1132 adomino
621 1073 706 1132 bano
730 1073 848 1156 recepit
872 1092 930 1134 nec
954 1074 994 1134 ad
1028 1074 1189 1136 racionem
1223 1074 1311 1137 dedit
1335 1074 1394 1156 ipsi
1427 1075 1559 1136 domino
1583 1077 1671 1154 bano,

417 1197 475 1239 nec
499 1179 707 1258 computavit.

523 1284 600 1346 ltem
626 1305 754 1346 causam
790 1286 869 1346 inter
895 1286 1085 1348 Michaelem
1119 1286 1289 1369 pellificem
1315 1301 1345 1348 et
1377 1287 1458 1348 inter
1484 1288 1600 1349 Lucam
1624 1308 1671 1349 su·

415 1403 516 1451 torem
543 1391 670 1452 racione
701 1391 910 1471 allegationis
943 1392 1048 1473 ipsum
1082 1393 1273 1454 Michaelem
1306 1391 1384 1454 false
1415 1392 1535 1475 jurasse
1566 1407 1670 1456 contra

415 1497 531 1578 ipsum,
563 1495 651 1578 quod
676 1498 742 1578 ipse
774 1517 807 1559 se
840 1499 923 1560 velle
956 1499 1058 1560 Lucas
1092 1500 1229 1577 dicebat,
1264 1514 1294 1561 et
1326 1501 1401 1581 quia
1428 1501 1495 1581 ipse
1520 1501 1620 1562 Lucas
1643 1501 1670 1561 id

415 1615 523 1664 contra
549 1603 653 1685 ipsum
679 1603 869 1665 Micbaelem
903 1607 1114 1686 comprobare
1139 1627 1203 1667 non
1237 1607 1352 1687 potuit,
1383 1627 1459 1688 ergo
1486 1607 1552 1688 ipse
1579 1609 1674 1668 Lucas

415 1709 581 1772 convictus
605 1726 651 1770 est
675 1724 785 1771 contra
811 1711 914 1793 ipsum
942 1711 1132 1773 Michaelem
1157 1713 1188 1773 in
1214 1712 1288 1773 vivo
1314 1712 1475 1792 homagio

521 1815 597 1877 ltem
624 1836 751 1878 causam
776 1817 857 1878 inter
883 1817 995 1899 Elyam
1029 1817 1168 1880 fusorem
1201 1839 1440 1900 campanarum,
1465 1833 1499 1880 ut
1523 1832 1668 1897 actorem,

414 1935 444 1983 et
470 1922 551 1983 inter
575 1937 765 1984 executores
789 1921 926 1984 condam
960 1925 1056 1985 Blasii
1083 1924 1333 2008 Chudawchych
1359 1926 1488 1986 racione
1512 1925 1671 1986 cuiusdam

415 2028 525 2106 debiti,
549 2049 615 2110 quo
640 2030 706 2111 ipse
731 2029 828 2112 Elyas
853 2031 958 2091 eidem
984 2031 1121 2093 condam
1148 2033 1255 2093 Blasio
1285 2032 1499 2113 obligabatur,
1526 2047 1556 2094 et
1579 2033 1673 2094 eciam

414 2134 502 2216 quod
528 2135 593 2216 ipse
627 2136 751 2196 Blasius
776 2137 881 2198 eidem
914 2138 1087 2199 remisisset
1119 2138 1158 2199 de
1191 2139 1268 2219 ipsis
1299 2138 1416 2199 debitis
1441 2139 1586 2220 quinque
1610 2139 1673 2200 flor.

415 2241 472 2321 ipsi
499 2255 683 2302 executores
707 2240 786 2303 feria
810 2257 897 2304 sexta
922 2244 1067 2324 proxima
1092 2259 1163 2325 post
1180 2244 1295 2306 festum
1322 2245 1406 2308 beati
1433 2245 1558 2307 Nicolai
1576 2245 1673 2324 jurare

414 2348 617 2425 tenebuntur,
643 2348 729 2428 quod
755 2349 822 2430 ipse
855 2350 980 2410 Blasius
1012 2351 1116 2411 eidem
1151 2351 1250 2412 nichil
1276 2353 1348 2433 plus
1380 2351 1441 2412 nisi
1465 2366 1620 2433 quantum
1645 2353 1672 2412 in

415 2467 607 2515 testamento
625 2455 808 2517 continetur
832 2455 907 2516 dare
925 2457 1133 2538 promisisset,
1151 2477 1209 2518 nec
1227 2458 1374 2538 legasset,
1399 2458 1475 2539 quia
1500 2459 1568 2539 ipse
1585 2457 1674 2540 Elyas

415 2579 509 2641 super
535 2560 620 2640 ipsos
645 2574 829 2622 executores
853 2562 986 2624 confidit
1011 2565 1116 2645 ipsum
1141 2563 1367 2644 juramentum.

521 2666 598 2728 ltem
623 2668 698 2748 quia
731 2668 816 2729 Dora
850 2668 965 2730 mulier
998 2670 1166 2731 habitatrix
1192 2671 1275 2731 dicte
1307 2671 1443 2732 civitatis
1476 2672 1507 2732 in
1532 2672 1673 2753 pluribus

413 2773 479 2834 suis
503 2773 669 2835 maleficiis
693 2775 884 2856 reprehensa
908 2774 968 2837 luit
992 2797 1027 2837 ac
1052 2777 1084 2837 in
1110 2776 1195 2838 furtu
1212 2777 1426 2858 quarumdam
1452 2780 1672 2861 peccuniarum

413 2899 431 2940 a
456 2879 589 2940 domino
615 2881 735 2941 Jacobo
761 2881 880 2963 Tywer
904 2884 1061 2943 canonico
1086 2882 1203 2944 furtive
1221 2897 1432 2966 receptarum,
1456 2884 1550 2964 jurati
1575 2887 1674 2947 taliter

414 2985 648 3066 adjudicarunt,
672 2987 759 3067 quod
785 2988 851 3068 ipsa
877 2988 1014 3049 debebat
1039 2989 1078 3050 de
1103 2990 1169 3070 ipsa
1191 2990 1318 3052 civitate
1343 2992 1477 3072 turpiter
1502 2993 1618 3074 expelli
1643 3005 1670 3052 et
1745 3057 1749 3068 ,
1829 2985 1831 3000 “

414 3113 580 3174 nunquam
605 3094 644 3154 ad
677 3094 870 3155 territorium
905 3095 987 3157 dicte
1013 3097 1148 3158 civitatis
1180 3111 1211 3158 et
1235 3098 1274 3158 ad
1304 3099 1405 3180 ipsam
1437 3099 1599 3162 civitatem
1628 3100 1671 3161 in-

412 3213 514 3274 trare;
539 3214 569 3260 et
593 3199 668 3280 quia
691 3201 731 3260 ad
757 3201 949 3282 peticionem
975 3203 1216 3284 quamplurium
1235 3205 1352 3266 civium
1372 3206 1454 3267 dicte
1479 3207 1616 3268 civitatis
1632 3219 1673 3267 est

413 3305 517 3367 eidem
543 3307 761 3367 misericordia
793 3305 873 3368 lacta
899 3327 954 3388 per
986 3328 1054 3388 noa,
1087 3310 1175 3390 quod
1207 3331 1271 3371 non
1305 3311 1420 3374 debeat
1451 3314 1613 3395 expercuti
1636 3313 1672 3373 de

414 3413 481 3494 ipsa
506 3413 634 3473 civitate
666 3413 721 3473 sed
747 3412 847 3474 libere
880 3415 974 3492 exire,
1008 3416 1087 3476 etsi
1121 3416 1158 3475 de
1185 3431 1290 3478 cetero
1323 3418 1362 3478 ad
1389 3419 1489 3500 ipsam
1515 3421 1671 3481 civitatem

412 3519 546 3597 venerit,
571 3533 686 3580 extunc
710 3539 825 3601 penam
853 3540 948 3601 quam
974 3522 1132 3584 demeruit
1156 3524 1315 3603 punietur.

412 3682 509 3758 Feria
538 3695 636 3759 sexta
665 3693 818 3777 proxima
863 3698 939 3778 post
966 3691 1088 3763 festum
1126 3691 1215 3764 beati
1244 3693 1341 3764 Pauli
1370 3693 1469 3782 primi
1500 3695 1671 3774 Heremite,

719 3814 758 3883 de
787 3833 872 3884 anno
902 3814 1030 3885 Domini
1061 3815 1239 3889 MCCCCLX
1269 3837 1364 3889 nono.

814 3947 878 4027 (13.
895 3952 1046 4026 januarii,
1069 3971 1138 4012 ann.
1163 3950 1274 4032 1469).

519 4071 594 4132 ltem
621 4071 695 4151 quia
721 4073 854 4152 provida
879 4073 1011 4135 domina
1029 4075 1243 4137 Wladizlawa
1269 4091 1369 4139 mater
1386 4079 1524 4140 condam
1549 4077 1672 4160 providi

415 4177 473 4237 viri
499 4177 609 4237 lacobi
627 4178 755 4238 sartoris
789 4179 867 4239 olim
886 4179 1108 4241 inhabitatoris
1133 4182 1216 4243 dicte
1233 4183 1379 4261 civitatis,
1398 4204 1455 4264 pro
1482 4185 1545 4246 illis
1562 4185 1668 4245 decem

413 4284 482 4346 flor.
507 4284 575 4344 auri
600 4287 682 4364 quos
706 4285 866 4364 legaverat
890 4287 996 4348 eidem
1021 4288 1215 4368 Wladizlae,
1247 4309 1329 4370 quos
1354 4291 1481 4371 providi
1506 4292 1563 4352 viri
1591 4292 1670 4352 Mar-

414 4391 499 4451 tinus
533 4404 563 4450 et
597 4390 781 4451 Anthonius
813 4393 955 4453 seniores
988 4394 1109 4472 judices
1141 4410 1324 4456 executores
1356 4397 1501 4459 eiusdem
1534 4397 1668 4458 condam

327 4509 334 4522 ·
411 4496 520 4557 lacobi
546 4497 674 4557 sartoris
699 4497 782 4558 lwan
808 4497 874 4558 filio
908 4499 1050 4560 eiusdem
1084 4501 1298 4563 Wladizlawe
1331 4503 1538 4582 tradiderant,
1564 4521 1666 4564 coram
1704 4523 1705 4528 ¹

412 4604 504 4663 nobis
529 4604 746 4685 comparando
772 4606 900 4665 eosdem
928 4621 1113 4668 executores
1142 4609 1249 4688 quitos
1273 4624 1303 4670 et
1326 4611 1494 4692 expeditos
1518 4609 1669 4684 reddidit;

411 4722 441 4770 et
466 4709 526 4770 hoc
552 4709 637 4771 idem
672 4711 756 4771 lwan
788 4710 888 4771 fassus
912 4725 968 4790 est,
1001 4713 1088 4793 quod
1121 4715 1188 4795 ipse
1222 4716 1340 4796 recepit
1371 4717 1557 4798 porcionem
1582 4733 1667 4775 suam

412 4835 470 4875 nec
495 4835 558 4875 non
583 4813 687 4877 fratris
713 4831 744 4876 et
760 4817 878 4878 sororis
894 4838 1037 4894 suorum,
1063 4821 1151 4899 quod
1173 4821 1231 4902 ipsi
1251 4822 1407 4883 Martinus
1437 4836 1469 4884 et
1493 4821 1669 4883 Anthonius

411 4921 533 5000 judices
551 4939 734 4984 executores
758 4923 901 4984 eiusdem
927 4925 1063 4985 condam
1084 4927 1193 4987 lacobi
1218 4928 1347 4990 sartoris
1372 4929 1476 4989 eidem
1497 4929 1577 4989 lwan
1604 4927 1665 5008 ple·

412 5029 498 5088 narie
525 5029 771 5091 extradederunt
797 5044 953 5111 quantum
979 5032 1024 5093 eis
1047 5033 1219 5113 legaverat.
