3818 5786
601 545 803 622 Ann01450.
829 579 870 586 -
895 555 943 620 27.
969 543 1142 604 novembris.
1467 562 1499 602 rr

239 771 315 820 tunc
339 757 405 839 ipsa
431 757 593 839 quandam
619 757 746 819 vineam
772 777 862 820 suam
888 757 918 819 in
943 756 1105 818 territorio
1123 757 1259 819 civitatis
1283 755 1423 838 predicte
1449 755 1501 818 ha·

240 866 349 942 bitem,
374 864 475 946 ipsam
502 865 633 945 juridice
658 878 688 926 et
712 865 885 926 literatorie
914 877 1173 942 concernentem,
1195 883 1269 926 cum
1294 864 1360 924 suis
1384 863 1503 924 utilita-

240 973 323 1034 tibus
348 985 378 1034 et
402 971 608 1054 pertinenciis
632 971 789 1032 universis
813 971 957 1052 predicto
977 969 1121 1052 Georgio
1147 971 1327 1054 Dragawyn
1352 970 1421 1032 viro
1444 988 1503 1031 auo

239 1077 397 1159 legittimo
421 1077 488 1160 jure
507 1077 694 1160 perhennali
720 1077 889 1160 legavisset
906 1076 1151 1160 possidendam3
1177 1077 1317 1159 ideoque
1342 1096 1400 1138 nos
1429 1095 1503 1138 ean·

240 1185 312 1246 dem
337 1185 465 1246 vineam
491 1185 590 1267 ipsius
614 1183 770 1265 Dragawe
794 1204 850 1246 seu
876 1183 977 1246 Elene
1004 1183 1148 1246 mulieris
1172 1203 1245 1245 cum
1271 1183 1422 1246 omnibus
1439 1182 1504 1244 suis

240 1292 430 1354 utilitatibus
454 1307 485 1354 et
508 1291 715 1374 pertinenciis
739 1291 896 1354 universis
919 1288 1043 1374 prefato
1074 1289 1216 1372 Georgio
1241 1291 1310 1352 viro
1333 1309 1392 1351 suo
1417 1290 1503 1372 juxta

240 1399 414 1482 predictam
440 1399 642 1481 legacionem
666 1399 750 1461 dicte
774 1398 875 1460 Elene
904 1417 940 1460 ac
972 1417 1124 1480 pereum
1150 1398 1214 1460 suis
1246 1397 1418 1460 heredibus
1441 1409 1502 1458 sta·

240 1506 359 1568 tuimus
382 1519 541 1588 perpetuo
571 1505 798 1588 possidendam
824 1519 854 1568 et
885 1504 1194 1586 quomodocumque
1225 1503 1363 1567 voluerit
1395 1503 1501 1586 dispo-

239 1612 377 1674 nendam
410 1611 495 1694 juxta
528 1612 753 1674 condicionem
786 1611 923 1674 civitatis
955 1623 1121 1694 prenotate
1153 1611 1193 1672 ab
1221 1611 1355 1692 antiquo
1387 1629 1501 1693 appro-

240 1721 356 1781 batam.

344 1825 423 1888 ltem
448 1845 576 1888 causam
594 1826 716 1908 argenti
736 1825 826 1888 Pauli
844 1823 996 1888 aurifabri
1014 1839 1044 1888 et
1061 1825 1226 1888 Benedicti
1251 1823 1402 1888 aurifabri
1421 1825 1502 1887 inter

240 1931 370 1994 eosdem
395 1932 534 1994 Paulum
559 1947 589 1994 et
607 1932 819 1994 Benedictum
837 1931 1016 1994 aurifabros
1039 1945 1070 1996 et
1087 1933 1166 1995 intet
1191 1931 1353 1994 Thomam
1379 1931 1502 1994 molen·

241 2039 421 2102 dinatorem
438 2039 592 2118 habitam,
606 2039 651 2100 sic
668 2038 761 2116 jurati
780 2037 1056 2120 adjudicaverunt,
1075 2053 1108 2101 ut
1132 2039 1199 2123 ipse
1216 2038 1362 2102 Thomas
1379 2038 1502 2102 molen·

242 2145 369 2208 dinator
391 2145 491 2208 tercio
515 2165 548 2208 se
565 2145 710 2228 personis
730 2145 790 2208 sibi
808 2145 968 2208 similibus
984 2159 1098 2209 octavo
1123 2146 1174 2208 die
1192 2165 1390 2228 superarem
1407 2165 1502 2226 super

239 2271 278 2314 eo
301 2265 413 2314 contra
438 2253 600 2334 predictos
624 2251 803 2314 aurifabros
835 2251 937 2334 jurare
969 2253 1140 2332 tenebitur,
1164 2267 1199 2316 ut
1231 2253 1298 2336 ipse
1322 2252 1501 2336 predictum

240 2370 408 2439 argentum
427 2378 491 2420 non
516 2359 682 2436 subtraxit,
706 2359 762 2421 sed
788 2359 819 2420 in
836 2359 886 2420 via
912 2359 1040 2442 publica
1062 2359 1195 2439 invenit,
1213 2372 1244 2422 et
1267 2359 1415 2441 deposito
1432 2359 1502 2441 ipso

240 2464 422 2545 juramento
439 2465 600 2548 predictus
626 2465 743 2527 Paulus
759 2463 920 2528 aurifaber
942 2485 1016 2528 cum
1033 2465 1122 2528 socio
1139 2466 1199 2549 ipsi
1224 2465 1353 2528 Thome
1377 2467 1500 2528 molen·

239 2573 376 2636 dinatori
394 2573 427 2634 in
445 2573 520 2634 vivo
545 2571 723 2654 (hlomagio
747 2573 976 2650 remanebunt;
1001 2571 1142 2655 prefatus
1158 2587 1265 2636 autem
1283 2573 1401 2635 Paulus
1417 2573 1500 2634 auri·

239 2677 326 2742 faber
357 2678 506 2740 similiter
536 2692 651 2741 octavo
683 2679 735 2740 die
766 2698 863 2761 super
894 2699 980 2740 aram
1012 2698 1170 2762 supereo
1202 2677 1305 2760 jurare
1330 2677 1501 2757 tenebitur,

240 2785 325 2868 quod
350 2787 457 2868 ipsum
490 2799 657 2868 argentum
689 2805 800 2847 verum
834 2805 928 2847 auum
962 2798 993 2847 et
1022 2785 1121 2864 ipsius
1151 2785 1228 2848 socii
1254 2785 1302 2847 sui
1333 2797 1500 2866 argentum

240 2891 309 2972 fuit,
334 2906 365 2954 et
390 2892 478 2972 quod
503 2904 626 2953 tantum
655 2889 799 2954 valorem
832 2890 954 2970 habuit,
980 2905 1010 2955 et
1034 2891 1181 2974 deposito
1215 2891 1285 2974 ipso
1309 2891 1501 2972 juramento,

239 2997 378 3082 prefatus
403 2999 523 3060 Paulus
547 2997 707 3060 aurifaber
728 2999 787 3082 ipsi
806 2997 935 3060 Thome
960 2998 1209 3061 molendinatori
1227 3017 1285 3080 pro
1310 2998 1501 3060 invencione

239 3103 336 3186 ipsius
367 3104 491 3186 argenti
524 3104 619 3166 debet
651 3103 866 3166 aldomasium
898 3105 1091 3188 persolvere,
1124 3105 1191 3187 ipse
1223 3117 1330 3166 autem
1355 3103 1502 3166 Thomas

240 3211 480 3274 molendinator
503 3210 609 3274 eidem
634 3212 735 3273 Paulo
764 3210 926 3274 aurifabro
959 3212 1054 3274 debet
1087 3213 1229 3274 valorem
1255 3212 1354 3295 ipsius
1378 3211 1499 3292 argenti

239 3318 430 3400 persolvere.

343 3424 422 3486 ltem
446 3425 539 3507 jurati
564 3423 829 3507 adjudicaverunt
852 3445 982 3488 causam
1003 3425 1128 3486 domini
1154 3423 1331 3488 Clementis
1357 3423 1499 3505 magistri

240 3531 405 3614 hospitalis
436 3532 535 3594 nostri
568 3532 750 3594 communis
782 3547 813 3595 et
844 3533 968 3595 Nicolai
1002 3533 1118 3596 sutoris
1143 3533 1175 3594 in
1208 3531 1291 3595 facto
1323 3531 1501 3614 empcionis

241 3637 406 3701 cuiusdam
432 3638 581 3700 breviarii
606 3639 661 3700 tali
687 3639 804 3701 modo:
829 3653 863 3702 ut
884 3639 959 3721 quia
978 3640 1045 3722 ipse
1070 3654 1174 3722 partes
1191 3641 1284 3702 ambe
1308 3659 1341 3701 se
1366 3638 1405 3700 ad
1424 3652 1501 3700 atte-

239 3745 412 3808 stacionem
438 3744 562 3807 domini
589 3745 717 3807 Martini
736 3745 894 3827 capellani
912 3747 1011 3808 nostri
1030 3747 1212 3808 communis
1236 3767 1269 3808 se
1293 3745 1501 3822 admiserunt,

240 3867 269 3914 et
302 3853 376 3934 quia
402 3853 470 3934 ipse
502 3852 654 3914 dominus
686 3853 842 3915 Martinus
874 3867 920 3916 est
948 3852 1059 3932 fassus,
1092 3853 1180 3935 quod
1212 3853 1315 3916 dictus
1350 3852 1501 3914 dominus

241 3957 392 4021 Clemens
417 3958 494 4020 feria
518 3959 629 4040 quinta
655 3959 800 4042 proxima
821 3974 892 4043 post
917 3958 1032 4023 festum
1050 3961 1149 4022 sancti
1175 3959 1304 4022 Martini
1330 3960 1407 4021 hora
1432 3978 1500 4020 ves·

239 4065 360 4147 pertine
377 4065 460 4127 circa
476 4065 651 4127 sacristiam
675 4067 775 4128 sancti
794 4066 891 4128 Marci
917 4067 1092 4129 adveniens
1109 4067 1213 4148 ipsum
1239 4067 1421 4128 breviarum
1440 4085 1497 4147 pro

241 4170 279 4233 Vl
310 4171 442 4233 florenis
466 4172 535 4233 auri
567 4191 672 4234 emere
704 4185 889 4252 recusasset,
920 4173 994 4234 ideo
1027 4173 1094 4255 ipse
1125 4173 1278 4236 Nicolaus
1302 4187 1390 4235 sutor
1415 4173 1499 4233 idem

241 4277 434 4340 breviarium
457 4279 556 4342 libare
582 4298 640 4362 pro
672 4280 748 4361 ipsis
772 4279 813 4342 Vl
846 4279 975 4342 florenis
1003 4281 1108 4362 potuit
1140 4299 1344 4363 comparare3
1370 4278 1409 4341 de
1434 4299 1499 4360 quo

240 4383 359 4464 judicio
384 4386 452 4468 ipse
476 4385 628 4448 dominus
652 4387 805 4450 Clemens
829 4407 893 4450 non
920 4399 1100 4467 contentus,
1124 4387 1259 4450 eandem
1284 4387 1499 4467 adjudicacio-

241 4511 312 4554 nem
339 4492 480 4575 ipsorum
507 4492 684 4572 juratorum
709 4493 748 4556 ad
774 4494 971 4576 presenciam
990 4494 1153 4556 seniorum
1170 4493 1313 4576 judicum
1338 4513 1396 4576 pro
1414 4492 1500 4554 finali

240 4597 338 4681 ipsius
361 4618 457 4660 cause
481 4599 720 4662 deliberacione
744 4600 927 4683 appellavit.

345 4705 423 4768 ltem
450 4725 578 4768 causam
600 4706 762 4769 Dominici
780 4707 871 4788 jurati
898 4720 928 4768 et
953 4706 1081 4790 lvlathye
1099 4707 1227 4768 sartoris
1243 4707 1348 4768 claudi
1368 4708 1399 4768 in
1417 4705 1500 4769 facto

241 4813 336 4894 precii
361 4813 479 4876 domus
504 4813 648 4876 eiusdem
672 4813 844 4892 Dominici,
877 4813 970 4894 jurati
994 4815 1038 4876 sic
1069 4814 1343 4896 adjudicaverunt,
1368 4829 1402 4878 ut
1434 4817 1500 4898 ipse

242 4918 431 4982 Dominicus
455 4919 577 5000 juratus
598 4939 655 5002 pro
673 4921 780 5003 precio
805 4921 986 4982 medietatis
1004 4921 1120 4982 domus
1140 4941 1196 4984 sue
1220 4935 1251 4985 et
1275 4921 1365 4984 fundi
1391 4943 1425 4984 ac
1450 4943 1499 4984 ca·

241 5044 326 5087 mare
351 5039 382 5088 et
407 5025 516 5088 celarii
549 5027 744 5088 subterranei
779 5026 851 5088 illos
879 5047 931 5088 sex
964 5026 1104 5090 florenos
1128 5028 1196 5090 auri
1230 5028 1387 5110 litigiosos
1419 5029 1499 5090 bene
