3838 5786
776 448 861 505 Anno
892 459 980 524 1475.
1006 481 1047 490 —
1071 459 1120 522 25.
1144 447 1273 508 octobris.

760 556 790 560 .—
868 555 914 560 .-..
962 553 1215 560 ------.—--—-—-

659 665 754 738 Fetia
784 676 881 738 sexta
911 677 989 738 ante
1017 667 1140 739 festum
1169 665 1258 738 beati
1287 665 1382 738 Galli.

909 825 970 896 (13.
995 821 1136 896 octobris).

500 960 577 1022 Item
603 961 676 1042 quia
705 960 871 1021 Elizabeth
897 961 1093 1022 conthoralis
1110 961 1257 1042 preconis
1274 960 1314 1022 de
1334 961 1494 1020 territorio
1520 959 1657 1020 civitatis

393 1065 675 1146 Montisgrecensis
700 1067 730 1127 in
764 1067 935 1128 manifesto
968 1067 1126 1128 maleficio
1155 1079 1278 1148 reperta
1310 1079 1450 1145 acert0,
1476 1079 1572 1146 prout
1595 1065 1657 1125 hoc

392 1172 586 1234 maleficium
605 1173 756 1234 videlicet
779 1173 868 1254 quod
886 1175 1071 1255 inpocinare
1094 1173 1197 1234 voluit
1215 1172 1318 1232 virum
1336 1192 1443 1249 suum,
1468 1172 1535 1252 ipsa
1554 1171 1659 1231 Eliza-

394 1279 467 1340 beth
493 1279 629 1340 solamet
652 1281 780 1361 publice
806 1279 902 1341 hodie
928 1299 1034 1341 coram
1060 1280 1177 1362 judice,
1202 1278 1312 1360 juratis
1328 1299 1364 1339 ac
1387 1292 1452 1340 tota
1478 1277 1657 1338 communi·

392 1398 455 1448 tate
481 1386 512 1446 in
537 1385 681 1466 generali
707 1399 737 1446 et
761 1386 926 1448 communi
951 1386 1206 1466 congregacione
1237 1385 1267 1445 in
1293 1385 1453 1466 supplicio
1477 1403 1513 1444 ac
1537 1383 1658 1464 judicio

393 1506 439 1552 est
456 1490 614 1568 confessa,
631 1491 770 1574 ideoque
790 1492 882 1572 jurati
897 1492 1108 1553 decreverunt
1125 1493 1226 1573 ipsam
1253 1490 1420 1552 Elizabeth
1438 1489 1658 1551 conthoralem

393 1599 541 1680 preconis
565 1598 725 1680 supplicio
750 1611 780 1660 ct
804 1618 886 1680 pene
908 1598 1143 1659 combussionis
1167 1598 1199 1657 in
1224 1598 1296 1658 loco
1314 1596 1485 1658 Zredische
1509 1596 1659 1657 decreve-

394 1716 469 1765 runt
493 1701 560 1764 lore
585 1705 867 1786 condemnatam,
892 1724 955 1786 que
979 1704 1018 1764 ad
1037 1703 1149 1765 leriam
1174 1704 1304 1765 terciam
1329 1703 1474 1784 proxime
1491 1715 1658 1762 venturam

395 1808 550 1890 (propter)
575 1829 630 1870 sua
656 1810 810 1871 demerita
835 1811 979 1892 predicto
1005 1811 1035 1870 in
1069 1810 1142 1870 loco
1167 1808 1347 1887 Zredische,
1381 1809 1454 1870 loco
1480 1807 1658 1869 communi·

396 1916 469 1976 tatis
493 1915 605 1976 talium
631 1915 851 1977 maleficorum
876 1916 971 1977 debet
995 1917 1141 1977 comburi
1166 1929 1197 1977 et
1221 1915 1429 1986 concremari.

503 2021 581 2082 Item
619 2022 781 2084 Dorothea
813 2037 914 2084 mater
946 2023 1142 2084 conthoralis
1172 2022 1319 2104 preconis
1352 2034 1383 2083 et
1415 2022 1516 2083 Eleua
1547 2022 1658 2101 longa,

397 2127 597 2209 Margaretha
624 2129 873 2190 Mithkolenicza
900 2130 940 2191 de
964 2130 1124 2190 territorio
1157 2129 1293 2190 civitatis
1319 2127 1599 2209 Montisgrecensis
1625 2128 1656 2187 in

396 2233 566 2295 manifesto
591 2234 749 2296 maleficio
775 2250 938 2318 repertea
971 2251 1068 2314 certo,
1094 2251 1189 2317 prout
1213 2235 1273 2296 hoc
1305 2233 1499 2296 maleficium
1525 2234 1660 2315 ipsemet

398 2341 465 2400 sole
491 2341 619 2421 publice
644 2342 675 2401 in
702 2342 814 2402 maiori
840 2361 947 2403 coram
966 2341 1082 2424 judice,
1100 2341 1210 2415 iuratis
1227 2361 1263 2401 ac
1287 2355 1352 2401 tota
1372 2341 1604 2402 communitate
1627 2340 1658 2399 in

396 2447 537 2526 generali
564 2461 594 2508 et
612 2450 776 2509 communi
795 2450 1051 2530 congregacione
1069 2449 1099 2509 in
1118 2448 1238 2527 judicio
1255 2461 1329 2509 sunt
1346 2445 1502 2525 confesse,
1520 2447 1660 2526 ideoque

395 2553 487 2634 jurati
521 2554 731 2616 decreverunt
764 2556 846 2638 ipsas
870 2555 1068 2617 Dorotheum
1097 2569 1230 2616 matrem
1268 2553 1487 2637 (conthoralis)
1512 2553 1660 2636 preconis

397 2661 556 2736 moderni,
574 2663 703 2743 longam
723 2663 855 2722 Elenam
875 2675 905 2722 et
923 2662 1156 2742 Margaretham
1170 2661 1418 2722 Mithholenicza
1442 2660 1602 2741 supplicio
1628 2673 1659 2719 et

396 2786 478 2849 pene
504 2769 738 2829 combussionis
771 2769 802 2828 in
834 2768 907 2829 loco
939 2769 1109 2829 Zredische
1142 2769 1351 2828 decreverunt
1381 2764 1448 2828 fore
1481 2766 1659 2847 condemp-

399 2885 498 2950 natas,
523 2893 602 2954 quas
626 2874 666 2934 ad
692 2873 802 2935 feriam
827 2875 959 2934 terciam
993 2874 1137 2956 proxime
1162 2872 1332 2934 affuturam
1366 2874 1430 2934 suis
1454 2892 1490 2934 ac
1515 2872 1658 2954 ipsorum

397 2979 561 3040 demeritis
585 2980 616 3040 in
641 2981 786 3062 predicto
811 2981 885 3042 loco
918 2980 1098 3058 Zredische,
1131 2980 1204 3042 loco
1237 2980 1349 3041 talium
1374 2979 1594 3041 maleficorum
1619 2979 1660 3039 ad

396 3085 428 3146 id
454 3085 607 3167 deputato
632 3087 750 3188 dehent
774 3088 919 3148 comburi
944 3100 975 3147 et
1003 3087 1189 3148 decremari.

503 3209 579 3270 ltem
606 3211 681 3291 quia
707 3211 796 3272 Jelka
822 3211 1047 3288 Milichinicza‚
1067 3211 1239 3272 Katherina
1266 3212 1351 3272 Beda
1377 3211 1604 3292 cognominata
1630 3223 1661 3270 et

398 3321 505 3397 Agnes
529 3336 660 3377 consors
682 3317 774 3377 Pauli
798 3317 1026 3399 Fwdricheycz
1044 3337 1079 3378 ac
1106 3317 1268 3379 Dorothea
1286 3337 1416 3379 consors
1434 3317 1524 3378 Pauli
1542 3315 1660 3378 Cisthi·

397 3437 522 3499 mester,
547 3421 640 3502 jurati
672 3421 889 3504 juramentum
922 3422 1155 3504 adjudicarunt,
1189 3424 1277 3504 quod
1309 3444 1404 3506 super
1435 3423 1519 3506 ipsas
1542 3424 1660 3504 obpro·

398 3528 503 3589 briose
529 3543 559 3588 et
584 3529 736 3610 injuriose
762 3529 842 3590 fassa
867 3527 926 3589 fuit
960 3529 1128 3590 Elizabeth
1160 3549 1291 3591 consors
1315 3530 1473 3611 preconis,
1499 3529 1587 3610 quod
1612 3529 1660 3588 ul·

396 3636 476 3695 timo
501 3636 672 3714 revocavit,
697 3637 784 3717 quod
811 3636 877 3717 ipse
902 3636 1023 3696 nullius
1047 3635 1191 3697 malefice
1217 3637 1292 3698 artis
1317 3637 1468 3699 mulieres
1493 3655 1558 3697 non
1575 3649 1660 3715 sunt,

397 3742 540 3822 quelibet
564 3743 703 3824 ipsarum
736 3755 890 3803 sextamet
921 3741 1138 3822 juramentum
1171 3743 1203 3803 in
1236 3763 1288 3805 ara
1321 3760 1427 3805 sancte
1453 3743 1565 3806 Crucis
1589 3762 1659 3823 pre·

397 3859 478 3908 stare
505 3861 534 3908 et
559 3848 720 3930 deponere
746 3848 850 3910 debet.

504 3954 580 4015 Item
608 3955 774 4016 Jalsiczam
798 3955 978 4037 privignam
1009 3954 1162 4037 Stephani
1196 3954 1284 4036 longi
1310 3956 1545 4038 prolongarunt
1567 3955 1661 4036 jurati

398 4057 437 4119 ad
463 4061 602 4142 primum
627 4060 794 4142 judicium.
819 4061 900 4142 (sic).

631 4298 728 4371 Feria
757 4309 881 4389 quarta
910 4309 986 4390 post
1015 4301 1135 4373 festum
1165 4301 1262 4372 beate
1291 4300 1421 4372 Vrsule.

910 4455 971 4527 (25.
996 4453 1140 4533 octobris).

506 4590 581 4651 Item
609 4592 775 4653 Elizabeth
801 4593 916 4653 mulier
939 4594 1178 4654 Wolau'chicze
1200 4607 1330 4675 propter
1354 4613 1442 4653 suam
1469 4593 1595 4674 culpam
1614 4609 1662 4654 est

400 4697 564 4756 licenciata
591 4697 628 4757 de
654 4698 814 4758 territorio
839 4700 975 4760 civitatis
1008 4700 1141 4760 ulterius
1166 4700 1267 4782 ipsam
1300 4700 1461 4761 civitatem
1486 4719 1544 4780 pro
1569 4719 1660 4760 mura

399 4822 465 4862 non
483 4803 641 4881 habendo,
667 4824 729 4885 que
747 4805 771 4864 si
789 4805 922 4865 ulterius
943 4807 1042 4886 ipsam
1062 4807 1220 4866 civitatem
1239 4805 1413 4882 intraverit,
1432 4826 1547 4887 penam
1564 4809 1659 4867 mise-

400 4910 533 4970 rabilem
558 4911 810 4992 supradictarum
836 4928 1050 4993 consequetur
1073 4913 1312 4994 suppliciosam.
