3838 5786
605 535 806 609 Ann01470.
832 567 871 576 -
897 547 945 592 12.
961 531 1114 608 januarii.
1430 535 1485 613 36·

230 745 382 807 videlicet
406 745 519 827 capitis
537 745 690 826 porcione
707 741 768 806 fuit
785 744 936 825 expulsus
958 745 996 804 de
1022 744 1105 806 dicta
1123 744 1250 806 civitate
1267 759 1297 806 ct
1322 745 1389 806 eius
1406 746 1494 807 terri-

229 855 326 932 torio,
352 853 401 914 cui
428 853 527 913 eciam
554 850 614 912 fuit
638 852 775 912 abscissa
801 871 864 912 una
896 852 1056 931 auricula,
1082 865 1112 912 et
1137 851 1212 932 quia
1236 851 1276 912 ad
1302 852 1494 934 peticionem

230 960 466 1020 nonnullorum
491 959 667 1039 proborum
701 971 731 1018 et
764 957 971 1019 honestorum
1005 958 1147 1020 virorum
1172 958 1277 1019 eidem
1301 959 1439 1038 graciam
1466 971 1496 1020 et

233 1066 488 1128 misericordiam
512 1067 617 1126 taliter
642 1064 785 1143 fecimus,
811 1078 845 1126 ut
858 1065 925 1146 ipse
950 1065 1024 1125 talia
1044 1062 1209 1126 malefacta
1236 1065 1367 1125 ulterius
1392 1064 1496 1126 facere

232 1193 291 1234 nec
326 1173 356 1233 in
392 1172 578 1233 huiusmodi
611 1170 696 1232 furtu
728 1171 863 1232 inveniri
897 1191 962 1232 non
994 1170 1126 1248 debeat,
1158 1171 1213 1252 qui
1245 1171 1269 1231 si
1302 1170 1361 1232 hoc
1394 1169 1496 1232 facere

232 1279 481 1361 attemptaverit,
499 1292 613 1338 extunc
638 1297 754 1358 penam
772 1278 805 1338 in
822 1277 938 1338 talibus
960 1293 1143 1338 consuetam
1168 1277 1253 1356 juxta
1271 1277 1496 1338 condicionem

232 1386 316 1448 dicte
342 1385 477 1446 civitatis
500 1385 620 1446 subibit
645 1397 675 1445 et
699 1385 851 1464 pacietur.

339 1493 416 1554 ltem
449 1493 524 1572 quia
558 1490 738 1572 Stephanus
769 1511 931 1552 successor
968 1491 1126 1571 Regutaui
1160 1491 1321 1552 Valentini
1358 1490 1496 1572 agricole

232 1613 343 1659 contra
368 1597 539 1659 Nicolaum
566 1597 727 1680 Poyeyich
752 1598 858 1679 primo
883 1598 996 1659 citatus
1022 1617 1085 1658 non
1115 1598 1295 1679 comparuit
1320 1597 1352 1658 in
1376 1596 1496 1677 judicio

233 1725 341 1766 coram
366 1705 470 1767 nobis.

341 1811 417 1872 ltem
442 1831 570 1872 causam
597 1811 678 1872 inter
703 1809 833 1872 Gerdalr
866 1825 1005 1870 sutorem
1033 1823 1063 1872 et
1096 1812 1177 1870 inter
1201 1810 1329 1871 Petrum
1356 1810 1497 1892 Dragyn,

233 1920 383 1981 concives
407 1935 545 1996 nostros,
571 1919 700 1980 racione
734 1917 926 1999 inpulsionis
958 1919 1077 1978 bovum
1103 1917 1246 1978 eiusdem
1280 1917 1363 1978 Petri
1387 1917 1426 1977 ad
1452 1917 1497 1996 ju·

234 2026 341 2086 dicem
367 2039 397 2086 et
420 2025 636 2107 dampnorum
656 2025 714 2106 ipsi
742 2025 835 2085 l‘etro
860 2023 890 2084 in
910 2024 1127 2085 retardacione
1150 2027 1269 2085 bovum
1293 2043 1424 2085 suorum
1442 2042 1498 2104 per

235 2132 374 2193 eundern
401 2131 531 2193 Gerdak
558 2131 732 2208 illatorum,
760 2132 825 2212 ipse
846 2131 956 2191 Petrus
974 2130 1103 2213 Dragyn
1120 2131 1275 2192 solusmet
1292 2131 1394 2211 jurare
1411 2143 1497 2190 tene·

236 2239 322 2299 bitur
346 2251 501 2318 quantum
529 2237 661 2318 dampni
678 2257 789 2318 passus
814 2251 869 2314 est,
895 2238 961 2317 ipse
979 2235 1108 2298 Gerdak
1135 2239 1238 2298 eidem
1257 2238 1350 2298 Petro
1374 2236 1498 2298 solvere

234 2346 405 2424 tenebitur,
431 2359 461 2406 et
479 2345 629 2426 quitquid
647 2359 752 2404 autem
772 2344 903 2426 dampni
926 2344 992 2426 ipse
1011 2343 1140 2404 Gerdak
1157 2345 1189 2404 in
1207 2345 1298 2405 vinea
1316 2364 1372 2404 sua
1389 2363 1499 2424 passus

234 2466 290 2530 est,
306 2465 400 2533 prout
414 2453 615 2513 estimatores
629 2451 827 2528 estimarunt,
842 2449 946 2511 eidem
963 2449 1047 2511 idem
1063 2451 1174 2511 Petrus
1191 2450 1315 2511 solvere
1327 2450 1497 2512 tenebitur.

343 2557 419 2618 ltem
445 2577 573 2618 causam
600 2557 681 2617 inter
705 2557 856 2618 ancillam
881 2575 938 2616 seu
962 2557 1158 2618 servitricem
1185 2556 1274 2616 Pauli
1300 2553 1450 2617 aurifabri
1469 2569 1500 2616 et

233 2665 316 2726 inter
340 2683 473 2724 uxorem
500 2664 582 2724 Petri
615 2663 774 2724 sellatoris
806 2663 935 2724 racione
967 2663 1204 2724 vulneracionis
1237 2682 1331 2723 nasus
1355 2661 1498 2722 eiusdem

232 2771 405 2832 servitricis
430 2770 529 2851 ipsius
553 2769 642 2830 Pauli
668 2767 832 2848 aurifabri,
857 2789 954 2850 quarn
981 2770 1047 2852 ipse
1073 2769 1185 2831 Petrus
1208 2769 1267 2830 sibi
1293 2769 1333 2829 ad
1358 2769 1498 2848 coligen-

233 2879 312 2939 dum
339 2879 448 2939 botros
472 2877 611 2959 pecierat
636 2889 666 2938 et
690 2877 820 2938 tandem
846 2876 913 2958 ipsa
931 2895 1061 2938 consors
1086 2875 1229 2938 eiusdem
1255 2875 1338 2936 Petri
1363 2874 1498 2935 eandem

233 2985 273 3046 ad
299 2985 434 3045 domum
459 3003 549 3044 suam
574 2984 732 3044 advocare
756 2979 881 3044 fecisset
902 2982 1051 3062 dicendo,
1076 2983 1164 3064 quod
1189 2983 1285 3044 vellet
1309 2981 1415 3043 eidem
1441 3000 1499 3062 pro

234 3092 344 3153 labore
370 3089 561 3166 satisfacere,
586 3105 616 3150 et
641 3089 761 3151 ibidem
792 3109 850 3172 pro
883 3089 1022 3170 quadam
1056 3089 1238 3170 suspicione
1264 3107 1374 3149 nasum
1400 3087 1499 3148 absci-

234 3200 310 3262 dere
337 3199 490 3260 voluisset
515 3213 545 3258 et
570 3199 670 3258 eciam
689 3197 830 3278 aliquam
848 3197 1043 3277 signaturam
1063 3197 1094 3257 in
1118 3217 1194 3257 naso
1212 3215 1312 3277 usque
1336 3193 1500 3274 sanguinis

234 3306 427 3370 effusionem
453 3304 588 3380 fecisset,
614 3303 705 3377 iurati
731 3303 956 3384 adjudicarunt
988 3304 1104 3381 taliter,
1129 3321 1200 3364 curn
1227 3317 1257 3363 et
1281 3323 1317 3363 err
1342 3320 1408 3383 quo
1434 3302 1500 3383 ipsa

235 3433 316 3474 uxor
341 3412 484 3473 eiusdem
505 3411 587 3471 Petri
614 3411 713 3490 ipsam
732 3410 882 3471 ancillam
900 3430 955 3471 seu
973 3409 1167 3470 servitricem
1185 3408 1284 3490 ipsius
1310 3405 1399 3467 Pauli
1416 3407 1499 3467 auri-

236 3518 318 3580 fabri
344 3518 537 3599 judicialiter
562 3537 625 3578 non
645 3531 811 3597 prosecuta
839 3515 910 3593 fuit,
928 3529 1037 3576 contra
1063 3515 1163 3596 ipsam
1181 3515 1329 3576 ancillam
1356 3513 1500 3574 convicta

236 3641 283 3687 est
308 3626 338 3686 in
366 3625 479 3705 viginti
505 3625 649 3705 quinque
675 3623 784 3704 pensis
809 3623 1026 3699 denariorum,
1052 3636 1082 3683 et
1102 3635 1210 3683 contra
1236 3621 1374 3702 judicem
1400 3633 1429 3680 et
1454 3620 1500 3700 ju-

237 3747 325 3794 ratos
350 3732 380 3792 in
407 3732 550 3812 quinque
568 3731 693 3811 pensis;
718 3730 756 3788 de
782 3749 847 3810 quo
872 3728 991 3809 judicio
1009 3728 1076 3809 ipse
1102 3729 1212 3789 Petrus
1236 3728 1268 3786 in
1293 3745 1426 3808 persona
1444 3745 1500 3786 sue

237 3839 397 3901 consortis
407 3859 471 3900 non
482 3851 661 3916 contentus,
673 3837 808 3898 eandem
821 3835 974 3918 (causam)
984 3837 1158 3918 appellavit
1169 3835 1208 3897 ad
1218 3836 1359 3896 seniores
1369 3835 1376 3915 j
1382 3833 1499 3896 udices.

238 4059 335 4132 Feria
364 4069 462 4130 sexta
491 4061 647 4148 proxima
685 4067 763 4148 post
800 4058 921 4128 festum
949 4059 1038 4128 beati
1071 4057 1166 4128 Pauli
1196 4059 1295 4145 primi
1324 4055 1500 4140 Harenas,

529 4203 614 4253 anno
643 4183 771 4252 Domini
801 4180 927 4253 MCCCC
956 4185 1213 4270 septuagesimo.

640 4339 700 4413 (12.
715 4339 866 4414 januarii,
890 4357 960 4396 aran.
987 4339 1091 4415 1470).

347 4480 423 4541 Item
450 4499 578 4540 causam
611 4479 693 4540 inter
718 4478 906 4539 Thomasko
938 4493 968 4540 et
993 4465 1081 4538 inter
1098 4478 1234 4539 condam
1268 4477 1429 4537 Andream
1454 4473 1500 4555 ju-

239 4587 344 4648 dicem
372 4586 567 4668 Symwnych
591 4585 720 4646 racione
744 4584 959 4665 dampnorum
976 4585 1036 4645 sibi
1060 4583 1220 4645 illatorum
1247 4585 1278 4644 in
1303 4583 1421 4643 vitibus
1437 4582 1503 4642 suis

240 4706 270 4754 et
295 4694 327 4754 in
353 4693 520 4771 clenodiis,
546 4692 620 4773 quia
645 4692 733 4772 prius
757 4691 815 4773 ipsi
841 4690 979 4752 condam
996 4689 1126 4751 Andree
1152 4689 1346 4772 Symwnych
1372 4687 1431 4749 fuit
1447 4688 1501 4747 ad·

239 4800 418 4880 judicatum
442 4799 566 4860 solvere
590 4811 654 4860 tres
672 4797 807 4859 cubulos
832 4798 908 4876 vini,
933 4817 1015 4878 quos
1032 4798 1242 4859 commissarii
1267 4796 1409 4857 eiusdem
1427 4813 1502 4856 con-

240 4907 313 4967 dam
340 4905 467 4967 Andree
491 4906 616 4966 solvere
639 4906 844 4983 tenebuntur,
869 4905 900 4964 in
934 4904 1004 4964 aliis
1028 4917 1058 4964 et
1081 4923 1139 4984 pro
1172 4904 1243 4964 aliis
1267 4902 1414 4984 dampnis
1438 4901 1502 4962 suis

240 5032 320 5075 uxor
353 5013 453 5094 ipsius
485 5012 674 5073 Thomasko
706 5011 809 5093 jurare
842 5030 908 5072 non
939 5011 1061 5093 potuit,
1094 5029 1170 5090 ergo
1203 5025 1248 5071 est
1280 5009 1445 5071 convictus
1469 5009 1500 5068 in
