3694 5782
384 547 446 606 252
788 532 874 588 Anno
897 527 990 608 1464.
1016 563 1057 572 -
1082 526 1132 588 18.
1157 530 1236 589 maii.

492 743 570 804 Item
597 763 724 804 causam
752 744 833 805 inter
858 743 1071 804 Laurencium
1106 743 1297 803 modernum
1329 743 1480 803 comitem
1506 756 1647 803 nostrum

383 864 414 912 et
438 851 602 912 Andream
629 865 659 911 ct
684 851 895 912 Benedictum
920 850 1055 912 comites
1072 850 1220 910 similiter
1244 863 1371 910 nostros
1395 851 1471 912 anni
1497 850 1649 931 preteriti,

383 957 511 1018 racione
536 958 770 1018 combustionis
794 957 975 1019 stacionum
994 971 1173 1018 nostrarum
1199 957 1434 1034 communium,
1459 975 1515 1038 per
1531 956 1650 1036 juratos

384 1064 603 1144 adjudicatam
637 1077 668 1124 et
704 1084 760 1145 per
782 1062 922 1146 prelatos
953 1064 1116 1125 Andream
1150 1077 1180 1125 et
1213 1063 1423 1126 Benedictum
1455 1063 1495 1124 ad
1521 1083 1580 1124 nos
1603 1083 1650 1124 se·

386 1171 493 1232 niores
517 1170 639 1252 judices
663 1170 869 1254 appellatam,
894 1191 952 1232 nos
978 1171 1120 1232 seniores
1148 1171 1270 1251 judices
1295 1170 1380 1250 juxta
1405 1183 1555 1232 contenta
1580 1170 1647 1232 lite·

383 1297 489 1339 rarum
523 1293 702 1339 nostrarum
736 1279 947 1356 comitalium,
972 1279 1004 1339 in
1037 1278 1155 1359 quibus
1187 1278 1374 1358 reperimus,
1407 1277 1546 1358 quodsi
1573 1277 1648 1358 ipsis

382 1385 516 1466 aliquod
549 1385 680 1466 dampni
712 1385 881 1464 contigerit
914 1385 1042 1446 racione
1075 1385 1333 1462 communitatis,
1369 1385 1481 1446 eadem
1507 1385 1646 1466 dampna

383 1493 598 1554 communitas
623 1491 742 1554 eisdem
769 1491 939 1554 refundere
957 1505 1127 1570 teneretur,
1149 1506 1179 1553 et
1204 1511 1405 1570 econverso,
1429 1512 1491 1573 que
1509 1491 1647 1572 dampna

383 1619 439 1681 per
464 1599 550 1681 ipsos
576 1600 710 1661 comites
735 1599 898 1660 Andream
917 1613 948 1660 et
973 1598 1185 1660 Benedictum
1202 1599 1270 1659 sine
1295 1599 1376 1660 scitu
1400 1611 1431 1659 et
1454 1598 1648 1660 admissione

385 1707 625 1768 communitatis
658 1727 714 1768 seu
748 1707 973 1768 communitati
1008 1706 1106 1784 illata,
1139 1706 1199 1786 ipsi
1235 1705 1379 1767 Andreas
1403 1718 1434 1766 et
1458 1705 1648 1766 Benedictus

383 1813 488 1874 eidem
514 1813 737 1875 communitati
764 1825 870 1873 nostre
903 1811 1072 1873 refundere
1101 1813 1307 1890 tenebuntur,
1339 1825 1369 1873 et
1394 1812 1482 1892 quod
1509 1811 1569 1892 ipsi
1594 1830 1644 1872 co-

385 1919 477 1980 mites
502 1939 591 1980 reum
616 1939 671 1980 seu
698 1917 937 1980 malefactorem
963 1920 1105 2000 ipsorum
1131 1938 1189 2000 pto
1216 1919 1357 2000 ipsorum
1382 1917 1525 2000 dampno
1543 1917 1647 1998 requi·

384 2047 452 2088 rere
479 2041 630 2109 poterunt
652 2043 682 2088 et
706 2027 877 2102 valebunt;
914 2027 952 2086 de
979 2047 1044 2108 quo
1076 2026 1197 2106 judicio
1229 2039 1338 2086 nostro
1364 2023 1477 2108 prelati
1503 2025 1647 2085 Andreas

385 2149 416 2196 et
441 2135 635 2196 Benedictus
659 2134 792 2196 comites
816 2135 892 2195 anni
917 2134 1058 2215 preteriti
1076 2133 1115 2194 ad
1138 2130 1344 2214 magnificum
1370 2132 1558 2213 magistrum
1583 2131 1648 2192 tha-

383 2242 597 2303 warnicorum
623 2242 710 2322 regie
736 2242 910 2302 Maiestatis
934 2241 1156 2322 appellassent.

491 2348 568 2410 ltem
601 2349 792 2410 Dominicus
824 2346 963 2410 carnifex
989 2347 1179 2409 secundario
1212 2347 1326 2408 citatus
1357 2361 1467 2407 contra
1494 2343 1647 2406 Mathiarn

385 2454 582 2537 Tergowecz
607 2475 671 2516 non
697 2457 877 2538 comparuit
895 2455 927 2516 in
951 2455 1072 2536 judicio
1096 2473 1203 2515 coram
1228 2454 1331 2515 nobis.

411 2655 507 2730 Feria
536 2667 633 2729 sexta
663 2661 816 2748 proxima
845 2667 921 2748 post
956 2659 1078 2730 sestam
1106 2659 1280 2728 beatorum
1311 2653 1406 2727 Nerei
1433 2663 1468 2725 et
1496 2651 1622 2725 Achilei

924 2786 1114 2854 martirum.

923 2933 987 3010 (18.
1012 2939 1106 3011 ttratr').

489 3075 566 3138 ltem
592 3078 623 3138 in
650 3097 743 3138 causa
761 3077 842 3138 inter
867 3077 995 3140 fratrem
1015 3078 1188 3138 Martinam
1211 3077 1375 3138 custodem
1402 3076 1531 3137 claustri
1549 3076 1646 3136 sancti

382 3181 553 3257 Francisci‚
587 3184 742 3264 Zagrabie
775 3183 911 3262 fundati,
943 3185 1072 3246 racione
1106 3184 1223 3245 donrus
1255 3184 1287 3243 in
1320 3183 1434 3244 eadem
1458 3182 1587 3244 civitate
1619 3197 1648 3242 et

382 3289 648 3370 circumspectum
682 3292 784 3352 virum
819 3292 998 3352 lohannem
1032 3292 1159 3369 Bolsak,
1192 3291 1350 3352 seniorem
1386 3289 1537 3370 judicem,
1564 3291 1645 3372 juxta

381 3396 643 3458 commissionem
668 3397 791 3458 domini
828 3399 924 3458 nostri
951 3398 1034 3479 regis
1066 3398 1275 3460 literatoriam
1300 3397 1449 3458 dedimus
1473 3398 1645 3458 terminum

382 3503 441 3583 ipsi
467 3501 605 3564 lohanni
631 3504 758 3580 Bolsak,
792 3517 826 3565 ut
850 3504 917 3585 ipse
949 3519 1093 3566 teneatur
1125 3504 1302 3586 producere
1334 3505 1401 3584 jura
1435 3523 1492 3564 sua
1529 3505 1644 3586 quibus

381 3608 598 3669 mediantibus
623 3610 690 3690 ipse
715 3610 857 3690 possidet
881 3610 1015 3671 domum
1035 3611 1210 3692 predictam
1235 3611 1266 3671 in
1285 3630 1348 3692 qua
1374 3609 1541 3683 inhabitat,
1559 3610 1643 3671 vide·

381 3715 455 3775 licet
479 3715 670 3795 vigesimum
696 3717 845 3796 quintum
870 3716 956 3776 diem
989 3717 1140 3778 videlicet
1171 3731 1318 3798 quartam
1344 3715 1457 3778 feriam
1482 3731 1603 3778 sextam
1628 3738 1643 3777 a

381 3821 453 3882 data
478 3822 679 3902 presencium
703 3837 774 3902 post
798 3843 865 3884 sese
890 3824 1104 3884 communiter
1128 3838 1310 3885 venturum.

489 3928 566 3988 ltem
591 3949 719 3990 causam
753 3931 834 3991 inter
866 3931 1002 3991 Paulum
1036 3929 1217 3992 carnificem
1251 3929 1426 4013 lagathych
1451 3930 1585 4008 dictum,
1616 3947 1644 3992 et

381 4034 583 4096 Anthonium
610 4035 801 4118 Oprasnych
818 4037 951 4116 dictum,
976 4038 1168 4099 modernum
1186 4037 1336 4119 juratum,
1361 4037 1454 4098 datus
1478 4051 1524 4098 est
1541 4035 1644 4099 eidem

380 4143 536 4203 terminus
562 4143 649 4224 quod
675 4144 867 4226 respondeat
891 4145 923 4205 in
956 4145 1061 4226 primo
1086 4144 1206 4224 judicio
1239 4146 1305 4226 ipse
1330 4143 1516 4206 Anthonius
1540 4144 1643 4206 eidem

382 4249 482 4310 Paulo
516 4250 691 4331 lagathych
724 4251 853 4310 racione
885 4251 1133 4332 vituperacionis
1164 4265 1195 4312 et
1227 4251 1297 4312 aliis
1329 4270 1393 4331 que
1434 4251 1502 4332 ipse
1527 4250 1644 4312 Paulus

381 4369 489 4416 contra
517 4356 622 4436 ipsum
647 4356 825 4437 proposuit.

487 4463 564 4524 ltem
597 4484 723 4526 causam
758 4465 839 4526 inter
873 4466 1139 4548 circumspectum
1171 4467 1274 4526 virum
1308 4466 1470 4527 Marinum
1495 4466 1574 4527 alias
1598 4465 1642 4545 ju·

380 4570 496 4648 dicem,
521 4591 606 4632 nunc
631 4573 733 4633 civem
760 4573 981 4652 Segniensem,
1005 4587 1036 4634 et
1054 4573 1220 4634 dominam
1239 4572 1474 4654 Margaretbam
1500 4573 1641 4634 relictam

381 4677 518 4738 condam
552 4679 647 4739 Blasii
681 4679 862 4758 Wgrinich,
896 4679 987 4758 jurati
1021 4679 1105 4758 juxta
1137 4679 1348 4742 literatoriam
1381 4680 1642 4742 commissionem

380 4783 503 4844 domini
519 4785 601 4863 regis
624 4785 752 4846 racione
777 4786 991 4866 quarumdam
1009 4787 1187 4848 stacionum
1212 4800 1243 4847 et
1260 4786 1375 4848 domus
1400 4799 1430 4846 et
1456 4784 1639 4863 fundorum,

382 4888 474 4949 datus
499 4903 545 4950 est
569 4891 723 4952 terminus
748 4892 806 4972 ipsi
833 4892 964 4953 domine
991 4893 1163 4954 Katherine
1192 4893 1300 4955 relicte
1326 4892 1553 4974 quindecimus
1577 4894 1641 4954 dies

381 4994 600 5056 demonstrare
625 4997 691 5077 jura
717 4998 835 5077 quibus
859 4999 1075 5060 mediantibus
1100 5000 1240 5080 possidet
1271 4999 1399 5060 easdem
1425 4999 1584 5060 staciones
1607 5018 1640 5060 ac

383 5099 497 5163 domos
521 5116 671 5181 muratas,
696 5103 728 5163 in
753 5102 873 5185 judicio
898 5125 1005 5168 coram
1030 5105 1134 5168 nobis.
