3694 5782
533 529 620 586 Anno
642 523 737 604 1466.
763 561 802 570 -
828 541 877 603 19.
902 529 1072 602 septembris.
1377 547 1433 609 301

174 740 299 801 racione
332 739 509 800 ablationis
539 739 753 820 quarumdam
787 758 892 799 rerum
926 753 956 800 et
995 741 1156 799 bonorum
1189 758 1245 819 per
1275 740 1437 800 Andream

174 845 382 927 Myndorffer,
415 859 447 906 et
478 847 615 906 aliorum
642 845 858 926 dampnorum
884 845 998 906 exinde
1031 859 1225 922 secutorum,
1257 864 1338 924 quos
1369 845 1436 926 ipse

174 953 301 1014 dicebat
323 952 384 1013 sibi
410 950 567 1012 factorum
593 971 630 1012 ex
654 965 743 1033 parte
768 951 924 1012 iohannis
945 950 1130 1032 Perovvych,
1155 949 1246 1028 jurati
1273 950 1435 1030 adjudica-

173 1072 296 1137 verunt,
312 1057 401 1139 quod
419 1059 485 1140 ipse
503 1057 639 1120 Cheden
655 1053 786 1118 deberet
803 1056 917 1118 habere
940 1075 1037 1118 unam
1055 1057 1179 1117 literam
1195 1077 1211 1116 a
1229 1056 1334 1136 judice
1352 1057 1436 1118 dicte

175 1165 310 1226 civitatis
335 1180 366 1226 et
389 1165 522 1226 transire
547 1165 628 1225 circa
655 1165 759 1247 ipsum
786 1163 984 1246 Myndorffer
1016 1177 1046 1225 et
1070 1177 1213 1244 repetere
1238 1184 1287 1224 res
1310 1185 1382 1225 suas
1406 1177 1437 1225 et

173 1291 305 1333 suorum
331 1272 555 1332 consociorum
581 1288 612 1332 et
636 1271 735 1332 eciam
762 1272 875 1332 rescire
894 1285 1024 1352 propter
1046 1290 1142 1352 quarn
1168 1290 1234 1330 rem
1254 1269 1320 1350 ipse
1346 1271 1438 1352 Myn-

174 1379 291 1440 dorffer
315 1378 437 1440 detinet
461 1398 509 1440 res
532 1391 563 1440 et
596 1379 679 1438 bona
705 1379 867 1459 ipsorum3
900 1397 997 1458 quam
1030 1397 1157 1438 causam
1183 1377 1249 1458 ipse
1275 1377 1437 1447 iohannes

174 1486 348 1568 Perovvych
374 1485 547 1567 appellavit
571 1485 611 1546 ad
635 1486 782 1546 seniores
806 1483 938 1565 judices.

280 1593 357 1654 item
390 1612 517 1654 causam
555 1593 636 1653 inter
672 1591 850 1652 Johannem
886 1590 1058 1673 Perowych
1093 1605 1123 1650 et
1157 1591 1237 1650 inter
1273 1590 1435 1650 Thomam

175 1699 307 1760 Cheden
345 1699 473 1760 racione
508 1699 757 1780 vituperacionis
792 1713 822 1759 et
848 1697 1079 1779 appellationis
1119 1696 1223 1777 ipsum
1258 1695 1437 1755 Johannem

175 1806 348 1889 Perowych
373 1805 475 1867 filium
501 1806 685 1879 meretricis,
719 1805 811 1886 jurati
837 1804 1115 1884 adjudicaverunt,
1149 1803 1224 1882 quia
1250 1802 1316 1882 ipse
1342 1801 1436 1860 Pero-

173 1912 263 1995 wych
288 1913 393 1994 ipsum
412 1912 604 1994 vituperium
623 1931 695 1973 curn
713 1912 846 1972 testibus
863 1909 1097 1991 comprobavit,
1116 1909 1189 1968 ideo
1209 1909 1274 1988 ipse
1292 1907 1440 1967 Thomas

175 2021 430 2101 condempnatus
455 2032 500 2080 est
525 2021 555 2079 in
582 2019 692 2080 decern
719 2018 825 2100 pensis
851 2018 908 2099 ipsi
932 2017 1070 2076 Johanni
1097 2014 1271 2096 Perowych
1297 2029 1327 2074 et
1351 2033 1440 2074 com-

173 2129 320 2190 munitati
346 2141 474 2189 centum
500 2128 660 2206 denarios,
693 2141 723 2188 et
747 2127 772 2187 si
805 2127 939 2188 ulterius
964 2126 1025 2186 hoc
1056 2137 1245 2206 attemptare
1270 2142 1436 2204 presump-

173 2235 256 2313 serit,
281 2253 398 2315 penam
423 2235 566 2316 pacietur
592 2233 622 2293 in
648 2245 766 2294 statuto
792 2233 1014 2314 conscriptam.

279 2341 356 2402 item
383 2359 511 2402 causam
538 2340 618 2401 inter
642 2353 824 2400 consortem
854 2339 937 2400 Petri
970 2338 1139 2416 sellatoris,
1164 2351 1198 2397 ut
1222 2336 1382 2414 actricem,
1408 2349 1440 2396 et

173 2447 376 2508 Anthonium
395 2445 584 2528 Oprasnych
602 2447 730 2507 racione
747 2445 924 2506 ablationis
942 2445 1107 2506 cuiusdam
1125 2442 1190 2504 fimi
1210 2457 1295 2504 extra
1314 2443 1439 2502 Novam

172 2567 296 2634 portam
323 2573 424 2635 prope
449 2553 635 2635 Perowych,
661 2553 728 2634 ipsa
761 2553 862 2630 jurare
888 2552 1049 2613 tenebitur
1082 2549 1158 2611 feria
1184 2564 1269 2610 sexta
1295 2548 1438 2629 proxime
1489 2559 1491 2564 ·

173 2673 306 2721 ventura
332 2661 363 2720 in
389 2680 442 2721 ara
467 2675 573 2721 sancte
600 2659 724 2737 Crucis,
756 2659 844 2740 quod
878 2658 931 2719 iiie
956 2657 1050 2718 fimus
1075 2656 1135 2718 fuit
1167 2656 1267 2738 ipsius
1291 2654 1439 2736 proprius

174 2779 203 2827 et
225 2786 282 2848 per
306 2765 459 2827 animalia
486 2766 584 2847 ipsius
608 2763 720 2843 iactus,
745 2779 775 2826 et
800 2765 876 2826 dum
910 2765 1038 2844 jurabit,
1064 2777 1138 2824 tunc
1164 2762 1230 2843 ipse
1255 2760 1439 2822 Anthonius

173 2871 304 2934 debebit
329 2873 454 2934 solvere
479 2873 585 2934 eidem
610 2873 721 2933 decem
754 2891 886 2951 marcas,
919 2871 1012 2932 cuius
1037 2871 1099 2931 due
1133 2881 1236 2952 partes
1261 2869 1319 2950 ipsi
1345 2867 1437 2928 uxori

173 2991 202 3038 et
223 2981 321 3040 tercia
345 2999 418 3060 pars
442 2979 676 3040 communitati.

227 3199 326 3274 Feria
356 3210 453 3271 sexta
482 3203 635 3289 proxima
673 3209 751 3290 post
787 3201 907 3271 festum
937 3208 1053 3271 sancte
1082 3197 1207 3282 Crucis,
1237 3207 1386 3286 quatuor

704 3332 899 3413 temporum.

663 3477 727 3556 (19.
752 3475 944 3555 septembris).

281 3619 359 3680 item
384 3617 517 3700 provida
551 3618 683 3679 domina
709 3617 884 3679 Katherina
917 3629 1039 3694 vocata,
1072 3635 1203 3676 consors
1228 3615 1311 3674 Petri
1344 3615 1435 3674 sella-

177 3727 264 3804 toris,
290 3725 433 3787 concivis
457 3739 575 3802 nostra,
601 3723 677 3785 feria
703 3739 788 3784 sexta
807 3723 952 3804 proxima
970 3736 1041 3783 ante
1068 3720 1182 3782 festum
1201 3733 1308 3782 sancte
1327 3719 1439 3781 Crucis

178 3832 390 3911 juramentum
417 3831 476 3891 sibi
502 3851 559 3913 pro
586 3831 726 3911 quodam
754 3829 830 3892 fimo
863 3849 918 3910 per
943 3829 1144 3890 Anthonium
1170 3826 1358 3909 Oprasnych
1384 3825 1437 3885 ad·

177 3937 364 4018 judicatum,
389 3937 524 4018 prestitit
549 3950 583 3998 ut
608 3937 729 3998 debuit.

281 4043 359 4104 item
374 4042 522 4105 Vrbanus
533 4043 676 4122 claudus,
690 4044 771 4104 circa
786 4055 930 4103 sanctum
949 4041 1133 4117 Martinam,
1149 4057 1205 4099 nec
1223 4059 1287 4098 non
1306 4056 1436 4098 consors

176 4148 233 4210 filii
250 4149 406 4228 eiusdem,
432 4150 645 4231 juramentum
665 4149 725 4210 sibi
751 4161 780 4209 et
797 4149 901 4208 eidem
917 4147 1055 4208 consorti
1074 4145 1220 4206 similiter
1237 4165 1291 4204 sue
1310 4143 1434 4224 adjudi-

177 4271 282 4319 catum
301 4256 429 4318 racione
446 4256 637 4338 suspicionis
649 4253 803 4318 furticinii
822 4254 987 4316 cuiusdam
1003 4253 1096 4330 milii,
1113 4251 1247 4332 prestitit
1266 4263 1299 4314 ut
1316 4250 1441 4310 debuit:

282 4363 359 4424 item
383 4362 480 4424 tercia
506 4362 574 4423 vice
599 4361 831 4444 proclamatum
865 4371 920 4438 est,
953 4373 987 4420 ut
1013 4357 1148 4419 Mathias
1173 4356 1360 4438 Spylusych
1384 4369 1439 4416 aut

176 4468 451 4554 Thomastgener
475 4469 610 4553 ,Kozten
637 4482 667 4530 et
699 4467 782 4530 filius
814 4467 934 4529 Vrbani
967 4465 1072 4528 claudi
1106 4479 1259 4526 vocantur
1284 4463 1323 4524 ad
1356 4462 1436 4542 judi-

176 4573 272 4652 cium,
298 4575 348 4635 vel
372 4575 397 4635 si
422 4575 477 4656 qui
502 4589 606 4635 essent
630 4593 688 4656 pro
713 4574 758 4636 eis
783 4587 1016 4655 procuratores,
1044 4572 1190 4632 venirent
1215 4584 1245 4632 et
1269 4591 1300 4630 se
1325 4588 1437 4650 expur-

175 4693 288 4760 garent
309 4699 367 4762 pro
392 4681 449 4741 illo
474 4679 637 4742 furticinio
660 4678 825 4740 cuiusdam
859 4679 938 4739 milii
966 4677 1071 4738 relicte
1097 4676 1232 4738 Cbehko
1264 4672 1357 4751 iacto,
1383 4675 1436 4754 qui

175 4807 236 4848 nec
260 4801 416 4849 venerunt
439 4807 545 4868 neque
571 4807 627 4868 pro
652 4807 684 4847 se
710 4787 834 4846 mittere
854 4805 1004 4846 curarunt
1033 4803 1090 4865 pro
1117 4784 1192 4865 ipsis
1210 4782 1438 4864 responsalem.

282 4893 359 4955 item
384 4913 512 4955 causam
538 4893 619 4953 inter
644 4894 774 4954 Rawsar
806 4912 840 4952 ac
873 4891 1072 4952 Anthonium
1100 4890 1184 4950 Roth
1217 4903 1247 4948 et
1272 4887 1436 4947 dominam

176 5014 357 5062 consortem
390 4999 534 5062 eiusdem
567 4999 694 5060 racione
731 4997 946 5080 quorumdam
990 4997 1171 5056 debitorum
1205 5015 1260 5076 per
1300 4993 1435 5055 condam
