3738 5786
400 535 440 598 7²
804 515 1004 591 Ann01454.
1032 526 1145 574 --1o.
1169 513 1249 574 maii.

398 727 558 790 territorio
592 729 708 811 expelli
741 727 872 789 debebit
902 725 989 806 juxta
1021 737 1171 786 contenta
1202 724 1360 807 privilegii
1394 724 1575 786 communis
1607 744 1664 804 pu·

399 834 537 896 niendus
561 848 591 895 et
614 833 871 916 proscribendus.

504 957 582 1021 ltem
595 960 671 1041 quia
685 957 860 1020 Katherina
872 955 937 1018 filia
955 955 1093 1017 condam
1111 954 1245 1037 Georgii
1259 955 1388 1017 samoris
1399 955 1510 1036 generi
1523 955 1661 1016 condam

399 1063 552 1147 Stephani
576 1066 727 1148 pincerne
752 1065 783 1126 in
802 1061 971 1125 manifesto
988 1062 1122 1124 crimine
1146 1061 1295 1144 vituperii
1313 1075 1344 1124 et
1360 1062 1473 1125 ceteris
1496 1059 1661 1124 maleficiis

397 1186 521 1254 reperta
553 1185 609 1251 est,
641 1171 715 1233 ideo
745 1169 837 1252 iurati
869 1169 1093 1252 adjudicarunt
1117 1169 1217 1251 ipsam
1252 1187 1380 1230 causam
1404 1169 1459 1231 tali
1484 1168 1594 1246 modo,
1626 1181 1662 1230 ut

397 1277 423 1340 si
448 1277 515 1361 ipsa
540 1276 715 1339 Karberina
744 1275 785 1337 de
818 1289 924 1338 cetero
957 1275 989 1337 in
1022 1275 1184 1338 similibus
1215 1275 1308 1336 malie
1332 1273 1423 1338 factis
1455 1275 1662 1357 repperietur,

398 1397 513 1444 extunc
537 1401 613 1444 mox
637 1382 677 1444 de
701 1381 828 1444 civitate
853 1393 884 1442 et
907 1381 976 1443 eius
999 1381 1160 1443 territorio
1185 1381 1301 1464 expelli
1326 1381 1465 1444 debebit.

504 1505 581 1568 ltem
615 1505 690 1586 quia
722 1503 923 1585 Margaretha
956 1505 1136 1566 concubina
1167 1505 1306 1567 condam
1338 1503 1471 1586 Georgii
1503 1505 1665 1567 servitoris

398 1611 536 1674 condam
562 1611 717 1673 Johannis
742 1611 901 1694 Kostybol
925 1612 1005 1674 alias
1036 1612 1202 1675 castellani
1226 1611 1347 1674 castelli
1372 1613 1522 1696 Ztopnylt
1546 1612 1664 1691 vocati,

397 1719 517 1802 pluries
542 1716 684 1780 infacto
717 1718 948 1780 conduccionis
980 1733 1138 1781 certarum
1170 1719 1331 1801 virginum
1357 1735 1388 1781 et
1411 1719 1591 1802 puellarum
1623 1718 1664 1780 ad

397 1824 613 1887 meretricium
639 1825 720 1886 circa
745 1823 853 1906 plures
877 1825 1102 1888 concubitores
1124 1845 1181 1908 per
1206 1826 1305 1908 ipsam
1332 1825 1568 1907 Margaretham
1593 1825 1664 1908 plu·

372 1932 461 2002 ‚ries
485 1929 567 1993 lacte
602 1945 748 2013 repperta
773 1945 829 2009 est,
858 1931 933 1992 ideo
964 1931 1058 2012 jurati
1085 1932 1221 1994 eandem
1254 1931 1491 2014 Margaretham
1515 1929 1664 1993 malefac-

397 2037 508 2101 tricem
533 2035 735 2110 manifestam
758 2037 798 2099 de
823 2037 949 2100 civitate
974 2051 1006 2101 et
1029 2038 1097 2100 eius
1121 2039 1282 2101 territorio
1307 2039 1393 2101 exire
1417 2037 1553 2101 lecimus
1576 2057 1663 2100 com-

399 2145 548 2208 mitentes
571 2145 688 2224 eidem,
713 2157 748 2207 ut
772 2143 812 2206 de
836 2158 941 2206 cetero
966 2145 1006 2206 ad
1030 2145 1192 2208 civitatem
1217 2160 1248 2207 et
1272 2145 1340 2207 eius
1363 2145 1558 2208 territorium
1583 2163 1664 2206 nun·

398 2270 494 2333 quarn
519 2251 636 2312 intrare
660 2251 785 2330 debeat,
810 2270 873 2332 que
890 2251 915 2312 si
937 2251 1136 2334 repperietur
1164 2251 1298 2314 ulterius
1321 2251 1408 2335 juxta
1425 2271 1482 2314 sua
1506 2251 1662 2314 demerita

397 2377 515 2440 penam
539 2377 635 2439 quam
662 2357 856 2420 demeruerit
880 2371 1103 2442 consequetur.

398 2594 496 2670 Feria
525 2603 623 2670 sexta
651 2599 807 2686 proxima
835 2607 911 2686 post
937 2595 1061 2668 festum
1088 2549 1323 2686 Apparicionis
1361 2597 1451 2669 beati
1490 2596 1662 2670 llichaelis

926 2719 1132 2809 archangeli.

940 2892 1006 2969 (10.
1030 2887 1127 2974 maie).
1162 2864 1168 2874 ⁵

505 3047 583 3110 Item
609 3048 685 3129 quia
709 3047 851 3130 predicta
869 3047 1070 3129 Margaretha
1088 3048 1204 3110 mulier
1228 3049 1418 3112 secundario
1443 3051 1475 3112 in
1494 3048 1661 3114 manifesta

398 3154 620 3217 conduccione
645 3154 826 3235 puellarum
852 3168 883 3216 et
915 3154 1051 3216 aliarum
1085 3155 1270 3233 mulierum,
1294 3175 1374 3237 quas
1405 3157 1472 3240 ipsa
1496 3157 1537 3219 ad
1561 3171 1663 3220 certos

399 3260 579 3324 sacerdotes
603 3273 634 3322 et
657 3260 739 3322 alios
771 3259 918 3322 homines
950 3259 1108 3323 seculares
1132 3260 1172 3322 ad
1204 3263 1421 3326 meretricium
1446 3278 1477 3326 et
1500 3264 1541 3326 ad
1564 3263 1661 3327 iorni·

400 3368 565 3430 cacionem
591 3366 755 3445 conduxit,
782 3379 829 3428 est
853 3387 869 3427 a
895 3379 980 3429 certo
1002 3381 1148 3450 repperta
1172 3383 1245 3450 post
1275 3369 1451 3452 predictam
1475 3391 1566 3434 suam
1589 3392 1661 3456 pro·

400 3474 623 3556 scriptionem,
648 3473 722 3535 ideo
746 3473 839 3555 jurati
872 3473 1008 3536 eandem
1044 3475 1279 3554 Margaretham
1311 3489 1476 3559 tamquam
1501 3479 1662 3561 publicam

401 3579 649 3643 malefactricem
685 3579 748 3660 jam
780 3579 970 3642 secundario
1003 3581 1043 3643 de
1077 3582 1204 3643 civitate
1236 3597 1267 3644 et
1298 3583 1366 3644 eius
1396 3584 1559 3647 territorio
1589 3604 1661 3648 cum

399 3687 551 3750 omnibus
575 3688 670 3748 rebus
694 3686 763 3748 eius
788 3707 843 3769 per
867 3688 1038 3750 instantem
1072 3688 1266 3770 peticionem
1291 3689 1505 3770 plurimorum
1529 3689 1661 3774 fidedig·

399 3812 515 3856 norum
540 3807 571 3854 et
603 3793 763 3854 bonorum
796 3793 966 3854 hominum
999 3791 1133 3856 fecimus
1165 3794 1252 3856 exire
1286 3797 1522 3859 committentes
1546 3798 1662 3878 eidem,

399 3913 435 3962 ut
457 3900 497 3962 de
522 3913 627 3961 cetero
652 3912 683 3961 et
706 3919 762 3982 per
786 3899 925 3982 amplius
950 3919 1117 3982 nunquam
1146 3900 1187 3962 ad
1212 3901 1330 3964 dictam
1355 3902 1516 3966 civitatem
1541 3904 1663 3967 eteius

398 4005 593 4068 territorium
619 4005 735 4067 debeat
758 4005 887 4084 intrare,
912 4020 943 4067 et
966 4007 992 4067 si
1021 4006 1155 4068 ulterius
1178 4007 1211 4068 in
1236 4006 1355 4070 dictam
1380 4008 1541 4071 civitatem
1566 4010 1663 4072 intra·

398 4112 479 4174 verit
503 4125 534 4173 et
556 4125 702 4194 repperta
728 4108 833 4190 luerit,
866 4131 941 4174 mox
965 4132 1083 4194 penam
1108 4132 1205 4194 quam
1230 4113 1426 4176 demeruerit
1449 4130 1663 4199 consequetur

398 4217 484 4300 juxta
508 4231 658 4280 contenta
681 4217 840 4299 privilegii
866 4219 965 4280 nostri
991 4219 1183 4281 communia.

506 4323 583 4386 ltem
616 4323 778 4385 lohannes
817 4323 913 4404 judex
945 4324 1119 4408 Perowych
1159 4338 1269 4387 contra
1302 4326 1477 4389 Martinum
1509 4342 1663 4392 sartorem

398 4449 553 4511 generum
578 4429 803 4513 Zydowchycb
827 4430 932 4513 primo
956 4431 1071 4493 citatus
1095 4451 1159 4493 non
1185 4432 1374 4514 comparuit.

507 4555 585 4616 Item
607 4555 681 4636 quia
706 4555 868 4617 Barnabas
891 4555 975 4618 filius
1004 4557 1141 4619 condam
1167 4556 1296 4619 Thome
1321 4556 1506 4642 Grabarych
1533 4559 1565 4622 id
1590 4579 1663 4624 cum

402 4659 572 4723 sufficienti
608 4675 639 4723 et
680 4660 844 4743 fidedigno
888 4664 1070 4725 concivium
1116 4677 1298 4726 nostrorum
1341 4666 1527 4729 testimonio
1565 4665 1663 4730 hodie

400 4785 509 4828 coram
533 4766 627 4828 nobis
651 4767 684 4828 in
708 4767 828 4848 judicio
852 4769 935 4830 clare
965 4771 1188 4852 comprobavit
1220 4791 1328 4833 coram
1353 4773 1456 4853 nobis,
1482 4788 1517 4836 ut
1540 4775 1608 4857 ipse
1633 4788 1664 4838 et

401 4885 502 4934 mater
533 4892 589 4934 sua
613 4873 705 4934 illum
731 4873 889 4936 florenum
914 4895 1010 4957 quern
1042 4876 1223 4958 Stephanus
1247 4893 1335 4940 sutor
1359 4899 1494 4961 magnus
1520 4875 1575 4962 per
1599 4881 1661 4944 liti·

399 4979 581 5061 gionarium
606 4999 789 5062 processum
814 5001 909 5064 super
933 4982 1063 5045 eosdem
1093 4983 1242 5048 videlicet
1267 4986 1448 5048 Barnabam
1474 5001 1504 5049 et
1529 5001 1663 5051 matrem
