<?xml version="1.0" encoding="UTF-8"?>
<!DOCTYPE html PUBLIC "-//W3C//DTD XHTML 1.0 Transitional//EN"
    "http://www.w3.org/TR/xhtml1/DTD/xhtml1-transitional.dtd">
<html xmlns="http://www.w3.org/1999/xhtml" xml:lang="en" lang="en">
 <head>
  <title>
</title>
<meta http-equiv="Content-Type" content="text/html;charset=utf-8" />
  <meta name='ocr-system' content='tesseract 3.04.00' />
  <meta name='ocr-capabilities' content='ocr_page ocr_carea ocr_par ocr_line ocrx_word'/>
</head>
<body>
  <div class='ocr_page' id='page_1' title='image "./monumentahistor13laszgoog_0341.png"; bbox 0 0 3694 5782; ppageno 0'>
   <div class='ocr_carea' id='block_1_1' title="bbox 630 580 1149 662">
    <p class='ocr_par' dir='ltr' id='par_1_1' title="bbox 630 580 1149 662">
     <span class='ocr_line' id='line_1_1' title="bbox 630 580 1149 662; baseline 0.002 -19"><span class='ocrx_word' id='word_1_1' title='bbox 630 585 717 643; x_wconf 79' lang='lat' dir='ltr'>Anno</span> <span class='ocrx_word' id='word_1_2' title='bbox 738 581 831 662; x_wconf 83' lang='lat'><em>1465.</em></span> <span class='ocrx_word' id='word_1_3' title='bbox 857 619 898 627; x_wconf 98' lang='lat'><em>-</em></span> <span class='ocrx_word' id='word_1_4' title='bbox 922 580 953 645; x_wconf 84' lang='lat'>8.</span> <span class='ocrx_word' id='word_1_5' title='bbox 978 584 1149 645; x_wconf 84' lang='lat' dir='ltr'><em>novembris.</em></span> 
     </span>
    </p>
   </div>
   <div class='ocr_carea' id='block_1_2' title="bbox 255 798 1525 4498">
    <p class='ocr_par' dir='ltr' id='par_1_2' title="bbox 257 798 1525 1094">
     <span class='ocr_line' id='line_1_2' title="bbox 366 798 1525 880; baseline 0.003 -22"><span class='ocrx_word' id='word_1_6' title='bbox 366 798 444 859; x_wconf 89' lang='lat' dir='ltr'>ltem</span> <span class='ocrx_word' id='word_1_7' title='bbox 470 799 653 860; x_wconf 86' lang='lat' dir='ltr'>Demetrius</span> <span class='ocrx_word' id='word_1_8' title='bbox 686 817 775 859; x_wconf 90' lang='lat' dir='ltr'>rasor</span> <span class='ocrx_word' id='word_1_9' title='bbox 807 817 1000 880; x_wconf 84' lang='lat' dir='ltr'>pannorum,</span> <span class='ocrx_word' id='word_1_10' title='bbox 1031 799 1138 860; x_wconf 88' lang='lat' dir='ltr'>senior</span> <span class='ocrx_word' id='word_1_11' title='bbox 1162 798 1293 879; x_wconf 87' lang='lat' dir='ltr'>juratus,</span> <span class='ocrx_word' id='word_1_12' title='bbox 1326 815 1434 862; x_wconf 84' lang='lat' dir='ltr'>contre</span> <span class='ocrx_word' id='word_1_13' title='bbox 1467 801 1525 862; x_wconf 93' lang='lat' dir='ltr'>do·</span> 
     </span>
     <span class='ocr_line' id='line_1_3' title="bbox 257 904 1525 988; baseline 0.002 -22"><span class='ocrx_word' id='word_1_14' title='bbox 257 905 383 966; x_wconf 90' lang='lat' dir='ltr'>minam</span> <span class='ocrx_word' id='word_1_15' title='bbox 410 905 695 988; x_wconf 75' lang='lat' dir='ltr'>Soldynmymnm,</span> <span class='ocrx_word' id='word_1_16' title='bbox 720 923 846 967; x_wconf 87' lang='lat' dir='ltr'>socrum</span> <span class='ocrx_word' id='word_1_17' title='bbox 880 904 1037 984; x_wconf 88' lang='lat' dir='ltr'>eiusdem,</span> <span class='ocrx_word' id='word_1_18' title='bbox 1062 905 1166 988; x_wconf 91' lang='lat' dir='ltr'>primo</span> <span class='ocrx_word' id='word_1_19' title='bbox 1198 906 1313 968; x_wconf 86' lang='lat' dir='ltr'>citatus</span> <span class='ocrx_word' id='word_1_20' title='bbox 1339 907 1370 968; x_wconf 90' lang='lat' dir='ltr'>in</span> <span class='ocrx_word' id='word_1_21' title='bbox 1404 907 1525 985; x_wconf 86' lang='lat' dir='ltr'>judicio</span> 
     </span>
     <span class='ocr_line' id='line_1_4' title="bbox 257 1011 1365 1094; baseline 0.005 -23"><span class='ocrx_word' id='word_1_22' title='bbox 257 1031 366 1072; x_wconf 90' lang='lat' dir='ltr'>coram</span> <span class='ocrx_word' id='word_1_23' title='bbox 394 1012 487 1073; x_wconf 89' lang='lat' dir='ltr'>nobis</span> <span class='ocrx_word' id='word_1_24' title='bbox 511 1032 576 1074; x_wconf 92' lang='lat' dir='ltr'>non</span> <span class='ocrx_word' id='word_1_25' title='bbox 601 1012 793 1094; x_wconf 81' lang='lat' dir='ltr'>comparuit,</span> <span class='ocrx_word' id='word_1_26' title='bbox 817 1011 945 1074; x_wconf 81' lang='lat' dir='ltr'>racione</span> <span class='ocrx_word' id='word_1_27' title='bbox 969 1012 1041 1074; x_wconf 83' lang='lat' dir='ltr'>xvl</span> <span class='ocrx_word' id='word_1_28' title='bbox 1067 1011 1136 1076; x_wconf 77' lang='lat' dir='ltr'>flor,</span> <span class='ocrx_word' id='word_1_29' title='bbox 1162 1013 1230 1074; x_wconf 89' lang='lat' dir='ltr'>auri</span> <span class='ocrx_word' id='word_1_30' title='bbox 1255 1013 1365 1077; x_wconf 90' lang='lat' dir='ltr'>debiti.</span> 
     </span>
    </p>

    <p class='ocr_par' dir='ltr' id='par_1_3' title="bbox 257 1117 1525 1520">
     <span class='ocr_line' id='line_1_5' title="bbox 365 1117 1525 1201; baseline 0.003 -23"><span class='ocrx_word' id='word_1_31' title='bbox 365 1117 443 1180; x_wconf 88' lang='lat' dir='ltr'>ltem</span> <span class='ocrx_word' id='word_1_32' title='bbox 469 1132 542 1180; x_wconf 92' lang='lat' dir='ltr'>sunt</span> <span class='ocrx_word' id='word_1_33' title='bbox 567 1117 770 1180; x_wconf 87' lang='lat' dir='ltr'>fideiussores</span> <span class='ocrx_word' id='word_1_34' title='bbox 803 1118 939 1201; x_wconf 90' lang='lat' dir='ltr'>Symoni</span> <span class='ocrx_word' id='word_1_35' title='bbox 972 1119 1072 1180; x_wconf 90' lang='lat' dir='ltr'>sutori</span> <span class='ocrx_word' id='word_1_36' title='bbox 1097 1119 1158 1180; x_wconf 92' lang='lat' dir='ltr'>civi</span> <span class='ocrx_word' id='word_1_37' title='bbox 1192 1118 1275 1180; x_wconf 90' lang='lat' dir='ltr'>dicte</span> <span class='ocrx_word' id='word_1_38' title='bbox 1300 1119 1436 1181; x_wconf 85' lang='lat' dir='ltr'>civitatis</span> <span class='ocrx_word' id='word_1_39' title='bbox 1467 1139 1525 1201; x_wconf 92' lang='lat' dir='ltr'>pro</span> 
     </span>
     <span class='ocr_line' id='line_1_6' title="bbox 257 1224 1525 1309; baseline 0.001 -23"><span class='ocrx_word' id='word_1_40' title='bbox 257 1225 419 1307; x_wconf 85' lang='lat' dir='ltr'>Dyonisio</span> <span class='ocrx_word' id='word_1_41' title='bbox 445 1225 631 1308; x_wconf 85' lang='lat' dir='ltr'>Wodopya,</span> <span class='ocrx_word' id='word_1_42' title='bbox 656 1224 823 1287; x_wconf 83' lang='lat' dir='ltr'>videlicet:</span> <span class='ocrx_word' id='word_1_43' title='bbox 850 1225 974 1286; x_wconf 89' lang='lat' dir='ltr'>Blasius</span> <span class='ocrx_word' id='word_1_44' title='bbox 992 1225 1085 1304; x_wconf 81' lang='lat' dir='ltr'>judex</span> <span class='ocrx_word' id='word_1_45' title='bbox 1109 1226 1322 1309; x_wconf 83' lang='lat' dir='ltr'>Ztoymylych</span> <span class='ocrx_word' id='word_1_46' title='bbox 1340 1239 1370 1287; x_wconf 92' lang='lat' dir='ltr'>et</span> <span class='ocrx_word' id='word_1_47' title='bbox 1388 1225 1525 1288; x_wconf 89' lang='lat' dir='ltr'>Michsel</span> 
     </span>
     <span class='ocr_line' id='line_1_7' title="bbox 258 1330 1525 1415; baseline 0.002 -23"><span class='ocrx_word' id='word_1_48' title='bbox 258 1331 466 1410; x_wconf 72' lang='lat' dir='ltr'>beccelenus,</span> <span class='ocrx_word' id='word_1_49' title='bbox 492 1351 587 1412; x_wconf 89' lang='lat' dir='ltr'>quem</span> <span class='ocrx_word' id='word_1_50' title='bbox 614 1331 828 1413; x_wconf 81' lang='lat' dir='ltr'>promiserant</span> <span class='ocrx_word' id='word_1_51' title='bbox 859 1330 1036 1413; x_wconf 90' lang='lat' dir='ltr'>producere</span> <span class='ocrx_word' id='word_1_52' title='bbox 1065 1345 1096 1394; x_wconf 89' lang='lat' dir='ltr'>et</span> <span class='ocrx_word' id='word_1_53' title='bbox 1128 1345 1265 1394; x_wconf 83' lang='lat' dir='ltr'>statuere</span> <span class='ocrx_word' id='word_1_54' title='bbox 1291 1333 1322 1394; x_wconf 92' lang='lat' dir='ltr'>in</span> <span class='ocrx_word' id='word_1_55' title='bbox 1347 1333 1452 1415; x_wconf 93' lang='lat' dir='ltr'>primo</span> <span class='ocrx_word' id='word_1_56' title='bbox 1477 1333 1525 1415; x_wconf 84' lang='lat' dir='ltr'>ju-</span> 
     </span>
     <span class='ocr_line' id='line_1_8' title="bbox 258 1438 1141 1520; baseline 0.005 -22"><span class='ocrx_word' id='word_1_57' title='bbox 258 1438 345 1500; x_wconf 91' lang='lat' dir='ltr'>dicio</span> <span class='ocrx_word' id='word_1_58' title='bbox 370 1458 478 1500; x_wconf 89' lang='lat' dir='ltr'>coram</span> <span class='ocrx_word' id='word_1_59' title='bbox 503 1439 607 1517; x_wconf 89' lang='lat' dir='ltr'>nobis,</span> <span class='ocrx_word' id='word_1_60' title='bbox 632 1457 729 1520; x_wconf 91' lang='lat' dir='ltr'>quem</span> <span class='ocrx_word' id='word_1_61' title='bbox 755 1439 813 1520; x_wconf 91' lang='lat' dir='ltr'>ipsi</span> <span class='ocrx_word' id='word_1_62' title='bbox 840 1459 905 1500; x_wconf 90' lang='lat' dir='ltr'>non</span> <span class='ocrx_word' id='word_1_63' title='bbox 930 1439 1141 1520; x_wconf 82' lang='lat' dir='ltr'>assignarunt.</span> 
     </span>
    </p>

    <p class='ocr_par' dir='ltr' id='par_1_4' title="bbox 256 1545 1524 2162">
     <span class='ocr_line' id='line_1_9' title="bbox 367 1545 1520 1608; baseline 0.003 -3"><span class='ocrx_word' id='word_1_64' title='bbox 367 1545 445 1606; x_wconf 88' lang='lat' dir='ltr'>Item</span> <span class='ocrx_word' id='word_1_65' title='bbox 473 1564 601 1607; x_wconf 85' lang='lat' dir='ltr'>causam</span> <span class='ocrx_word' id='word_1_66' title='bbox 635 1546 717 1606; x_wconf 91' lang='lat' dir='ltr'>inter</span> <span class='ocrx_word' id='word_1_67' title='bbox 748 1545 918 1607; x_wconf 91' lang='lat' dir='ltr'>dominum</span> <span class='ocrx_word' id='word_1_68' title='bbox 951 1545 1130 1608; x_wconf 86' lang='lat' dir='ltr'>lohannem</span> <span class='ocrx_word' id='word_1_69' title='bbox 1164 1547 1355 1608; x_wconf 87' lang='lat' dir='ltr'>canonicum</span> <span class='ocrx_word' id='word_1_70' title='bbox 1388 1561 1417 1608; x_wconf 88' lang='lat' dir='ltr'>et</span> <span class='ocrx_word' id='word_1_71' title='bbox 1443 1549 1520 1608; x_wconf 85' lang='lat' dir='ltr'>ltou·</span> 
     </span>
     <span class='ocr_line' id='line_1_10' title="bbox 257 1650 1522 1734; baseline 0.002 -22"><span class='ocrx_word' id='word_1_72' title='bbox 257 1652 404 1712; x_wconf 90' lang='lat' dir='ltr'>charium</span> <span class='ocrx_word' id='word_1_73' title='bbox 430 1665 514 1712; x_wconf 86' lang='lat' dir='ltr'>extre</span> <span class='ocrx_word' id='word_1_74' title='bbox 541 1665 665 1734; x_wconf 91' lang='lat' dir='ltr'>portam</span> <span class='ocrx_word' id='word_1_75' title='bbox 690 1650 875 1714; x_wconf 90' lang='lat' dir='ltr'>carnificum</span> <span class='ocrx_word' id='word_1_76' title='bbox 901 1667 934 1712; x_wconf 93' lang='lat' dir='ltr'>ut</span> <span class='ocrx_word' id='word_1_77' title='bbox 955 1665 1095 1713; x_wconf 91' lang='lat' dir='ltr'>actorem</span> <span class='ocrx_word' id='word_1_78' title='bbox 1120 1665 1150 1713; x_wconf 90' lang='lat' dir='ltr'>et</span> <span class='ocrx_word' id='word_1_79' title='bbox 1167 1653 1248 1714; x_wconf 91' lang='lat' dir='ltr'>inter</span> <span class='ocrx_word' id='word_1_80' title='bbox 1275 1653 1415 1714; x_wconf 86' lang='lat' dir='ltr'>Blasium</span> <span class='ocrx_word' id='word_1_81' title='bbox 1435 1652 1522 1714; x_wconf 86' lang='lat' dir='ltr'>insti·</span> 
     </span>
     <span class='ocr_line' id='line_1_11' title="bbox 256 1757 1523 1840; baseline 0 -20"><span class='ocrx_word' id='word_1_82' title='bbox 256 1773 362 1821; x_wconf 91' lang='lat' dir='ltr'>torem</span> <span class='ocrx_word' id='word_1_83' title='bbox 389 1771 423 1818; x_wconf 92' lang='lat' dir='ltr'>ut</span> <span class='ocrx_word' id='word_1_84' title='bbox 455 1758 486 1818; x_wconf 91' lang='lat' dir='ltr'>in</span> <span class='ocrx_word' id='word_1_85' title='bbox 520 1777 646 1819; x_wconf 89' lang='lat' dir='ltr'>causam</span> <span class='ocrx_word' id='word_1_86' title='bbox 681 1771 860 1836; x_wconf 88' lang='lat' dir='ltr'>attractum,</span> <span class='ocrx_word' id='word_1_87' title='bbox 893 1757 985 1839; x_wconf 88' lang='lat' dir='ltr'>jurati</span> <span class='ocrx_word' id='word_1_88' title='bbox 1018 1758 1292 1838; x_wconf 86' lang='lat' dir='ltr'>adjudicaverunt,</span> <span class='ocrx_word' id='word_1_89' title='bbox 1327 1759 1413 1840; x_wconf 91' lang='lat' dir='ltr'>quod</span> <span class='ocrx_word' id='word_1_90' title='bbox 1448 1760 1523 1840; x_wconf 85' lang='lat' dir='ltr'>quia</span> 
     </span>
     <span class='ocr_line' id='line_1_12' title="bbox 259 1864 1522 1946; baseline 0.001 -21"><span class='ocrx_word' id='word_1_91' title='bbox 259 1866 329 1946; x_wconf 86' lang='lat' dir='ltr'>ipse</span> <span class='ocrx_word' id='word_1_92' title='bbox 355 1865 479 1926; x_wconf 87' lang='lat' dir='ltr'>Blasius</span> <span class='ocrx_word' id='word_1_93' title='bbox 503 1865 629 1925; x_wconf 89' lang='lat' dir='ltr'>institor</span> <span class='ocrx_word' id='word_1_94' title='bbox 661 1865 765 1946; x_wconf 91' lang='lat' dir='ltr'>ipsum</span> <span class='ocrx_word' id='word_1_95' title='bbox 797 1864 967 1926; x_wconf 89' lang='lat' dir='ltr'>dominum</span> <span class='ocrx_word' id='word_1_96' title='bbox 1000 1865 1178 1927; x_wconf 87' lang='lat' dir='ltr'>lohanncm</span> <span class='ocrx_word' id='word_1_97' title='bbox 1212 1885 1285 1926; x_wconf 91' lang='lat' dir='ltr'>cum</span> <span class='ocrx_word' id='word_1_98' title='bbox 1319 1866 1416 1926; x_wconf 92' lang='lat' dir='ltr'>nullis</span> <span class='ocrx_word' id='word_1_99' title='bbox 1441 1866 1522 1926; x_wconf 90' lang='lat' dir='ltr'>vitu-</span> 
     </span>
     <span class='ocr_line' id='line_1_13' title="bbox 259 1970 1524 2054; baseline 0.002 -22"><span class='ocrx_word' id='word_1_100' title='bbox 259 1971 359 2052; x_wconf 87' lang='lat' dir='ltr'>petiis</span> <span class='ocrx_word' id='word_1_101' title='bbox 376 1970 541 2050; x_wconf 86' lang='lat' dir='ltr'>affecisset,</span> <span class='ocrx_word' id='word_1_102' title='bbox 557 1970 612 2032; x_wconf 90' lang='lat' dir='ltr'>sed</span> <span class='ocrx_word' id='word_1_103' title='bbox 630 1971 720 2050; x_wconf 88' lang='lat' dir='ltr'>alios,</span> <span class='ocrx_word' id='word_1_104' title='bbox 746 1985 776 2032; x_wconf 92' lang='lat' dir='ltr'>ct</span> <span class='ocrx_word' id='word_1_105' title='bbox 799 1971 887 2051; x_wconf 90' lang='lat' dir='ltr'>quod</span> <span class='ocrx_word' id='word_1_106' title='bbox 913 1991 995 2032; x_wconf 91' lang='lat' dir='ltr'>unus</span> <span class='ocrx_word' id='word_1_107' title='bbox 1012 1971 1112 2033; x_wconf 90' lang='lat' dir='ltr'>alium</span> <span class='ocrx_word' id='word_1_108' title='bbox 1132 1972 1374 2053; x_wconf 86' lang='lat' dir='ltr'>vituperassent,</span> <span class='ocrx_word' id='word_1_109' title='bbox 1399 1986 1429 2034; x_wconf 88' lang='lat' dir='ltr'>et</span> <span class='ocrx_word' id='word_1_110' title='bbox 1447 1993 1524 2054; x_wconf 90' lang='lat' dir='ltr'>ergo</span> 
     </span>
     <span class='ocr_line' id='line_1_14' title="bbox 259 2077 1524 2162; baseline 0.002 -24"><span class='ocrx_word' id='word_1_111' title='bbox 259 2077 366 2159; x_wconf 86' lang='lat' dir='ltr'>ipsum</span> <span class='ocrx_word' id='word_1_112' title='bbox 392 2077 534 2138; x_wconf 90' lang='lat' dir='ltr'>Blasium</span> <span class='ocrx_word' id='word_1_113' title='bbox 561 2078 592 2138; x_wconf 90' lang='lat' dir='ltr'>in</span> <span class='ocrx_word' id='word_1_114' title='bbox 618 2077 708 2138; x_wconf 93' lang='lat' dir='ltr'>nullo</span> <span class='ocrx_word' id='word_1_115' title='bbox 726 2078 785 2159; x_wconf 90' lang='lat' dir='ltr'>ipsi</span> <span class='ocrx_word' id='word_1_116' title='bbox 804 2079 937 2140; x_wconf 90' lang='lat' dir='ltr'>domino</span> <span class='ocrx_word' id='word_1_117' title='bbox 956 2078 1093 2140; x_wconf 80' lang='lat' dir='ltr'>iohanni</span> <span class='ocrx_word' id='word_1_118' title='bbox 1112 2079 1305 2160; x_wconf 81' lang='lat' dir='ltr'>culpabilem</span> <span class='ocrx_word' id='word_1_119' title='bbox 1324 2079 1524 2162; x_wconf 88' lang='lat' dir='ltr'>reperissent.</span> 
     </span>
    </p>

    <p class='ocr_par' dir='ltr' id='par_1_5' title="bbox 255 2183 1525 2478">
     <span class='ocr_line' id='line_1_15' title="bbox 367 2183 1525 2266; baseline 0.003 -22"><span class='ocrx_word' id='word_1_120' title='bbox 367 2184 444 2245; x_wconf 86' lang='lat' dir='ltr'>ltem</span> <span class='ocrx_word' id='word_1_121' title='bbox 471 2183 608 2245; x_wconf 88' lang='lat' dir='ltr'>Micheel</span> <span class='ocrx_word' id='word_1_122' title='bbox 642 2184 838 2245; x_wconf 87' lang='lat' dir='ltr'>baccalarius</span> <span class='ocrx_word' id='word_1_123' title='bbox 870 2183 954 2246; x_wconf 89' lang='lat' dir='ltr'>filius</span> <span class='ocrx_word' id='word_1_124' title='bbox 986 2185 1123 2246; x_wconf 87' lang='lat' dir='ltr'>condam</span> <span class='ocrx_word' id='word_1_125' title='bbox 1154 2185 1250 2247; x_wconf 80' lang='lat' dir='ltr'>Blasii</span> <span class='ocrx_word' id='word_1_126' title='bbox 1276 2187 1391 2266; x_wconf 88' lang='lat' dir='ltr'>judicis</span> <span class='ocrx_word' id='word_1_127' title='bbox 1415 2201 1525 2248; x_wconf 86' lang='lat' dir='ltr'>contra</span> 
     </span>
     <span class='ocr_line' id='line_1_16' title="bbox 255 2289 1524 2374; baseline 0.002 -23"><span class='ocrx_word' id='word_1_128' title='bbox 255 2291 430 2351; x_wconf 85' lang='lat' dir='ltr'>Nicolaum</span> <span class='ocrx_word' id='word_1_129' title='bbox 456 2289 558 2350; x_wconf 89' lang='lat' dir='ltr'>filium</span> <span class='ocrx_word' id='word_1_130' title='bbox 577 2290 714 2351; x_wconf 83' lang='lat' dir='ltr'>condem</span> <span class='ocrx_word' id='word_1_131' title='bbox 733 2291 887 2352; x_wconf 81' lang='lat' dir='ltr'>Janlronis</span> <span class='ocrx_word' id='word_1_132' title='bbox 908 2293 1069 2374; x_wconf 89' lang='lat' dir='ltr'>arcuparis</span> <span class='ocrx_word' id='word_1_133' title='bbox 1085 2292 1191 2374; x_wconf 92' lang='lat' dir='ltr'>primo</span> <span class='ocrx_word' id='word_1_134' title='bbox 1215 2293 1330 2354; x_wconf 84' lang='lat' dir='ltr'>citatus</span> <span class='ocrx_word' id='word_1_135' title='bbox 1355 2313 1419 2354; x_wconf 89' lang='lat' dir='ltr'>non</span> <span class='ocrx_word' id='word_1_136' title='bbox 1439 2293 1524 2354; x_wconf 90' lang='lat' dir='ltr'>venit</span> 
     </span>
     <span class='ocr_line' id='line_1_17' title="bbox 257 2395 987 2478; baseline 0.003 -21"><span class='ocrx_word' id='word_1_137' title='bbox 257 2416 318 2458; x_wconf 91' lang='lat' dir='ltr'>nec</span> <span class='ocrx_word' id='word_1_138' title='bbox 344 2397 524 2478; x_wconf 83' lang='lat' dir='ltr'>comparuit</span> <span class='ocrx_word' id='word_1_139' title='bbox 549 2397 579 2457; x_wconf 90' lang='lat' dir='ltr'>in</span> <span class='ocrx_word' id='word_1_140' title='bbox 605 2395 726 2478; x_wconf 82' lang='lat' dir='ltr'>judicio</span> <span class='ocrx_word' id='word_1_141' title='bbox 751 2416 859 2458; x_wconf 86' lang='lat' dir='ltr'>coram</span> <span class='ocrx_word' id='word_1_142' title='bbox 885 2397 987 2460; x_wconf 89' lang='lat' dir='ltr'>nobis.</span> 
     </span>
    </p>

    <p class='ocr_par' dir='ltr' id='par_1_6' title="bbox 256 2502 1524 2801">
     <span class='ocr_line' id='line_1_18' title="bbox 367 2502 1523 2589; baseline 0.002 -25"><span class='ocrx_word' id='word_1_143' title='bbox 367 2503 444 2564; x_wconf 91' lang='lat' dir='ltr'>ltem</span> <span class='ocrx_word' id='word_1_144' title='bbox 460 2502 642 2564; x_wconf 83' lang='lat' dir='ltr'>Anthonius</span> <span class='ocrx_word' id='word_1_145' title='bbox 660 2502 861 2586; x_wconf 88' lang='lat' dir='ltr'>Optasnych,</span> <span class='ocrx_word' id='word_1_146' title='bbox 875 2505 982 2566; x_wconf 87' lang='lat' dir='ltr'>senior</span> <span class='ocrx_word' id='word_1_147' title='bbox 994 2503 1126 2586; x_wconf 86' lang='lat' dir='ltr'>juratus,</span> <span class='ocrx_word' id='word_1_148' title='bbox 1140 2519 1170 2566; x_wconf 88' lang='lat' dir='ltr'>et</span> <span class='ocrx_word' id='word_1_149' title='bbox 1187 2503 1349 2568; x_wconf 90' lang='lat' dir='ltr'>lohannes</span> <span class='ocrx_word' id='word_1_150' title='bbox 1368 2506 1523 2589; x_wconf 88' lang='lat' dir='ltr'>llwalych</span> 
     </span>
     <span class='ocr_line' id='line_1_19' title="bbox 258 2609 1524 2693; baseline 0.003 -23"><span class='ocrx_word' id='word_1_151' title='bbox 258 2623 370 2670; x_wconf 86' lang='lat' dir='ltr'>contra</span> <span class='ocrx_word' id='word_1_152' title='bbox 393 2609 562 2692; x_wconf 87' lang='lat' dir='ltr'>providam</span> <span class='ocrx_word' id='word_1_153' title='bbox 590 2609 759 2671; x_wconf 89' lang='lat' dir='ltr'>mulierem</span> <span class='ocrx_word' id='word_1_154' title='bbox 795 2611 972 2693; x_wconf 87' lang='lat' dir='ltr'>Elyzebeth</span> <span class='ocrx_word' id='word_1_155' title='bbox 1005 2627 1187 2674; x_wconf 85' lang='lat' dir='ltr'>consortem</span> <span class='ocrx_word' id='word_1_156' title='bbox 1218 2613 1356 2674; x_wconf 77' lang='lat' dir='ltr'>ladislai</span> <span class='ocrx_word' id='word_1_157' title='bbox 1381 2612 1524 2675; x_wconf 89' lang='lat' dir='ltr'>Charan-</span> 
     </span>
     <span class='ocr_line' id='line_1_20' title="bbox 256 2715 1478 2801; baseline 0.003 -24"><span class='ocrx_word' id='word_1_158' title='bbox 256 2715 408 2798; x_wconf 88' lang='lat' dir='ltr'>thowych</span> <span class='ocrx_word' id='word_1_159' title='bbox 434 2716 539 2798; x_wconf 87' lang='lat' dir='ltr'>primo</span> <span class='ocrx_word' id='word_1_160' title='bbox 564 2717 650 2777; x_wconf 92' lang='lat' dir='ltr'>citati</span> <span class='ocrx_word' id='word_1_161' title='bbox 676 2736 784 2778; x_wconf 89' lang='lat' dir='ltr'>coram</span> <span class='ocrx_word' id='word_1_162' title='bbox 809 2717 902 2778; x_wconf 88' lang='lat' dir='ltr'>nobis</span> <span class='ocrx_word' id='word_1_163' title='bbox 926 2719 959 2778; x_wconf 93' lang='lat' dir='ltr'>in</span> <span class='ocrx_word' id='word_1_164' title='bbox 983 2717 1104 2800; x_wconf 88' lang='lat' dir='ltr'>judicio</span> <span class='ocrx_word' id='word_1_165' title='bbox 1129 2738 1194 2780; x_wconf 91' lang='lat' dir='ltr'>non</span> <span class='ocrx_word' id='word_1_166' title='bbox 1220 2733 1478 2801; x_wconf 85' lang='lat' dir='ltr'>comparuerunt.</span> 
     </span>
    </p>

    <p class='ocr_par' dir='ltr' id='par_1_7' title="bbox 255 2823 1523 4396">
     <span class='ocr_line' id='line_1_21' title="bbox 365 2823 1521 2907; baseline 0.003 -25"><span class='ocrx_word' id='word_1_167' title='bbox 365 2823 443 2883; x_wconf 91' lang='lat' dir='ltr'>ltem</span> <span class='ocrx_word' id='word_1_168' title='bbox 469 2841 597 2884; x_wconf 87' lang='lat' dir='ltr'>causam</span> <span class='ocrx_word' id='word_1_169' title='bbox 616 2823 746 2884; x_wconf 89' lang='lat' dir='ltr'>Martini</span> <span class='ocrx_word' id='word_1_170' title='bbox 764 2823 879 2904; x_wconf 83' lang='lat' dir='ltr'>judicis</span> <span class='ocrx_word' id='word_1_171' title='bbox 895 2825 1031 2885; x_wconf 86' lang='lat' dir='ltr'>senioris</span> <span class='ocrx_word' id='word_1_172' title='bbox 1048 2825 1131 2886; x_wconf 86' lang='lat' dir='ltr'>dicte</span> <span class='ocrx_word' id='word_1_173' title='bbox 1148 2825 1295 2904; x_wconf 87' lang='lat' dir='ltr'>civitatis,</span> <span class='ocrx_word' id='word_1_174' title='bbox 1313 2825 1398 2907; x_wconf 84' lang='lat' dir='ltr'>juxta</span> <span class='ocrx_word' id='word_1_175' title='bbox 1416 2825 1521 2887; x_wconf 85' lang='lat' dir='ltr'>litere-</span> 
     </span>
     <span class='ocr_line' id='line_1_22' title="bbox 257 2929 1523 3009; baseline 0.002 -20"><span class='ocrx_word' id='word_1_176' title='bbox 257 2929 376 2990; x_wconf 81' lang='lat' dir='ltr'>lorium</span> <span class='ocrx_word' id='word_1_177' title='bbox 404 2929 491 3009; x_wconf 86' lang='lat' dir='ltr'>regie</span> <span class='ocrx_word' id='word_1_178' title='bbox 516 2929 690 2990; x_wconf 84' lang='lat' dir='ltr'>Maiestatis</span> <span class='ocrx_word' id='word_1_179' title='bbox 714 2930 913 3008; x_wconf 87' lang='lat' dir='ltr'>mandatum,</span> <span class='ocrx_word' id='word_1_180' title='bbox 946 2931 1074 2992; x_wconf 90' lang='lat' dir='ltr'>racione</span> <span class='ocrx_word' id='word_1_181' title='bbox 1109 2931 1285 2992; x_wconf 86' lang='lat' dir='ltr'>ablacionis</span> <span class='ocrx_word' id='word_1_182' title='bbox 1308 2945 1523 2994; x_wconf 89' lang='lat' dir='ltr'>tercentorum</span> 
     </span>
     <span class='ocr_line' id='line_1_23' title="bbox 260 3035 1523 3120; baseline 0.002 -24"><span class='ocrx_word' id='word_1_183' title='bbox 260 3035 452 3097; x_wconf 89' lang='lat' dir='ltr'>cubulorum</span> <span class='ocrx_word' id='word_1_184' title='bbox 479 3035 575 3096; x_wconf 90' lang='lat' dir='ltr'>musti</span> <span class='ocrx_word' id='word_1_185' title='bbox 599 3055 655 3096; x_wconf 88' lang='lat' dir='ltr'>seu</span> <span class='ocrx_word' id='word_1_186' title='bbox 679 3036 744 3096; x_wconf 92' lang='lat' dir='ltr'>vini</span> <span class='ocrx_word' id='word_1_187' title='bbox 771 3056 826 3116; x_wconf 88' lang='lat' dir='ltr'>per</span> <span class='ocrx_word' id='word_1_188' title='bbox 851 3036 989 3098; x_wconf 90' lang='lat' dir='ltr'>condam</span> <span class='ocrx_word' id='word_1_189' title='bbox 1008 3037 1185 3100; x_wconf 88' lang='lat' dir='ltr'>Seboldum</span> <span class='ocrx_word' id='word_1_190' title='bbox 1211 3039 1311 3100; x_wconf 86' lang='lat' dir='ltr'>Maier</span> <span class='ocrx_word' id='word_1_191' title='bbox 1335 3039 1413 3100; x_wconf 83' lang='lat' dir='ltr'>alies</span> <span class='ocrx_word' id='word_1_192' title='bbox 1438 3039 1523 3120; x_wconf 88' lang='lat' dir='ltr'>capi-</span> 
     </span>
     <span class='ocr_line' id='line_1_24' title="bbox 259 3142 1523 3224; baseline 0.001 -21"><span class='ocrx_word' id='word_1_193' title='bbox 259 3155 388 3203; x_wconf 86' lang='lat' dir='ltr'>taneum</span> <span class='ocrx_word' id='word_1_194' title='bbox 422 3142 504 3203; x_wconf 89' lang='lat' dir='ltr'>dicte</span> <span class='ocrx_word' id='word_1_195' title='bbox 538 3142 685 3220; x_wconf 83' lang='lat' dir='ltr'>civitatis,</span> <span class='ocrx_word' id='word_1_196' title='bbox 717 3143 793 3224; x_wconf 89' lang='lat' dir='ltr'>quia</span> <span class='ocrx_word' id='word_1_197' title='bbox 826 3145 893 3224; x_wconf 90' lang='lat' dir='ltr'>ipse</span> <span class='ocrx_word' id='word_1_198' title='bbox 928 3145 1083 3205; x_wconf 85' lang='lat' dir='ltr'>Martinus</span> <span class='ocrx_word' id='word_1_199' title='bbox 1120 3145 1214 3224; x_wconf 85' lang='lat' dir='ltr'>juder</span> <span class='ocrx_word' id='word_1_200' title='bbox 1248 3166 1319 3206; x_wconf 87' lang='lat' dir='ltr'>cum</span> <span class='ocrx_word' id='word_1_201' title='bbox 1353 3144 1523 3206; x_wconf 86' lang='lat' dir='ltr'>sufficienti</span> 
     </span>
     <span class='ocr_line' id='line_1_25' title="bbox 257 3249 1520 3333; baseline 0.003 -25"><span class='ocrx_word' id='word_1_202' title='bbox 257 3249 443 3310; x_wconf 83' lang='lat' dir='ltr'>testimonio</span> <span class='ocrx_word' id='word_1_203' title='bbox 468 3268 575 3310; x_wconf 91' lang='lat' dir='ltr'>coram</span> <span class='ocrx_word' id='word_1_204' title='bbox 601 3250 694 3311; x_wconf 89' lang='lat' dir='ltr'>nobis</span> <span class='ocrx_word' id='word_1_205' title='bbox 718 3251 950 3332; x_wconf 86' lang='lat' dir='ltr'>comprobavit,</span> <span class='ocrx_word' id='word_1_206' title='bbox 975 3251 1062 3332; x_wconf 90' lang='lat' dir='ltr'>quod</span> <span class='ocrx_word' id='word_1_207' title='bbox 1082 3251 1148 3333; x_wconf 86' lang='lat' dir='ltr'>ipse</span> <span class='ocrx_word' id='word_1_208' title='bbox 1174 3251 1334 3312; x_wconf 89' lang='lat' dir='ltr'>Seboldus</span> <span class='ocrx_word' id='word_1_209' title='bbox 1359 3251 1419 3333; x_wconf 90' lang='lat' dir='ltr'>ipsi</span> <span class='ocrx_word' id='word_1_210' title='bbox 1438 3252 1520 3312; x_wconf 90' lang='lat' dir='ltr'>Mar-</span> 
     </span>
     <span class='ocr_line' id='line_1_26' title="bbox 256 3355 1520 3439; baseline 0.004 -24"><span class='ocrx_word' id='word_1_211' title='bbox 256 3355 325 3416; x_wconf 89' lang='lat' dir='ltr'>tino</span> <span class='ocrx_word' id='word_1_212' title='bbox 349 3355 448 3434; x_wconf 85' lang='lat' dir='ltr'>judici</span> <span class='ocrx_word' id='word_1_213' title='bbox 474 3356 601 3416; x_wconf 89' lang='lat' dir='ltr'>racione</span> <span class='ocrx_word' id='word_1_214' title='bbox 626 3355 770 3436; x_wconf 84' lang='lat' dir='ltr'>premissi</span> <span class='ocrx_word' id='word_1_215' title='bbox 797 3356 861 3417; x_wconf 89' lang='lat' dir='ltr'>vini</span> <span class='ocrx_word' id='word_1_216' title='bbox 885 3377 941 3417; x_wconf 87' lang='lat' dir='ltr'>seu</span> <span class='ocrx_word' id='word_1_217' title='bbox 956 3357 1051 3419; x_wconf 88' lang='lat' dir='ltr'>musti</span> <span class='ocrx_word' id='word_1_218' title='bbox 1076 3378 1109 3419; x_wconf 85' lang='lat' dir='ltr'>se</span> <span class='ocrx_word' id='word_1_219' title='bbox 1134 3358 1328 3439; x_wconf 82' lang='lat' dir='ltr'>culpabilem</span> <span class='ocrx_word' id='word_1_220' title='bbox 1354 3357 1520 3436; x_wconf 89' lang='lat' dir='ltr'>reddebat,</span> 
     </span>
     <span class='ocr_line' id='line_1_27' title="bbox 257 3461 1523 3545; baseline 0.003 -23"><span class='ocrx_word' id='word_1_221' title='bbox 257 3461 347 3522; x_wconf 90' lang='lat' dir='ltr'>cuius</span> <span class='ocrx_word' id='word_1_222' title='bbox 371 3474 517 3544; x_wconf 87' lang='lat' dir='ltr'>pretextu</span> <span class='ocrx_word' id='word_1_223' title='bbox 544 3463 610 3543; x_wconf 91' lang='lat' dir='ltr'>ipse</span> <span class='ocrx_word' id='word_1_224' title='bbox 636 3462 793 3523; x_wconf 88' lang='lat' dir='ltr'>Martinus</span> <span class='ocrx_word' id='word_1_225' title='bbox 816 3462 911 3542; x_wconf 82' lang='lat' dir='ltr'>juder</span> <span class='ocrx_word' id='word_1_226' title='bbox 936 3465 1020 3524; x_wconf 87' lang='lat' dir='ltr'>bone</span> <span class='ocrx_word' id='word_1_227' title='bbox 1053 3477 1083 3525; x_wconf 89' lang='lat' dir='ltr'>ct</span> <span class='ocrx_word' id='word_1_228' title='bbox 1108 3483 1156 3524; x_wconf 88' lang='lat' dir='ltr'>res</span> <span class='ocrx_word' id='word_1_229' title='bbox 1181 3464 1279 3545; x_wconf 90' lang='lat' dir='ltr'>ipsius</span> <span class='ocrx_word' id='word_1_230' title='bbox 1304 3463 1441 3525; x_wconf 84' lang='lat' dir='ltr'>condem</span> <span class='ocrx_word' id='word_1_231' title='bbox 1468 3465 1523 3526; x_wconf 90' lang='lat' dir='ltr'>Se-</span> 
     </span>
     <span class='ocr_line' id='line_1_28' title="bbox 258 3567 1522 3651; baseline 0.004 -24"><span class='ocrx_word' id='word_1_232' title='bbox 258 3567 347 3628; x_wconf 92' lang='lat' dir='ltr'>boldi</span> <span class='ocrx_word' id='word_1_233' title='bbox 372 3567 405 3628; x_wconf 91' lang='lat' dir='ltr'>in</span> <span class='ocrx_word' id='word_1_234' title='bbox 432 3567 514 3629; x_wconf 87' lang='lat' dir='ltr'>dicta</span> <span class='ocrx_word' id='word_1_235' title='bbox 540 3569 667 3629; x_wconf 88' lang='lat' dir='ltr'>civitate</span> <span class='ocrx_word' id='word_1_236' title='bbox 685 3581 716 3630; x_wconf 90' lang='lat' dir='ltr'>et</span> <span class='ocrx_word' id='word_1_237' title='bbox 741 3569 810 3629; x_wconf 88' lang='lat' dir='ltr'>eius</span> <span class='ocrx_word' id='word_1_238' title='bbox 834 3569 994 3630; x_wconf 89' lang='lat' dir='ltr'>territorio</span> <span class='ocrx_word' id='word_1_239' title='bbox 1012 3569 1137 3630; x_wconf 83' lang='lat' dir='ltr'>habites</span> <span class='ocrx_word' id='word_1_240' title='bbox 1154 3570 1370 3651; x_wconf 87' lang='lat' dir='ltr'>prohibuisset</span> <span class='ocrx_word' id='word_1_241' title='bbox 1386 3584 1417 3632; x_wconf 88' lang='lat' dir='ltr'>et</span> <span class='ocrx_word' id='word_1_242' title='bbox 1441 3591 1522 3632; x_wconf 88' lang='lat' dir='ltr'>ares-</span> 
     </span>
     <span class='ocr_line' id='line_1_29' title="bbox 257 3674 1521 3759; baseline 0.002 -25"><span class='ocrx_word' id='word_1_243' title='bbox 257 3686 370 3749; x_wconf 88' lang='lat' dir='ltr'>tasset;</span> <span class='ocrx_word' id='word_1_244' title='bbox 403 3674 458 3735; x_wconf 90' lang='lat' dir='ltr'>sed</span> <span class='ocrx_word' id='word_1_245' title='bbox 491 3674 532 3735; x_wconf 89' lang='lat' dir='ltr'>ad</span> <span class='ocrx_word' id='word_1_246' title='bbox 565 3674 718 3755; x_wconf 85' lang='lat' dir='ltr'>majorem</span> <span class='ocrx_word' id='word_1_247' title='bbox 745 3674 787 3735; x_wconf 91' lang='lat' dir='ltr'>rei</span> <span class='ocrx_word' id='word_1_248' title='bbox 826 3675 1027 3737; x_wconf 87' lang='lat' dir='ltr'>evidenciam</span> <span class='ocrx_word' id='word_1_249' title='bbox 1061 3675 1154 3756; x_wconf 86' lang='lat' dir='ltr'>jurati</span> <span class='ocrx_word' id='word_1_250' title='bbox 1180 3675 1272 3758; x_wconf 65' lang='lat' dir='ltr'>[dicte</span> <span class='ocrx_word' id='word_1_251' title='bbox 1304 3677 1440 3738; x_wconf 89' lang='lat' dir='ltr'>civitatis</span> <span class='ocrx_word' id='word_1_252' title='bbox 1464 3678 1521 3759; x_wconf 90' lang='lat' dir='ltr'>ipsi</span> 
     </span>
     <span class='ocr_line' id='line_1_30' title="bbox 258 3779 1523 3860; baseline 0.003 -20"><span class='ocrx_word' id='word_1_253' title='bbox 258 3780 397 3841; x_wconf 85' lang='lat' dir='ltr'>Martino</span> <span class='ocrx_word' id='word_1_254' title='bbox 423 3779 519 3860; x_wconf 79' lang='lat' dir='ltr'>judici</span> <span class='ocrx_word' id='word_1_255' title='bbox 545 3780 759 3860; x_wconf 78' lang='lat' dir='ltr'>juramentum</span> <span class='ocrx_word' id='word_1_256' title='bbox 785 3782 914 3842; x_wconf 83' lang='lat' dir='ltr'>solimet</span> <span class='ocrx_word' id='word_1_257' title='bbox 937 3782 969 3842; x_wconf 90' lang='lat' dir='ltr'>in</span> <span class='ocrx_word' id='word_1_258' title='bbox 995 3802 1048 3842; x_wconf 87' lang='lat' dir='ltr'>era</span> <span class='ocrx_word' id='word_1_259' title='bbox 1065 3795 1172 3843; x_wconf 86' lang='lat' dir='ltr'>sancte</span> <span class='ocrx_word' id='word_1_260' title='bbox 1198 3781 1311 3844; x_wconf 84' lang='lat' dir='ltr'>Crucis</span> <span class='ocrx_word' id='word_1_261' title='bbox 1334 3779 1412 3844; x_wconf 86' lang='lat' dir='ltr'>feria</span> <span class='ocrx_word' id='word_1_262' title='bbox 1437 3797 1523 3845; x_wconf 85' lang='lat' dir='ltr'>sexta</span> 
     </span>
     <span class='ocr_line' id='line_1_31' title="bbox 256 3886 1523 3972; baseline 0.002 -25"><span class='ocrx_word' id='word_1_263' title='bbox 256 3887 402 3968; x_wconf 83' lang='lat' dir='ltr'>proxima</span> <span class='ocrx_word' id='word_1_264' title='bbox 428 3900 499 3968; x_wconf 92' lang='lat' dir='ltr'>post</span> <span class='ocrx_word' id='word_1_265' title='bbox 524 3886 638 3949; x_wconf 88' lang='lat' dir='ltr'>festum</span> <span class='ocrx_word' id='word_1_266' title='bbox 673 3888 757 3950; x_wconf 86' lang='lat' dir='ltr'>beati</span> <span class='ocrx_word' id='word_1_267' title='bbox 792 3888 920 3950; x_wconf 89' lang='lat' dir='ltr'>Martini</span> <span class='ocrx_word' id='word_1_268' title='bbox 953 3888 1145 3950; x_wconf 88' lang='lat' dir='ltr'>confessoris</span> <span class='ocrx_word' id='word_1_269' title='bbox 1174 3903 1312 3972; x_wconf 83' lang='lat' dir='ltr'>prestare</span> <span class='ocrx_word' id='word_1_270' title='bbox 1338 3889 1369 3950; x_wconf 93' lang='lat' dir='ltr'>in</span> <span class='ocrx_word' id='word_1_271' title='bbox 1395 3909 1433 3950; x_wconf 90' lang='lat' dir='ltr'>eo</span> <span class='ocrx_word' id='word_1_272' title='bbox 1468 3889 1523 3951; x_wconf 86' lang='lat' dir='ltr'>ad-</span> 
     </span>
     <span class='ocr_line' id='line_1_32' title="bbox 255 3993 1521 4078; baseline 0.003 -24"><span class='ocrx_word' id='word_1_273' title='bbox 255 3993 489 4075; x_wconf 82' lang='lat' dir='ltr'>judicaverunt,</span> <span class='ocrx_word' id='word_1_274' title='bbox 526 3994 613 4076; x_wconf 91' lang='lat' dir='ltr'>quod</span> <span class='ocrx_word' id='word_1_275' title='bbox 649 4008 773 4056; x_wconf 86' lang='lat' dir='ltr'>tantum</span> <span class='ocrx_word' id='word_1_276' title='bbox 800 3995 910 4056; x_wconf 89' lang='lat' dir='ltr'>vinum</span> <span class='ocrx_word' id='word_1_277' title='bbox 948 4011 978 4056; x_wconf 92' lang='lat' dir='ltr'>et</span> <span class='ocrx_word' id='word_1_278' title='bbox 1011 3997 1041 4056; x_wconf 93' lang='lat' dir='ltr'>in</span> <span class='ocrx_word' id='word_1_279' title='bbox 1078 4008 1167 4056; x_wconf 83' lang='lat' dir='ltr'>tanto</span> <span class='ocrx_word' id='word_1_280' title='bbox 1200 3997 1308 4057; x_wconf 84' lang='lat' dir='ltr'>valore</span> <span class='ocrx_word' id='word_1_281' title='bbox 1342 3997 1521 4078; x_wconf 87' lang='lat' dir='ltr'>recepisset,</span> 
     </span>
     <span class='ocr_line' id='line_1_33' title="bbox 256 4101 1522 4184; baseline 0 -22"><span class='ocrx_word' id='word_1_282' title='bbox 256 4115 412 4182; x_wconf 88' lang='lat' dir='ltr'>quantum</span> <span class='ocrx_word' id='word_1_283' title='bbox 447 4103 512 4183; x_wconf 86' lang='lat' dir='ltr'>ipse</span> <span class='ocrx_word' id='word_1_284' title='bbox 546 4101 702 4162; x_wconf 88' lang='lat' dir='ltr'>Martinus</span> <span class='ocrx_word' id='word_1_285' title='bbox 734 4102 828 4182; x_wconf 85' lang='lat' dir='ltr'>judex</span> <span class='ocrx_word' id='word_1_286' title='bbox 861 4101 964 4182; x_wconf 81' lang='lat' dir='ltr'>jurare</span> <span class='ocrx_word' id='word_1_287' title='bbox 998 4102 1125 4184; x_wconf 90' lang='lat' dir='ltr'>poterit,</span> <span class='ocrx_word' id='word_1_288' title='bbox 1157 4116 1188 4164; x_wconf 89' lang='lat' dir='ltr'>et</span> <span class='ocrx_word' id='word_1_289' title='bbox 1221 4103 1298 4164; x_wconf 90' lang='lat' dir='ltr'>dum</span> <span class='ocrx_word' id='word_1_290' title='bbox 1323 4103 1450 4184; x_wconf 86' lang='lat' dir='ltr'>jurabit,</span> <span class='ocrx_word' id='word_1_291' title='bbox 1483 4103 1522 4162; x_wconf 94' lang='lat' dir='ltr'>de</span> 
     </span>
     <span class='ocr_line' id='line_1_34' title="bbox 256 4207 1521 4290; baseline 0.002 -23"><span class='ocrx_word' id='word_1_292' title='bbox 256 4207 350 4268; x_wconf 91' lang='lat' dir='ltr'>rebus</span> <span class='ocrx_word' id='word_1_293' title='bbox 374 4221 405 4268; x_wconf 88' lang='lat' dir='ltr'>et</span> <span class='ocrx_word' id='word_1_294' title='bbox 430 4208 523 4268; x_wconf 88' lang='lat' dir='ltr'>bonis</span> <span class='ocrx_word' id='word_1_295' title='bbox 547 4207 647 4289; x_wconf 90' lang='lat' dir='ltr'>ipsius</span> <span class='ocrx_word' id='word_1_296' title='bbox 672 4208 806 4269; x_wconf 90' lang='lat' dir='ltr'>Seboldi</span> <span class='ocrx_word' id='word_1_297' title='bbox 832 4208 964 4290; x_wconf 88' lang='lat' dir='ltr'>repertis</span> <span class='ocrx_word' id='word_1_298' title='bbox 981 4208 1012 4268; x_wconf 93' lang='lat' dir='ltr'>in</span> <span class='ocrx_word' id='word_1_299' title='bbox 1038 4208 1120 4270; x_wconf 89' lang='lat' dir='ltr'>dicta</span> <span class='ocrx_word' id='word_1_300' title='bbox 1139 4210 1265 4270; x_wconf 90' lang='lat' dir='ltr'>civitate</span> <span class='ocrx_word' id='word_1_301' title='bbox 1291 4223 1321 4270; x_wconf 90' lang='lat' dir='ltr'>et</span> <span class='ocrx_word' id='word_1_302' title='bbox 1347 4209 1415 4270; x_wconf 90' lang='lat' dir='ltr'>eius</span> <span class='ocrx_word' id='word_1_303' title='bbox 1431 4209 1521 4270; x_wconf 88' lang='lat' dir='ltr'>terri·</span> 
     </span>
     <span class='ocr_line' id='line_1_35' title="bbox 255 4313 938 4396; baseline 0.003 -21"><span class='ocrx_word' id='word_1_304' title='bbox 255 4313 338 4376; x_wconf 88' lang='lat' dir='ltr'>torio</span> <span class='ocrx_word' id='word_1_305' title='bbox 361 4313 489 4392; x_wconf 88' lang='lat' dir='ltr'>habitis,</span> <span class='ocrx_word' id='word_1_306' title='bbox 513 4313 690 4376; x_wconf 88' lang='lat' dir='ltr'>satisfaccio</span> <span class='ocrx_word' id='word_1_307' title='bbox 721 4314 938 4396; x_wconf 85' lang='lat' dir='ltr'>impendetur.</span> 
     </span>
    </p>

    <p class='ocr_par' dir='ltr' id='par_1_8' title="bbox 361 4419 1521 4498">
     <span class='ocr_line' id='line_1_36' title="bbox 361 4419 1521 4498; baseline 0.002 -18"><span class='ocrx_word' id='word_1_308' title='bbox 361 4419 439 4481; x_wconf 89' lang='lat' dir='ltr'>ltern</span> <span class='ocrx_word' id='word_1_309' title='bbox 464 4439 592 4483; x_wconf 86' lang='lat' dir='ltr'>causam</span> <span class='ocrx_word' id='word_1_310' title='bbox 626 4421 707 4482; x_wconf 87' lang='lat' dir='ltr'>inter</span> <span class='ocrx_word' id='word_1_311' title='bbox 739 4421 875 4482; x_wconf 87' lang='lat' dir='ltr'>Paulum</span> <span class='ocrx_word' id='word_1_312' title='bbox 909 4420 1106 4482; x_wconf 84' lang='lat' dir='ltr'>aurifabrum</span> <span class='ocrx_word' id='word_1_313' title='bbox 1140 4435 1173 4481; x_wconf 88' lang='lat' dir='ltr'>ut</span> <span class='ocrx_word' id='word_1_314' title='bbox 1204 4435 1343 4482; x_wconf 86' lang='lat' dir='ltr'>actorem</span> <span class='ocrx_word' id='word_1_315' title='bbox 1382 4422 1421 4482; x_wconf 85' lang='lat' dir='ltr'>ab</span> <span class='ocrx_word' id='word_1_316' title='bbox 1447 4441 1521 4498; x_wconf 87' lang='lat' dir='ltr'>una,</span> 
     </span>
    </p>
   </div>
   <div class='ocr_carea' id='block_1_3' title="bbox 254 4526 1550 5148">
    <p class='ocr_par' dir='ltr' id='par_1_9' title="bbox 254 4526 1550 5148">
     <span class='ocr_line' id='line_1_37' title="bbox 255 4526 1521 4610; baseline 0.003 -24"><span class='ocrx_word' id='word_1_317' title='bbox 255 4539 287 4586; x_wconf 89' lang='lat' dir='ltr'>et</span> <span class='ocrx_word' id='word_1_318' title='bbox 311 4527 394 4589; x_wconf 88' lang='lat' dir='ltr'>inter</span> <span class='ocrx_word' id='word_1_319' title='bbox 420 4526 608 4590; x_wconf 89' lang='lat' dir='ltr'>Conradum</span> <span class='ocrx_word' id='word_1_320' title='bbox 635 4529 765 4588; x_wconf 82' lang='lat' dir='ltr'>Rewsar</span> <span class='ocrx_word' id='word_1_321' title='bbox 788 4527 947 4589; x_wconf 89' lang='lat' dir='ltr'>seniorem</span> <span class='ocrx_word' id='word_1_322' title='bbox 965 4527 1116 4610; x_wconf 88' lang='lat' dir='ltr'>judicem,</span> <span class='ocrx_word' id='word_1_323' title='bbox 1143 4541 1176 4590; x_wconf 91' lang='lat' dir='ltr'>ut</span> <span class='ocrx_word' id='word_1_324' title='bbox 1200 4528 1231 4588; x_wconf 91' lang='lat' dir='ltr'>in</span> <span class='ocrx_word' id='word_1_325' title='bbox 1258 4547 1386 4590; x_wconf 86' lang='lat' dir='ltr'>causam</span> <span class='ocrx_word' id='word_1_326' title='bbox 1410 4541 1521 4590; x_wconf 87' lang='lat' dir='ltr'>attrac-</span> 
     </span>
     <span class='ocr_line' id='line_1_38' title="bbox 254 4634 1522 4717; baseline 0 -22"><span class='ocrx_word' id='word_1_327' title='bbox 254 4647 334 4713; x_wconf 90' lang='lat' dir='ltr'>tum,</span> <span class='ocrx_word' id='word_1_328' title='bbox 359 4634 489 4696; x_wconf 86' lang='lat' dir='ltr'>racione</span> <span class='ocrx_word' id='word_1_329' title='bbox 512 4634 689 4696; x_wconf 87' lang='lat' dir='ltr'>eblacionis</span> <span class='ocrx_word' id='word_1_330' title='bbox 714 4635 927 4714; x_wconf 87' lang='lat' dir='ltr'>quarumdam</span> <span class='ocrx_word' id='word_1_331' title='bbox 949 4655 1053 4697; x_wconf 91' lang='lat' dir='ltr'>rerum</span> <span class='ocrx_word' id='word_1_332' title='bbox 1080 4635 1257 4717; x_wconf 88' lang='lat' dir='ltr'>peripsum</span> <span class='ocrx_word' id='word_1_333' title='bbox 1284 4636 1419 4696; x_wconf 87' lang='lat' dir='ltr'>Paulum</span> <span class='ocrx_word' id='word_1_334' title='bbox 1439 4635 1522 4696; x_wconf 89' lang='lat' dir='ltr'>auri-</span> 
     </span>
     <span class='ocr_line' id='line_1_39' title="bbox 254 4737 1521 4824; baseline 0.001 -22"><span class='ocrx_word' id='word_1_335' title='bbox 254 4737 382 4802; x_wconf 83' lang='lat' dir='ltr'>fabrum</span> <span class='ocrx_word' id='word_1_336' title='bbox 417 4754 526 4802; x_wconf 91' lang='lat' dir='ltr'>contra</span> <span class='ocrx_word' id='word_1_337' title='bbox 551 4740 655 4822; x_wconf 91' lang='lat' dir='ltr'>ipsum</span> <span class='ocrx_word' id='word_1_338' title='bbox 688 4741 819 4801; x_wconf 87' lang='lat' dir='ltr'>Rawsar</span> <span class='ocrx_word' id='word_1_339' title='bbox 851 4761 958 4802; x_wconf 85' lang='lat' dir='ltr'>coram</span> <span class='ocrx_word' id='word_1_340' title='bbox 991 4741 1084 4803; x_wconf 91' lang='lat' dir='ltr'>nobis</span> <span class='ocrx_word' id='word_1_341' title='bbox 1109 4741 1140 4802; x_wconf 92' lang='lat' dir='ltr'>in</span> <span class='ocrx_word' id='word_1_342' title='bbox 1173 4743 1298 4824; x_wconf 89' lang='lat' dir='ltr'>scriptis</span> <span class='ocrx_word' id='word_1_343' title='bbox 1323 4743 1355 4803; x_wconf 88' lang='lat' dir='ltr'>in</span> <span class='ocrx_word' id='word_1_344' title='bbox 1388 4743 1521 4823; x_wconf 82' lang='lat' dir='ltr'>registro</span> 
     </span>
     <span class='ocr_line' id='line_1_40' title="bbox 255 4845 1550 4931; baseline 0.002 -25"><span class='ocrx_word' id='word_1_345' title='bbox 255 4845 485 4927; x_wconf 89' lang='lat' dir='ltr'>productarum</span> <span class='ocrx_word' id='word_1_346' title='bbox 503 4859 533 4908; x_wconf 91' lang='lat' dir='ltr'>et</span> <span class='ocrx_word' id='word_1_347' title='bbox 549 4845 814 4929; x_wconf 86' lang='lat' dir='ltr'>specificutsrum,</span> <span class='ocrx_word' id='word_1_348' title='bbox 835 4846 929 4928; x_wconf 85' lang='lat' dir='ltr'>jurati</span> <span class='ocrx_word' id='word_1_349' title='bbox 947 4847 1181 4928; x_wconf 81' lang='lat' dir='ltr'>adjudicarunt,</span> <span class='ocrx_word' id='word_1_350' title='bbox 1199 4849 1287 4930; x_wconf 93' lang='lat' dir='ltr'>quod</span> <span class='ocrx_word' id='word_1_351' title='bbox 1305 4851 1372 4931; x_wconf 89' lang='lat' dir='ltr'>ipse</span> <span class='ocrx_word' id='word_1_352' title='bbox 1390 4849 1521 4910; x_wconf 85' lang='lat' dir='ltr'>Rawser</span> <span class='ocrx_word' id='word_1_353' title='bbox 1548 4919 1550 4925; x_wconf 27' lang='grc' dir='ltr'>Ι</span> 
     </span>
     <span class='ocr_line' id='line_1_41' title="bbox 255 4949 1521 5038; baseline 0.005 -28"><span class='ocrx_word' id='word_1_354' title='bbox 255 4949 334 5011; x_wconf 89' lang='lat' dir='ltr'>feria</span> <span class='ocrx_word' id='word_1_355' title='bbox 358 4963 445 5013; x_wconf 85' lang='lat' dir='ltr'>sexte</span> <span class='ocrx_word' id='word_1_356' title='bbox 469 4952 614 5034; x_wconf 85' lang='lat' dir='ltr'>proxime</span> <span class='ocrx_word' id='word_1_357' title='bbox 639 4965 712 5035; x_wconf 93' lang='lat' dir='ltr'>post</span> <span class='ocrx_word' id='word_1_358' title='bbox 736 4951 851 5014; x_wconf 87' lang='lat' dir='ltr'>festum</span> <span class='ocrx_word' id='word_1_359' title='bbox 869 4954 953 5016; x_wconf 89' lang='lat' dir='ltr'>beati</span> <span class='ocrx_word' id='word_1_360' title='bbox 978 4954 1107 5015; x_wconf 88' lang='lat' dir='ltr'>Martini</span> <span class='ocrx_word' id='word_1_361' title='bbox 1125 4955 1281 5018; x_wconf 85' lang='lat' dir='ltr'>solusmet</span> <span class='ocrx_word' id='word_1_362' title='bbox 1303 4955 1408 5038; x_wconf 89' lang='lat' dir='ltr'>jurare</span> <span class='ocrx_word' id='word_1_363' title='bbox 1433 4969 1521 5017; x_wconf 51' lang='lat' dir='ltr'>tenes</span> 
     </span>
     <span class='ocr_line' id='line_1_42' title="bbox 254 5057 1520 5148; baseline 0.005 -30"><span class='ocrx_word' id='word_1_364' title='bbox 254 5057 351 5136; x_wconf 90' lang='lat' dir='ltr'>bitur,</span> <span class='ocrx_word' id='word_1_365' title='bbox 376 5057 464 5142; x_wconf 91' lang='lat' dir='ltr'>quod</span> <span class='ocrx_word' id='word_1_366' title='bbox 490 5059 544 5121; x_wconf 84' lang='lat' dir='ltr'>ille</span> <span class='ocrx_word' id='word_1_367' title='bbox 561 5059 666 5124; x_wconf 88' lang='lat' dir='ltr'>nullas</span> <span class='ocrx_word' id='word_1_368' title='bbox 691 5079 739 5123; x_wconf 89' lang='lat' dir='ltr'>res</span> <span class='ocrx_word' id='word_1_369' title='bbox 767 5080 840 5122; x_wconf 87' lang='lat' dir='ltr'>sues</span> <span class='ocrx_word' id='word_1_370' title='bbox 866 5073 896 5126; x_wconf 90' lang='lat' dir='ltr'>et</span> <span class='ocrx_word' id='word_1_371' title='bbox 913 5061 1061 5148; x_wconf 87' lang='lat' dir='ltr'>Dyonisii</span> <span class='ocrx_word' id='word_1_372' title='bbox 1087 5061 1238 5128; x_wconf 83' lang='lat' dir='ltr'>aurifabri</span> <span class='ocrx_word' id='word_1_373' title='bbox 1257 5061 1296 5130; x_wconf 88' lang='lat' dir='ltr'>de</span> <span class='ocrx_word' id='word_1_374' title='bbox 1321 5062 1420 5129; x_wconf 92' lang='lat' dir='ltr'>domo</span> <span class='ocrx_word' id='word_1_375' title='bbox 1436 5062 1520 5146; x_wconf 86' lang='lat' dir='ltr'>ipso·</span> 
     </span>
    </p>
   </div>
   <div class='ocr_carea' id='block_1_4' title="bbox 0 0 1852 5782">
    <p class='ocr_par' dir='ltr' id='par_1_10' title="bbox 0 0 1852 5782">
     <span class='ocr_line' id='line_1_43' title="bbox 0 0 1852 5782; baseline 0 1"><span class='ocrx_word' id='word_1_376' title='bbox 0 0 1852 5782; x_wconf 95' lang='lat' dir='ltr'> </span> 
     </span>
    </p>
   </div>
  </div>
 </body>
</html>
