3738 5786
666 504 865 586 Anno1456.
891 541 932 550 -
955 518 983 584 7.
1008 510 1088 569 mari.
1444 528 1502 590 107

342 720 422 783 ltem
449 741 577 783 causam
603 721 685 782 inter
709 719 916 782 Valentinum
949 720 1154 782 tributarium
1180 733 1210 782 et
1234 721 1315 784 inter
1339 721 1502 783 Andream

236 840 392 890 sartorem
425 848 581 910 generum
614 826 769 890 iohannis
801 827 976 910 Perowych
1010 827 1051 888 ad
1083 827 1222 909 primum
1257 827 1412 908 judicium
1444 847 1503 910 pro

237 954 314 1016 pace
339 933 448 996 fienda
473 955 529 1016 per
553 935 748 1016 peticionem
773 935 950 1016 proborum
975 935 1118 996 virorum
1136 931 1229 1014 jurati
1255 933 1415 998 duxerunt
1430 953 1504 1017 pro·

237 1043 427 1123 rogandam.

344 1147 423 1209 Item
456 1149 531 1228 quia
564 1147 721 1209 Martinus
761 1146 892 1228 jobagio
924 1145 1079 1208 lobannis
1111 1146 1285 1230 Perowych
1327 1145 1412 1208 filius
1442 1147 1503 1208 De·

239 1254 342 1315 metrii
369 1255 409 1314 de
435 1254 607 1336 Stulbycza
633 1254 672 1314 de
707 1267 815 1314 sancta
847 1253 1018 1332 Trinitate,
1048 1253 1079 1314 in
1106 1251 1268 1316 lurticinio
1300 1254 1448 1336 palorum
1474 1267 1505 1316 et

240 1361 271 1421 in
296 1359 414 1422 furtiva
439 1360 677 1422 descotiacione
703 1359 783 1421 cutis
807 1359 887 1420 muli
912 1360 1047 1442 predicti
1080 1361 1235 1422 Johannis
1259 1360 1434 1443 Perowych
1459 1373 1506 1420 est

238 1480 416 1549 reppertus,
448 1480 544 1549 prout
575 1467 663 1528 solus
694 1464 920 1545 manifestavit,
946 1465 1020 1528 ideo
1051 1467 1156 1549 ipsum
1190 1467 1364 1529 Martinum
1397 1465 1504 1528 huius-

239 1575 328 1635 modi
354 1571 458 1634 furem
485 1593 542 1654 pro
567 1573 669 1656 prima
692 1573 896 1634 correccione
922 1573 962 1634 de
980 1572 1105 1634 civitate
1131 1573 1253 1634 eteius
1277 1573 1436 1635 territorio
1460 1569 1490 1636 fe

238 1679 341 1740 cimus
365 1679 500 1761 turpiter
524 1679 684 1760 expellere
709 1692 743 1740 ut
772 1678 811 1740 de
844 1693 949 1741 cetero
974 1679 1006 1739 in
1031 1679 1193 1740 civitatem
1226 1698 1291 1740 non
1316 1679 1412 1742 intret
1444 1697 1502 1741 nec

237 1786 305 1846 eius
328 1785 538 1864 territorium,
564 1785 619 1866 qui
644 1785 670 1846 ai
695 1799 861 1866 reppertus
885 1783 979 1847 luerit
1004 1783 1043 1846 de
1072 1797 1179 1847 cetero
1204 1783 1290 1864 juxta
1315 1805 1370 1846 sua
1395 1785 1503 1848 deme·

238 1892 296 1952 rita
321 1892 484 1974 punietur.

345 1997 424 2058 ltem
450 1998 526 2079 quia
543 1997 657 2060 Vrsula
675 1997 806 2078 mulier,
833 1997 942 2059 relicta
960 1997 1097 2060 condam
1113 1997 1242 2081 Mathye
1261 1997 1337 2060 dicti
1354 1997 1505 2082 Puchych

235 2105 347 2186 generi
373 2103 512 2164 condam
539 2102 670 2184 Georgii
696 2103 772 2164 dicti
806 2104 952 2166 similiter
978 2104 1140 2187 Puchych,
1165 2106 1306 2167 concivis
1330 2119 1449 2184 nostra,
1473 2105 1505 2166 id

240 2229 312 2272 curn
339 2208 513 2271 sufficienti
531 2223 562 2270 et
579 2207 744 2292 fidedigno
768 2223 950 2272 nostrorum
970 2211 1152 2272 concivium
1176 2211 1363 2273 testimonio
1381 2211 1412 2272 in
1430 2211 1504 2273 sede

240 2332 349 2380 nostra
374 2317 541 2399 judiciaria
566 2317 651 2378 clare
684 2317 906 2400 comprobavit
935 2336 1041 2380 coram
1074 2319 1179 2398 nobis,
1204 2333 1237 2380 ut
1262 2319 1339 2379 dum
1364 2315 1505 2401 prefatus

238 2423 388 2507 Mathyas
413 2423 564 2505 Puchych
589 2424 621 2484 in
654 2423 804 2485 extremis
828 2425 890 2486 vite
920 2443 975 2486 sue
1008 2425 1195 2507 temporalis
1219 2424 1405 2504 laborasset,
1429 2441 1505 2489 tunc

237 2533 305 2614 ipse
330 2531 467 2592 domum
492 2550 583 2592 suam
608 2545 765 2592 muratam
798 2549 870 2592 cum
907 2530 1008 2592 tundo
1033 2545 1064 2593 et
1095 2530 1252 2593 hedificiis
1277 2531 1309 2592 in
1341 2533 1505 2594 vicinitate

238 2641 356 2701 domus
388 2638 538 2700 similiter
569 2652 693 2700 murata
722 2651 752 2699 et
783 2636 875 2698 fundi
900 2657 935 2700 ac
968 2637 1191 2700 hedificiorum
1226 2639 1362 2700 condam
1389 2640 1505 2702 Marini

237 2745 354 2825 judicis
378 2745 534 2823 habitam,
559 2745 663 2826 ipsum
688 2743 823 2826 juridice
841 2759 1101 2824 concernentem,
1126 2765 1199 2806 cum
1223 2746 1288 2806 suis
1313 2746 1505 2809 utilitatibus

237 2864 267 2914 et
292 2852 501 2934 pertinenciis
526 2850 681 2912 universis
713 2848 835 2933 prefate
860 2850 974 2912 Vrsule
1007 2851 1134 2913 mulieri
1168 2852 1307 2914 vendere
1332 2867 1364 2915 et
1385 2854 1505 2916 medie·

236 2972 333 3021 tatem
370 2959 592 3040 pecuniarum,
616 2977 675 3039 pro
709 2957 826 3039 quibus
855 2958 923 3040 ipsa
955 2957 1071 3020 domus
1103 2972 1226 3020 murata
1252 2977 1324 3020 cum
1349 2957 1451 3021 fundo
1476 2974 1507 3022 et

239 3063 399 3126 hedificiis
432 3063 598 3143 vendetur,
631 3063 737 3126 eidem
769 3064 883 3126 Vrsule
915 3083 973 3147 pro
1003 3077 1080 3126 tunc
1111 3084 1165 3126 sue
1191 3066 1330 3126 consorti
1364 3067 1395 3127 in
1431 3086 1506 3127 usus

240 3165 315 3234 suos
341 3171 513 3254 legavisser
536 3171 776 3253 possidendam,
800 3172 897 3233 aliam
922 3183 1029 3234 autern
1055 3171 1261 3234 medietatem
1287 3173 1426 3254 ipsarum
1450 3193 1506 3256 pe·

239 3281 409 3340 cuniarum
435 3297 494 3360 pro
518 3277 634 3339 debitis
658 3278 723 3339 suis
746 3281 863 3360 partim
888 3291 918 3339 et
950 3278 1066 3360 partim
1090 3297 1149 3360 pro
1174 3279 1281 3341 anima
1306 3299 1362 3341 sua
1387 3299 1505 3362 erpen-

239 3387 312 3448 dcre
346 3387 518 3467 legavisset
542 3399 573 3448 et
604 3385 863 3462 recommisisset,
894 3384 973 3446 alias
1004 3399 1112 3448 autem
1144 3403 1257 3446 omnes
1289 3387 1507 3468 possessiones

240 3513 313 3554 suas
337 3492 491 3554 videlicet
513 3492 652 3572 vineam,
676 3505 805 3572 terram,
829 3491 942 3552 silvam
968 3505 999 3552 et
1015 3491 1170 3574 (h)ortum
1195 3492 1227 3552 in
1251 3492 1413 3555 territorio
1430 3493 1506 3556 civi·

240 3601 313 3661 tatis
337 3597 493 3682 predicte,
517 3596 638 3681 prefate
662 3598 777 3660 Vrsule
807 3597 934 3660 mulieri
967 3611 1124 3680 protunc
1156 3618 1212 3660 sue
1237 3599 1377 3662 consorti
1403 3619 1505 3682 usque

240 3706 279 3766 ad
305 3720 444 3766 mortem
469 3725 559 3766 suam
585 3703 796 3786 possidendas
821 3717 851 3765 et
884 3703 916 3764 in
941 3703 1076 3766 articulo
1108 3705 1220 3766 mortis
1245 3725 1300 3767 sue
1325 3705 1506 3788 quomodo·

241 3831 381 3894 cumque
406 3811 545 3873 voluerit
570 3810 798 3894 disponendas,
823 3809 963 3892 ideoque
992 3830 1051 3872 nos
1075 3811 1251 3893 predictam
1277 3811 1411 3874 domum
1437 3832 1507 3874 mu·

241 3932 342 3980 ratam
375 3931 408 3980 et
438 3916 574 3980 fundum
600 3938 635 3980 ac
668 3916 816 3980 hedificia
848 3916 985 3978 duarum
1017 3917 1178 3978 curiarum
1209 3937 1282 3979 cum
1314 3919 1380 3979 suis
1412 3919 1506 4000 perti-

242 4026 365 4087 nenciis
389 4023 512 4108 prefate
537 4025 649 4088 Vrsule
675 4025 802 4087 mulieri
835 4025 966 4107 plenam
997 4024 1159 4086 vendendi
1184 4039 1215 4086 et
1246 4027 1404 4108 predictas
1429 4027 1507 4088 alias

242 4131 462 4213 possessiones
486 4131 592 4193 eidem
616 4131 731 4193 Vrsule
749 4131 877 4194 mulieri
895 4132 1024 4213 plenam
1054 4131 1239 4214 possidendi
1265 4147 1296 4194 et
1320 4133 1419 4194 modo
1437 4154 1506 4216 pre-

242 4239 341 4299 misso
366 4237 561 4320 disponendi
586 4237 789 4300 attribuimus
814 4235 1009 4302 facultatem.

349 4345 427 4407 ltem
453 4345 529 4426 quia
552 4345 744 4407 Ambrosius
768 4344 853 4407 lilius
877 4345 952 4406 Jure
985 4361 1126 4408 nostram
1163 4348 1296 4409 veniens
1321 4348 1353 4408 in
1378 4367 1506 4430 presen-

242 4451 324 4513 ciam
349 4450 445 4512 nobis
469 4469 508 4513 eo
533 4451 633 4513 modo
657 4451 837 4532 significare
870 4451 1003 4530 curavit,
1034 4465 1067 4514 ut
1100 4453 1240 4534 quedam
1265 4467 1348 4515 terra
1379 4453 1508 4515 arabilis

243 4558 276 4619 in
300 4577 415 4638 campo
439 4571 471 4620 et
493 4559 654 4620 territorio
679 4559 816 4621 civitatis
839 4558 981 4641 predicte
1006 4559 1089 4622 inter
1113 4559 1192 4622 duaa
1217 4562 1285 4622 vias
1309 4579 1507 4638 communes,

244 4683 344 4726 unam
368 4665 409 4725 ab
433 4663 601 4726 occidente
627 4679 657 4726 et
681 4665 777 4726 aliam
806 4685 823 4727 a
857 4665 1038 4728 meridione
1063 4666 1198 4744 habitas,
1232 4681 1262 4728 et
1286 4667 1368 4728 inter
1391 4680 1507 4728 terram

243 4771 419 4832 liberorum
437 4769 574 4832 condam
592 4770 747 4833 lobannis
764 4771 864 4854 Bolye
885 4773 925 4833 ab
950 4773 1072 4833 oriente
1090 4792 1125 4834 ac
1143 4773 1315 4854 quamdam
1341 4773 1507 4855 antiquam

243 4877 329 4938 viam
352 4891 418 4938 tam
443 4877 624 4940 currualem
649 4897 744 4959 quam
770 4879 950 4960 pedestrem
975 4899 992 4940 a
1017 4879 1256 4961 septemtrione,
1279 4879 1432 4958 habitam,
1449 4880 1507 4942 sita

246 4997 277 5046 et
302 4985 449 5063 existens,
474 4983 615 5046 condam
639 4985 735 5047 Blasii
768 4985 866 5067 patris
890 4985 1069 5068 Elyzabeth
1096 4985 1252 5066 mulieris,
1277 4987 1386 5048 matris
1410 4987 1509 5069 ipsius
