3818 5786
606 571 806 647 Ann01450.
831 603 872 611 —
897 583 944 628 11.
967 571 1141 643 septembris.
1487 593 1500 650 5

235 783 350 844 tatibus
373 796 405 844 et
441 781 649 864 pertinenciis
683 781 839 842 universis
874 779 998 863 prelato
1032 781 1207 843 Benedicto
1243 783 1339 862 judici
1375 799 1405 845 et
1442 785 1500 866 ipsi

236 874 410 972 Elyzabeth
444 888 574 950 mulieri
607 887 748 950 consorti
780 886 925 948 eiusdem
960 887 1125 948 Benedicti
1158 887 1272 969 judicis
1303 910 1339 950 ac
1367 909 1423 971 per
1447 909 1502 953 eos

235 995 376 1077 ipsorum
400 994 575 1057 heredibus
597 994 767 1056 statuimus
791 1007 822 1056 et
850 993 1112 1055 confirmavimus
1143 1009 1299 1078 perpetuo
1324 1011 1354 1058 et
1380 997 1499 1058 irrevo-

235 1101 376 1164 cabiliter
389 1101 617 1185 possidendam
628 1113 659 1164 et
671 1099 981 1182 quomodocumque
991 1101 1152 1162 voluerint
1165 1101 1400 1185 disponendam
1414 1103 1498 1184 juxta

234 1209 459 1271 condicionem
484 1209 621 1271 civitatis
645 1221 811 1290 prenotate
836 1209 1035 1290 abantiquo
1060 1211 1280 1292 approbatam.

337 1316 416 1378 ltem
433 1316 509 1397 quia
527 1315 665 1378 Michael
681 1329 770 1377 sutor
793 1314 878 1377 filius
903 1315 1005 1394 Pauli,
1029 1315 1170 1377 concivis
1194 1331 1312 1396 noster,
1330 1317 1494 1399 quandam

235 1423 404 1484 mulierem
426 1421 662 1504 Margaretham
695 1435 853 1500 vocatam,
885 1419 983 1482 filiam
1009 1421 1146 1483 condam
1172 1420 1320 1504 Gregorii
1354 1424 1499 1486 Krussle-

233 1528 324 1612 wych
343 1529 382 1590 de
401 1527 618 1607 Morawchan,
643 1528 892 1610 procuratricem
910 1547 1088 1610 pauperum
1106 1525 1373 1610 hospitalensium
1391 1529 1498 1614 hospi-

234 1637 306 1698 talis
331 1637 431 1698 nostri
456 1635 637 1698 communis
661 1635 753 1696 beate
778 1634 878 1696 Marie
896 1633 1028 1714 virginis
1053 1633 1083 1694 in
1107 1633 1191 1696 dicta
1209 1634 1336 1697 civitate
1361 1633 1496 1715 fundati,

235 1741 408 1804 furibunde
445 1757 475 1804 et
506 1741 671 1803 maliciose
704 1741 872 1824 dyabolica
904 1740 1109 1821 suggestione
1140 1739 1325 1822 instigatus,
1357 1742 1389 1803 in
1413 1743 1498 1804 dicta

234 1847 361 1911 civitate
384 1867 486 1931 prope
511 1847 615 1931 ipsum
634 1846 792 1931 hospitale
824 1866 996 1908 commune
1028 1843 1221 1908 interfecisse
1246 1847 1431 1930 perhibetur
1459 1870 1496 1910 ex

232 1975 249 2016 a
266 1969 365 2034 certo,
381 1969 477 2036 prout
494 1954 666 2038 superinde
683 1973 771 2015 mera
789 1953 947 2014 certitudo
965 1967 1012 2013 est
1028 1951 1196 2015 manifeste
1218 1953 1357 2032 inventa,
1374 1969 1404 2016 et
1421 1955 1495 2036 quia

230 2061 297 2144 ipse
331 2060 470 2123 Michael
501 2074 590 2122 sutor
621 2059 661 2122 de
692 2059 818 2120 civitate
851 2058 992 2141 predicta
1017 2072 1049 2120 et
1080 2057 1149 2119 eius
1179 2059 1340 2120 territorio
1372 2059 1496 2142 aufugit

231 2167 428 2230 clandestine
453 2167 484 2228 in
508 2186 563 2228 sue
588 2166 817 2249 culpabilitatis
833 2165 989 2227 indicium
1014 2162 1231 2244 manifestum,
1255 2164 1407 2248 idemque
1434 2168 1492 2228 Mi·

230 2273 318 2335 chael
343 2287 433 2334 autor
457 2273 497 2334 ad
521 2273 639 2334 trinam
671 2271 832 2334 forensem
857 2285 887 2333 et
917 2271 1079 2354 publicam
1111 2271 1404 2353 proclamacionem
1437 2293 1494 2335 no-

227 2394 322 2442 stram
348 2399 555 2443 communem
580 2399 637 2462 per
661 2398 814 2463 precones
839 2392 964 2440 nostros
988 2396 1177 2440 communes
1202 2397 1239 2440 ex
1264 2377 1491 2441 commissione

228 2500 334 2549 nostra
359 2486 524 2548 communi
549 2483 676 2564 laetam,
700 2484 740 2546 ad
765 2484 906 2546 dandam
933 2497 964 2546 et
994 2484 1221 2564 assignandam
1253 2485 1416 2547 racionem
1450 2485 1492 2548 de

227 2595 383 2676 premisso
405 2613 465 2654 suo
489 2592 677 2671 homicidio,
702 2592 740 2652 ad
768 2591 938 2652 instantem
956 2589 1150 2672 peticionem
1175 2591 1491 2671 consanguineorum

227 2700 326 2782 ipsius
350 2699 495 2760 mulieris
519 2697 695 2776 interfecte,
719 2711 860 2760 nostram
887 2697 918 2758 in
937 2696 1135 2778 presenciam
1160 2695 1192 2758 in
1216 2696 1326 2759 sedem
1351 2711 1492 2760 nostram
1531 2762 1535 2774 ,

226 2805 427 2888 judiciariam
459 2824 524 2866 non
556 2806 645 2866 venit
668 2825 726 2866 nec
758 2804 900 2886 aliquem
933 2822 990 2886 pro
1023 2822 1055 2864 se
1088 2803 1184 2882 misit,
1217 2823 1275 2864 nec
1300 2804 1409 2865 venire
1433 2823 1492 2867 nec

230 2912 329 2974 eciam
355 2931 414 2994 pro
438 2931 471 2972 se
496 2895 621 2973 mittere
644 2911 776 2988 curavit,
809 2909 948 2991 ideoque
973 2929 1023 2971 res
1046 2923 1077 2970 et
1104 2910 1321 2991 possessiones
1345 2911 1491 2974 universe

227 3039 262 3080 ac
293 3019 380 3080 bona
414 3017 524 3079 omnia
556 3018 656 3099 ipsius
688 3017 855 3079 Michaelis
887 3016 1004 3078 sutoris
1037 3016 1068 3077 in
1094 3016 1177 3078 dicta
1209 3017 1336 3079 civitate
1368 3019 1491 3081 eteius

226 3125 385 3187 territorio
403 3125 510 3186 habite
524 3139 554 3186 et
572 3125 751 3202 existentes,
769 3123 884 3205 quovis
902 3123 1042 3184 nominis
1058 3102 1218 3185 vocabulo
1243 3139 1365 3203 vocate,
1385 3125 1490 3207 ipsum

227 3229 418 3294 Michaelem
443 3244 585 3293 sutorem
609 3229 744 3312 juridice
769 3243 800 3292 et
824 3227 999 3292 literatorie
1017 3243 1246 3292 concernentes
1270 3245 1300 3291 et
1324 3244 1490 3311 tangentes

224 3357 319 3421 super
342 3357 402 3400 nos
425 3357 483 3399 seu
506 3337 773 3399 communitatem
806 3351 948 3398 nostram
973 3349 1004 3396 et
1027 3355 1122 3418 super
1156 3336 1406 3419 disposicionem
1432 3357 1489 3400 no·

224 3459 320 3506 stram
346 3463 554 3506 communem
579 3443 731 3505 devoluta
756 3455 787 3504 et
814 3442 941 3505 redacte
965 3457 1039 3505 sunt
1071 3441 1110 3504 de
1134 3441 1202 3525 jure
1227 3441 1313 3524 juxta
1338 3458 1487 3506 contenta

224 3549 385 3633 privilegii
411 3550 508 3613 nostri
534 3550 726 3644 communis.

328 3658 407 3720 ltem
431 3657 507 3739 quia
532 3658 642 3720 Petrus
665 3657 813 3740 saglppar
836 3657 1054 3740 juramentum
1088 3655 1148 3717 sibi
1173 3669 1262 3718 sexto
1286 3675 1318 3716 se
1344 3658 1488 3738 personis

224 3779 334 3827 contra
360 3765 539 3826 Jankonem
564 3763 702 3846 juratum
729 3777 759 3826 et
789 3783 922 3827 uxorem
948 3765 1017 3826 eius
1048 3763 1233 3846 nuperrime
1257 3761 1487 3844 adjudicatum,

223 3871 340 3932 eodem
365 3870 464 3932 modo
489 3883 521 3932 et
552 3870 667 3932 eodem
700 3871 752 3932 die
785 3869 916 3952 quando
941 3871 1104 3952 deponere
1136 3867 1258 3946 debuit,
1291 3868 1426 3950 prestitit
1458 3884 1488 3932 et

223 3979 374 4060 deposuit
397 3997 492 4060 super
515 3997 567 4056 eo,
590 3991 625 4040 ut
648 3997 707 4040 nec
729 3977 795 4060 ipse
821 3997 878 4039 nec
896 3975 1016 4038 familia
1043 3976 1143 4057 ipsius
1167 3975 1251 4036 Petri
1275 3975 1429 4057 sagiparis
1454 3976 1485 4036 in

224 4087 319 4147 rebus
344 4097 375 4146 et
399 4083 495 4146 bonis
518 4084 617 4166 ipsius
634 4084 788 4146 Jankonis
813 4083 905 4166 jurati
922 4082 1056 4165 aliquod
1073 4083 1250 4162 dampnum
1269 4081 1393 4157 intulit;
1413 4081 1486 4143 ideo

223 4191 326 4274 ipsum
353 4189 483 4251 Petrum
516 4189 696 4272 sagiparem
729 4189 857 4252 racione
885 4189 985 4272 ipsius
1017 4188 1237 4270 juramentalis
1269 4187 1486 4270 deposicionis

222 4295 424 4359 reddidimus
447 4294 516 4358 fore
540 4297 725 4378 expeditum
751 4310 781 4358 et
805 4296 1000 4360 absolutum.

326 4403 405 4465 ltetn
432 4403 561 4486 Endrey
589 4415 690 4465 sartor
723 4402 899 4464 Zernchich
930 4417 1040 4465 contra
1066 4401 1207 4462 lwanum
1240 4400 1279 4460 dc
1304 4400 1374 4461 vico
1400 4401 1485 4462 Lati·

221 4529 335 4572 norum
362 4509 468 4592 primo
492 4507 605 4571 citatus
629 4529 694 4571 non
723 4509 913 4591 comparuit.

325 4617 404 4678 ltern
430 4631 540 4678 contra
573 4635 705 4678 uxorem
739 4615 869 4699 Endrey
901 4617 1017 4678 sutoris
1051 4615 1197 4697 Mathyas
1228 4613 1348 4696 juratus
1380 4613 1484 4696 primo

220 4723 332 4786 citatus
357 4743 424 4785 non
449 4724 638 4805 comparuit.

324 4830 405 4891 ltem
430 4833 538 4910 Agnes
562 4829 670 4892 relicta
697 4829 850 4890 Demetrii
868 4830 1085 4912 Ztepltowych
1103 4830 1204 4911 jurare
1229 4829 1390 4889 tenebitur
1415 4828 1483 4888 sola

220 4957 274 4998 sua
297 4937 330 4998 in
357 4955 495 5020 persona
513 4951 621 4998 contra
639 4937 823 5020 Philippum
854 4935 1063 5015 aurifabrum,
1081 4936 1231 5017 juratum,
1256 4955 1350 5016 super
1376 4955 1425 5012 e0,
1449 4947 1483 4995 ut

220 5044 283 5126 ipsa
309 5063 374 5105 oon
400 5041 481 5104 dixit
505 5042 564 5126 ipsi
591 5043 741 5125 Philippo
762 5040 924 5105 aurifabro
941 5043 1065 5105 literam
1091 5043 1195 5106 ludeo
1213 5041 1307 5104 alicui
1335 5041 1482 5124 inpigno-
