3838 5786
416 548 481 607 4¹4
786 533 872 588 Anno
896 543 987 607 1472.
1011 564 1055 574 -
1081 529 1112 589 ό.
1136 531 1304 589 novembris.

415 739 502 820 quod
528 741 641 802 eadem
666 741 773 802 tunica
798 760 863 802 non
892 753 938 802 est
969 742 1127 803 subtracta
1160 743 1302 804 exrcitu
1334 744 1490 824 eiusdem,
1516 764 1573 806 nec
1597 745 1678 806 vidit

416 866 591 928 perquem
618 846 729 909 fuisset
753 849 922 910 subtracta.

521 953 599 1014 Item
624 973 752 1015 causam
787 952 966 1016 Clementis
999 954 1191 1040 Symwnych
1224 971 1255 1016 et
1280 956 1399 1018 Mathie
1423 957 1532 1037 generi
1558 958 1680 1042 Symw-

415 1059 496 1142 nych
523 1061 650 1139 racione
675 1060 873 1143 expeditorie
897 1061 987 1123 litere
1012 1081 1070 1144 pro
1088 1064 1182 1124 rebus
1203 1077 1234 1124 et
1258 1064 1352 1125 bouis
1374 1064 1435 1125 sibi
1459 1077 1491 1126 et
1507 1064 1679 1128 heredibus

415 1167 480 1227 suis
504 1187 559 1248 per
583 1167 720 1228 condam
740 1167 902 1229 Andream
925 1168 1118 1252 Symwnych
1135 1169 1248 1251 legatis
1272 1183 1303 1232 et
1319 1190 1375 1252 per
1400 1171 1505 1252 ipsum
1524 1171 1677 1234 Mathiarn

415 1273 519 1334 eidem
546 1273 708 1336 Clementi
734 1274 858 1352 solutis,
883 1275 948 1356 ipse
971 1273 1124 1337 Clemens
1142 1275 1237 1337 debet
1261 1291 1429 1358 protegere
1446 1278 1586 1340 eundem
1611 1280 1679 1340 Ma·

415 1379 515 1442 thiam
541 1394 571 1442 et
595 1380 760 1442 dominam
795 1394 976 1442 consortem
1008 1382 1153 1444 eiusdem
1180 1397 1210 1444 et
1242 1383 1385 1464 ipsorum
1410 1383 1545 1447 heredes
1568 1405 1606 1446 ex
1630 1405 1681 1464 eo,

415 1487 490 1568 quia
516 1488 582 1570 ipse
606 1507 665 1548 suo
690 1501 720 1548 et
751 1487 905 1550 heredum
934 1507 1066 1550 suorum
1099 1489 1240 1570 percepit
1265 1490 1332 1571 ipsa
1365 1491 1448 1552 bona
1473 1505 1504 1552 et
1528 1493 1681 1572 pecunias

415 1593 491 1675 ipsis
515 1593 636 1674 legatas
667 1595 943 1673 testamentaliter,
976 1609 1007 1656 et
1040 1595 1190 1676 quitquid
1224 1595 1290 1676 ipse
1324 1595 1460 1657 Mathias
1485 1597 1601 1659 exinde
1625 1618 1683 1680 per

415 1699 548 1761 heredes
581 1700 681 1782 ipsius
713 1700 891 1761 Clementis
923 1699 1054 1782 dampni
1087 1701 1240 1782 pacietur,
1272 1701 1339 1782 ipse
1372 1701 1525 1763 Clemens
1557 1703 1681 1764 solvere

413 1807 593 1882 tenebitur3
618 1807 685 1888 ipse
710 1806 863 1869 Clemens
887 1825 952 1868 non
981 1820 1151 1868 contentus
1183 1807 1319 1869 eandem
1352 1827 1480 1870 causam
1506 1810 1681 1892 appellavit

415 1915 446 1974 in
472 1914 670 1996 presenciam
694 1913 858 1975 seniorum
884 1911 1039 1994 judicum.

521 2019 599 2082 ltem
624 2040 751 2082 causam
777 2021 859 2082 inter
884 2020 1019 2081 Paulum
1037 2033 1190 2081 sartorem
1217 2033 1248 2081 et
1270 2019 1433 2082 Thomam
1460 2019 1606 2099 Cheden,
1630 2020 1677 2102 ju·

415 2142 499 2188 ratos
523 2127 652 2188 racione
676 2126 875 2188 fideiussoris
912 2127 1075 2188 caucionis
1099 2145 1158 2208 pro
1182 2146 1281 2208 puero
1305 2147 1362 2188 seu
1388 2125 1511 2188 lamulo
1535 2148 1604 2206 suo,
1621 2129 1677 2209 qui

413 2235 492 2297 alias
516 2235 659 2296 eiusdem
686 2233 819 2295 Cheden
844 2253 954 2295 servus
971 2231 1074 2295 luerat
1098 2246 1128 2295 et
1150 2217 1254 2294 eidem
1274 2233 1403 2296 Thome
1429 2247 1512 2295 certa
1538 2233 1678 2315 dampna

414 2341 575 2419 intulerat,
600 2360 658 2422 pro
682 2359 747 2420 quo
771 2338 855 2402 lacto
881 2340 948 2421 ipsa
977 2359 1071 2400 causa
1105 2339 1257 2400 ventilata
1282 2337 1341 2400 suit
1365 2359 1473 2402 coram
1500 2341 1608 2402 Marco
1633 2341 1680 2420 ju-

414 2463 494 2526 rato,
518 2448 562 2508 sic
588 2449 789 2525 invenerunt,
814 2446 902 2528 quod
928 2447 994 2528 ipse
1014 2446 1131 2506 Paulus
1154 2459 1256 2506 sartor
1274 2445 1377 2526 jurare
1402 2447 1563 2507 tenebitur
1579 2449 1680 2507 solus·

414 2568 479 2615 met
505 2554 535 2614 in
561 2573 613 2614 ara
638 2567 745 2613 sancte
770 2551 883 2614 Crucis
907 2552 1088 2634 supradicta
1111 2549 1188 2614 ierid
1205 2565 1303 2628 sexta,
1328 2551 1416 2633 quod
1442 2553 1508 2634 ipse
1534 2551 1681 2614 nonfuit

414 2660 582 2722 fideiussor
606 2659 711 2720 eidem
737 2658 871 2720 Cheden
897 2677 954 2741 pro
980 2657 1129 2740 dampnis
1153 2678 1216 2740 que
1241 2659 1349 2719 intulit
1373 2658 1440 2740 ipse
1465 2657 1600 2738 juvenis,
1624 2659 1680 2720 sed

413 2767 517 2829 solum
543 2787 601 2849 pro
626 2785 762 2848 persona
788 2767 886 2848 ipsius
910 2765 1035 2846 juvenis
1060 2785 1161 2848 usque
1186 2766 1381 2826 decisionem
1408 2766 1507 2848 ipsius
1531 2786 1635 2829 cause.

521 2875 598 2936 ltem
624 2873 699 2955 quia
734 2872 897 2934 lohannes
931 2871 1153 2954 Soldynarych
1179 2872 1292 2933 citatus
1323 2885 1431 2932 contra
1466 2871 1585 2951 iuratos
1610 2891 1678 2933 mo-

414 2982 530 3042 dernos
555 2981 638 3042 dicte
672 2980 809 3042 civitatis
841 2979 926 3061 juxta
961 2979 1222 3040 commissionem
1255 2979 1377 3059 judicii,
1410 2998 1474 3040 non
1501 2979 1682 3061 comparuit

414 3089 445 3149 in
470 3087 601 3168 judicie.

520 3193 596 3252 ltem
622 3191 697 3273 quia
723 3192 886 3272 Pongracz
903 3205 1004 3253 sartor
1028 3205 1137 3253 contra
1156 3210 1288 3252 uxorem
1316 3190 1401 3253 Galli
1428 3189 1609 3274 Kodelych,
1627 3191 1679 3251 cui

413 3299 619 3361 commissum
645 3297 704 3358 fuit
727 3317 911 3380 comparere
934 3299 966 3360 in
992 3299 1095 3380 primo
1120 3297 1240 3378 judicio
1266 3317 1330 3358 non
1363 3297 1552 3378 comparuit.

519 3407 596 3468 ltem
622 3425 749 3466 causam
774 3405 856 3467 inter
881 3405 1072 3466 Michaelem
1103 3405 1214 3466 Baccis
1238 3418 1268 3465 et
1294 3403 1493 3466 Anthonium
1520 3403 1677 3486 Chaykyn

413 3513 519 3576 taliter
543 3525 719 3572 vertentem
754 3511 785 3572 in
810 3531 860 3588 eo,
892 3512 967 3593 quia
993 3512 1058 3593 ipse
1090 3511 1274 3572 Anthonius
1306 3509 1462 3572 famulum
1490 3509 1599 3572 Baccis
1622 3529 1679 3592 per

413 3620 515 3680 crines
539 3617 644 3695 traxit,
676 3617 761 3678 idem
795 3617 932 3679 Michael
966 3617 1076 3679 Baccis
1104 3618 1134 3678 in
1170 3617 1291 3699 judicio
1323 3617 1525 3698 proponebat
1548 3629 1579 3678 et
1602 3635 1677 3678 con·

413 3738 544 3807 questus
569 3737 626 3802 est,
651 3724 818 3804 quomodo
843 3725 909 3806 ipse
933 3723 1117 3786 Anthonius
1141 3743 1197 3806 per
1221 3725 1287 3785 vim
1305 3737 1334 3784 et
1359 3723 1554 3804 potenciarie
1579 3723 1678 3784 boves

414 3833 512 3914 ipsius
536 3830 701 3892 Michaelis
726 3831 836 3892 Baccis
860 3852 876 3892 a
902 3828 1025 3892 famulo
1049 3850 1108 3891 suo
1125 3829 1307 3912 recepisset,
1331 3828 1386 3890 sed
1412 3829 1487 3910 quia
1513 3829 1622 3890 Baccis
1646 3843 1678 3889 et

413 3937 596 3999 Anthonius
621 3937 751 3998 insimul
776 3937 897 3998 arando
923 3956 1006 3997 unus
1030 3937 1094 3997 alio
1120 3937 1219 3998 boves
1236 3935 1393 3997 concessit
1417 3949 1448 3997 et
1472 3935 1677 4016 complacuit,

413 4065 489 4126 ergo
514 4063 578 4105 non
604 4042 664 4104 luit
688 4045 836 4126 potencia
869 4044 957 4124 quod
991 4045 1057 4124 ipse
1084 4042 1221 4104 Michael
1247 4041 1357 4103 Baccis
1381 4039 1503 4103 famulo
1527 4060 1586 4102 suo
1611 4061 1675 4103 non

413 4151 515 4212 voluit
539 4150 613 4212 dare
639 4150 726 4232 quod
752 4151 850 4211 boves
883 4149 1034 4212 defendet
1061 4150 1091 4210 iu
1118 4149 1227 4210 labore
1259 4148 1349 4230 apud
1376 4169 1408 4208 se
1434 4161 1677 4222 conservantes;

414 4277 471 4339 pro
496 4277 535 4318 eo
560 4271 666 4318 autem
691 4257 779 4338 quod
804 4255 944 4339 prefatus
968 4256 1152 4318 Anthonius
1169 4253 1324 4317 famulum
1351 4253 1485 4337 predicti
1511 4252 1677 4314 Michaelis

414 4365 524 4424 Baccis
549 4385 604 4445 per
628 4365 731 4425 crines
754 4364 858 4442 traxit,
884 4363 977 4444 jurati
1011 4364 1055 4423 sic
1080 4362 1357 4442 adjudicaverunt,
1381 4361 1469 4443 quod
1495 4359 1677 4422 Anthonius

413 4471 578 4532 convictus
602 4485 648 4531 est
681 4469 804 4531 famulo
829 4470 859 4530 in
893 4470 1037 4551 quinque
1070 4470 1176 4552 pensis
1201 4468 1408 4530 denariorum
1441 4479 1472 4528 et
1502 4465 1613 4546 juratis
1644 4468 1675 4526 in

413 4591 541 4638 centum
566 4576 724 4652 denariis;
750 4576 901 4657 magister
926 4576 1063 4637 Michael
1095 4590 1201 4637 autem
1228 4575 1337 4636 Baccis
1361 4593 1419 4655 pro
1445 4573 1676 4653 conquestione

414 4683 571 4766 potencie,
588 4681 697 4762 juratis
722 4683 852 4744 debebit
871 4681 1050 4743 satisfacere
1069 4702 1118 4760 eo,
1143 4681 1232 4762 quod
1250 4679 1391 4741 famulus
1415 4679 1559 4740 eiusdem
1579 4681 1677 4740 boves

413 4789 572 4869 predictos
603 4789 824 4870 potencialiter
855 4790 1042 4869 recepisset;
1076 4789 1115 4848 de
1149 4807 1214 4869 quo
1247 4787 1368 4867 judicio
1409 4785 1586 4867 juratorum
1618 4804 1676 4867 pro

414 4896 559 4974 potencia
585 4895 726 4974 ipsorum
752 4896 871 4956 bovum
907 4895 973 4974 ipse
1000 4895 1136 4957 Michael
1162 4895 1272 4956 Baccis
1297 4913 1361 4955 non
1387 4907 1567 4970 contentus,
1600 4911 1674 4953 ean·

413 5001 486 5060 dem
512 5020 638 5061 causam
664 5001 837 5081 appellavit
862 5001 892 5061 in
919 5002 1116 5082 presenciam
1142 5002 1305 5062 seniorum
1330 5000 1485 5081 judicum.
