3738 5786
578 607 776 684 Ann01455.
800 641 843 651 -
866 622 895 668 2.
919 607 1093 683 septembris.
1432 628 1472 692 97

203 837 294 880 suam
327 831 541 901 spontaneam
574 819 606 880 in
639 819 707 902 ipsa
732 819 823 882 litera
856 819 1055 902 expeditoria
1087 833 1271 884 contentam
1305 835 1336 884 et
1359 837 1470 884 contra

201 925 339 988 eandem
364 925 491 988 literam
515 924 748 1008 expeditoriam
773 925 813 986 ad
843 925 979 988 eandem
1011 924 1183 989 sessionem
1207 946 1298 989 suam
1323 941 1469 1010 tempore

202 1029 315 1113 prefati
353 1031 514 1114 judicatus
550 1031 650 1114 ipsius
680 1031 845 1094 Valentini
878 1029 994 1112 judicis
1025 1047 1206 1094 emanatam
1240 1032 1326 1095 idem
1360 1034 1472 1096 Petrus

203 1137 366 1222 Gundych
390 1138 500 1200 audita
532 1138 740 1220 esposicione
773 1138 872 1220 ipsius
900 1139 992 1200 litere
1026 1139 1223 1222 expeditorie
1247 1140 1471 1223 calumpniose

202 1245 338 1307 omnino
362 1246 517 1328 processit
541 1246 573 1306 in
598 1245 666 1327 ipsa
690 1244 746 1307 lite
770 1264 828 1306 sua
853 1259 962 1308 contra
987 1243 1147 1328 prefatum
1172 1247 1301 1308 Petrum
1325 1261 1467 1310 sutorem

201 1352 370 1412 concivem
395 1365 539 1413 nostrum
565 1365 596 1412 et
626 1363 736 1412 contra
769 1351 873 1433 ipsum
899 1351 1108 1414 Valentinum
1141 1351 1281 1434 judicem
1306 1367 1337 1416 et
1368 1367 1467 1416 totam

202 1459 472 1520 communitatem
491 1477 563 1520 cum
579 1457 710 1540 prefatis
726 1457 826 1520 literis
843 1458 1011 1520 inutilibus
1024 1472 1055 1520 et
1071 1459 1314 1542 supersticiosis,
1331 1459 1470 1542 ideoque

200 1563 294 1644 jurati
320 1565 420 1627 nostri
446 1565 595 1627 moderni
621 1564 809 1627 auctoritate
834 1563 1001 1646 judiciaria
1026 1565 1102 1647 ipsis
1126 1566 1158 1628 in
1184 1566 1242 1628 hac
1266 1579 1356 1649 parte
1380 1567 1468 1629 attri-

201 1672 276 1733 buta
302 1685 334 1733 et
358 1691 509 1734 concessa
533 1671 697 1733 mediante
721 1669 880 1753 prefatum
899 1671 1029 1733 Petrum
1055 1669 1217 1755 Gundych
1243 1673 1274 1734 in
1300 1671 1468 1734 manifesta

200 1779 282 1839 trina
306 1778 493 1860 calumpnia
525 1777 792 1860 adjudicaverunt
825 1775 893 1838 fore
917 1777 1103 1839 convictum
1135 1791 1166 1838 et
1189 1791 1387 1858 agravatum,
1412 1798 1469 1860 pro

200 1903 263 1966 qua
288 1884 423 1966 quidem
448 1883 617 1947 manifesta
642 1883 829 1946 huiusmodi
863 1884 1047 1966 calumpnia
1074 1883 1174 1966 ipsius
1198 1885 1281 1946 Petri
1308 1883 1468 1968 Gundych

200 2009 255 2072 per
279 1991 386 2073 ipsum
412 1990 563 2052 indurato
596 2009 655 2053 suo
685 1991 782 2052 corde
817 1991 960 2053 studiose
985 2004 1016 2052 et
1046 1991 1212 2053 temerarie
1238 1992 1406 2054 commissa
1438 2006 1469 2054 et

199 2111 393 2179 perpetrata,
419 2097 559 2160 eundem
595 2097 723 2159 Petrum
749 2095 910 2180 Gundych
944 2097 1030 2178 juxta
1055 2117 1112 2159 sua
1145 2097 1301 2160 demerita
1326 2099 1468 2182 calump-

198 2204 288 2264 niosa
305 2203 422 2286 prefati
448 2203 541 2286 jurati
560 2205 661 2266 nostri
685 2203 833 2266 moderni
858 2204 888 2265 in
907 2223 1066 2266 carcerem
1093 2217 1236 2267 nostrum
1261 2225 1467 2268 communem

197 2329 253 2391 per
277 2329 438 2394 precones
462 2326 588 2374 nostros
612 2329 802 2372 communes
827 2311 982 2393 inponere
1000 2325 1030 2374 et
1055 2311 1176 2372 ibidem
1201 2311 1324 2374 tamdiu
1349 2313 1380 2374 in
1398 2312 1467 2374 vin·

197 2416 278 2478 culis
303 2437 495 2479 conservare
529 2417 739 2480 decreverunt
771 2416 875 2478 donec
907 2417 993 2478 idem
1019 2417 1131 2479 Petrus
1164 2416 1325 2500 Gundych
1350 2431 1384 2479 ut
1416 2438 1466 2480 ca-

197 2523 400 2605 lumpniator
424 2522 613 2586 manifestus
633 2543 692 2606 pro
716 2523 792 2606 ipsis
816 2523 881 2584 suis
905 2523 1070 2586 demeritis
1087 2523 1317 2605 calumpniosis
1340 2523 1372 2586 in
1397 2545 1452 2586 cor

197 2648 274 2710 pore
298 2649 361 2692 suo
384 2631 537 2712 punietur
559 2629 646 2712 juxta
672 2628 777 2710 legem
803 2643 834 2691 et
858 2627 1016 2710 justiciam
1045 2642 1186 2690 nostram
1211 2629 1465 2712 privilegiatam

197 2735 344 2798 Fabiano
378 2749 487 2798 autem
511 2735 579 2798 filio
595 2735 759 2798 Valentini
788 2735 864 2797 dicti
895 2734 1042 2796 similiter
1075 2733 1236 2818 Gundych
1261 2735 1328 2799 filio
1353 2751 1464 2820 utputa

196 2840 302 2906 fratris
326 2843 428 2926 ipsius
445 2842 529 2906 Petri
548 2841 723 2926 Gundych,
748 2842 804 2924 qui
825 2861 898 2904 cum
924 2841 1040 2903 eodem
1059 2842 1153 2904 Petro
1171 2840 1332 2926 Gundych
1351 2856 1465 2926 patruo

196 2967 254 3009 suo
279 2967 318 3010 ex
343 2948 556 3031 instigatione
581 2948 680 3032 ipsius
704 2945 745 3010 ad
769 2946 960 3028 litigandum
991 2967 1076 3010 nunc
1101 2967 1174 3010 cum
1199 2948 1269 3031 ipso
1295 2949 1389 3012 Petro
1413 2969 1464 3012 su·

195 3069 264 3116 tore
282 3055 419 3118 concive
443 3071 553 3118 nostro
571 3055 673 3118 nostri
690 3055 722 3116 in
740 3054 940 3137 presenciam
958 3067 1089 3116 venerat
1106 3069 1137 3116 et
1153 3055 1328 3137 predictam
1346 3076 1462 3138 equam

196 3181 294 3243 quam
327 3160 470 3240 prefatus
502 3163 613 3224 Petrus
647 3159 809 3243 Gundych
841 3174 974 3242 patruus
1005 3181 1081 3222 suus
1112 3181 1203 3224 suam
1236 3160 1304 3224 iore
1337 3183 1464 3246 semper

196 3269 331 3330 asseruit
355 3281 387 3330 et
411 3289 468 3351 per
499 3267 733 3350 litigionarium
766 3286 951 3349 processum
984 3287 1040 3350 per
1072 3269 1372 3350 contumaciamque
1396 3289 1462 3330 non

196 3375 376 3438 solucionis
402 3375 567 3437 deciorum
593 3374 743 3458 perdidit,
775 3393 866 3436 suam
891 3373 959 3436 fore
991 3373 1237 3456 quodammodo
1269 3375 1408 3436 totaliter
1433 3389 1464 3437 et

196 3481 448 3561 quodammodo
466 3479 672 3543 medietatem
687 3479 786 3562 ipsius
804 3499 885 3562 eque
906 3499 994 3542 suam
1010 3501 1077 3542 esse
1094 3481 1262 3560 asserebat,
1276 3501 1334 3563 pro
1351 3481 1463 3543 eadem

195 3605 281 3667 equa
306 3584 421 3668 prefati
447 3585 540 3668 jurati
558 3587 657 3648 nostri
683 3586 831 3648 moderni
856 3586 901 3647 sic
918 3585 1194 3669 adjudicaverunt,
1219 3599 1253 3649 ut
1269 3588 1294 3648 si
1320 3587 1386 3669 ipse
1405 3587 1463 3648 Fa-

196 3691 313 3753 bianus
337 3692 369 3753 id
396 3693 428 3753 in
454 3693 618 3774 presencia
643 3711 775 3754 suorum
795 3692 939 3774 judicum
963 3712 1019 3754 seu
1043 3692 1289 3774 justiciariorum
1316 3712 1463 3776 compro·

195 3798 273 3859 bare
297 3799 416 3880 poterit
440 3799 527 3880 quod
553 3799 695 3881 predicta
720 3817 803 3880 equa
837 3799 869 3860 in
894 3813 961 3861 tota
985 3799 1036 3860 vel
1062 3799 1094 3860 in
1120 3799 1226 3860 media
1251 3813 1339 3881 parte
1364 3799 1464 3882 ipsius

194 3902 305 3982 fuerit,
327 3917 404 3966 tunc
430 3905 496 3986 ipse
521 3905 684 3966 Fabianus
714 3904 838 3988 justicia
872 3905 1034 3967 mediante
1066 3905 1162 3968 debet
1186 3905 1320 3968 eandem
1346 3925 1463 3988 equam

194 4012 228 4072 iu
254 4025 324 4073 toto
348 4012 400 4073 vel
425 4011 531 4073 media
555 4025 644 4094 parte
669 4012 739 4074 eius
762 4031 897 4094 querere
923 4025 954 4073 et
978 4013 1129 4094 prosequi
1154 4033 1250 4096 super
1274 4013 1344 4095 ipso
1370 4013 1463 4074 Petro

194 4116 361 4201 Gundych
385 4131 501 4200 patruo
525 4137 584 4180 suo
609 4118 665 4200 qui
690 4137 761 4180 eam
786 4117 928 4200 perdidit
952 4131 982 4179 et
1006 4119 1121 4182 amisit.

277 4335 374 4410 Feria
403 4341 513 4410 tercia
541 4343 697 4428 proxima
724 4349 802 4430 post
828 4340 952 4412 festum
986 4339 1076 4411 beati
1105 4337 1210 4428 Egidii
1241 4339 1388 4412 abbatis.

703 4489 748 4572 (2.
772 4491 959 4572 septembres).

306 4629 382 4693 Item
408 4632 486 4713 quia
511 4631 702 4694 Valentinus
726 4631 811 4694 filius
835 4632 991 4694 Anthonii
1021 4632 1060 4693 de
1085 4631 1230 4693 Dombro
1255 4633 1376 4713 absque
1399 4647 1464 4694 tor-

192 4750 323 4814 mento,
346 4739 435 4819 quod
460 4739 527 4819 ipse
552 4737 584 4799 in
611 4738 800 4821 Kaproncza
826 4739 968 4820 quodam
985 4751 1131 4820 tempore
1157 4751 1295 4819 quatuor
1320 4758 1418 4819 equas
1435 4752 1465 4799 et

193 4844 342 4927 quodam
361 4859 509 4925 tempore
525 4864 654 4906 crocum
674 4845 704 4906 in
724 4844 889 4927 Thoplika
914 4859 944 4906 et
961 4845 1081 4907 ibidem
1107 4864 1209 4906 unum
1227 4846 1464 4926 manutergium

194 4968 226 5014 et
251 4952 308 5012 bic
331 4952 363 5012 in
387 4951 516 5013 civitate
541 4951 825 5033 Montisgrecensis
857 4952 998 5034 predicta
1032 4952 1063 5013 in
1089 4951 1242 5012 nundinis
1268 4950 1337 5013 festi
1364 4951 1464 5012 sancti

194 5057 282 5140 regis
309 5056 461 5139 Stephani
487 5055 568 5119 duas
591 5057 718 5120 tunicas
742 5059 838 5140 panni
869 5057 1049 5118 Corintiani
1082 5057 1247 5134 subtraxit,
1272 5057 1346 5118 ideo
1372 5057 1465 5138 jurati

1359 5167 1376 5230 7
