3694 5782
654 506 741 564 Anno
764 503 855 584 1465.
882 541 921 550 -
946 519 995 568 21.
1012 508 1105 583 siculi.
1449 527 1509 589 ²73

242 716 413 778 denarium
437 717 656 780 viennensem
680 737 739 800 pro
764 718 831 800 ipsa
856 738 924 780 arra
949 719 1076 781 racione
1102 719 1186 782 dicte
1203 720 1320 782 domus
1345 720 1420 782 dare
1444 739 1510 782 non

244 825 470 902 commisisset,
495 825 551 886 sed
568 839 692 887 tanturn
711 825 785 887 illos
808 839 882 888 octo
899 825 968 889 flor.
994 846 1076 908 quos
1093 827 1159 909 ipse
1176 826 1368 889 Valentinus
1384 827 1511 890 villicus

243 930 418 992 Valentino
443 929 542 1011 judici
575 931 740 1015 Sarouycb
765 929 851 993 dicto
880 930 920 993 ad
952 933 1152 995 solucionem
1184 933 1267 994 dicte
1293 934 1409 995 domus
1434 933 1509 995 dare

245 1036 470 1098 commisisset.
1322 1023 1329 1032 ⁵

354 1143 430 1205 ltem
456 1144 532 1226 quia
557 1145 805 1207 Bartholomeus
829 1143 913 1206 iilius
938 1146 1053 1208 Marini
1075 1147 1153 1208 alias
1177 1146 1291 1228 judicis
1315 1161 1346 1210 et
1370 1146 1511 1208 concivis

243 1251 344 1310 nostri
383 1252 573 1333 promiserat
597 1265 723 1332 portare
748 1251 856 1313 literas
885 1253 1121 1334 procuratorias
1153 1273 1170 1314 a
1195 1250 1318 1335 prefato
1341 1267 1429 1335 patre
1453 1272 1511 1314 suo

243 1356 343 1418 bodie
368 1371 399 1418 et
423 1377 530 1418 coram
564 1358 658 1420 nobis
689 1358 866 1439 producere
898 1359 929 1419 in
962 1358 1093 1440 judicio,
1118 1358 1309 1440 quiquidem
1345 1359 1510 1420 Bartholo-

244 1482 339 1524 meus
362 1461 448 1524 filius
463 1464 606 1525 annotati
626 1463 741 1525 Marini
766 1465 844 1526 alias
868 1464 984 1545 judicis
1012 1479 1152 1526 nostram
1178 1465 1208 1526 in
1227 1465 1424 1546 presenciam
1443 1483 1507 1526 non

245 1570 337 1630 veuit
353 1569 408 1630 sed
422 1589 480 1632 nec
499 1571 582 1652 ipsas
594 1570 702 1632 literas
726 1571 960 1652 procuratorias
978 1591 994 1631 a
1012 1569 1135 1651 prelato
1152 1585 1240 1653 patre
1257 1591 1315 1632 suo
1334 1572 1364 1632 in
1390 1571 1510 1651 judicio

242 1696 354 1738 coram
380 1677 474 1738 nobis
497 1677 630 1738 minime
654 1677 832 1759 producere
856 1678 989 1755 curavit,
1018 1691 1113 1759 prout
1137 1679 1337 1759 promiserat,
1362 1678 1412 1738 cui
1438 1695 1509 1759 pro·

242 1783 322 1844 vida
348 1783 480 1845 domina
506 1783 679 1846 Katberina
705 1785 815 1846 relicta
839 1785 976 1846 condam
1006 1785 1104 1846 Blasii
1130 1785 1283 1846 institoris
1306 1783 1507 1866 Wgrinoych

244 1890 336 1966 dicti,
350 1889 491 1951 concivis
508 1904 626 1967 nostra,
640 1891 679 1952 ad
697 1889 821 1964 obiecta
839 1891 938 1973 ipsius
956 1891 1071 1952 Marini
1090 1889 1204 1970 judicis
1221 1891 1272 1952 vel
1289 1891 1432 1952 annotati
1450 1889 1506 1951 filii

241 1997 294 2057 sui
309 1995 504 2077 respondere
521 2016 627 2058 coram
638 1997 732 2058 nobis
748 1997 958 2078 personaliter
971 2011 1075 2060 astans
1089 2010 1237 2078 prompta
1251 2009 1332 2058 esset
1345 2011 1375 2057 et
1389 2010 1507 2078 parata.

352 2103 430 2164 ltem
455 2103 530 2184 quia
554 2105 655 2185 proba
679 2103 797 2165 mulier
819 2103 958 2165 Barbara
991 2104 1085 2182 dicta,
1110 2101 1174 2164 filia
1200 2102 1336 2164 condam
1363 2103 1507 2164 Barnabe

241 2209 497 2292 Chychkowych
523 2210 597 2272 dicti
623 2209 663 2271 de
688 2210 764 2271 villa
789 2191 953 2288 Cralevcz,
987 2229 1117 2271 consors
1141 2229 1217 2270 vero
1242 2208 1362 2270 Mathis
1387 2208 1510 2268 molen·

242 2316 402 2378 dinatoris
415 2315 472 2378 filii
491 2317 635 2394 Pauli,id
650 2337 722 2378 cum
739 2315 908 2378 sufficienti
919 2315 1155 2397 fidedignorum
1170 2316 1312 2376 virorum
1324 2315 1510 2376 testimonio

239 2442 353 2484 coram
379 2423 473 2484 nobis
496 2423 731 2505 comprobavit,
756 2423 844 2504 quod
870 2423 946 2484 dum
965 2424 1099 2503 provida
1123 2423 1240 2484 mulier
1258 2421 1434 2504 Elyzabeth
1451 2440 1506 2482 vo·

238 2543 325 2608 cata,
347 2549 438 2590 soror
463 2530 607 2592 eiusdem
634 2530 771 2592 Barbare
797 2529 827 2590 in
861 2530 1010 2590 extremis
1034 2530 1098 2590 vite
1129 2549 1184 2590 sue
1210 2527 1396 2610 temporalis
1421 2527 1509 2589 labo-

239 2649 353 2712 rasset,
377 2649 454 2698 tunc
479 2636 546 2717 ipsa
568 2636 732 2718 quandam
757 2636 885 2698 vineam
908 2655 996 2697 suarn
1025 2636 1056 2696 in
1081 2634 1242 2696 territorio
1267 2635 1350 2696 dicte
1375 2633 1510 2694 civitatis

240 2741 386 2802 habitam
413 2743 508 2804 Kwse
532 2741 596 2804 filie
620 2762 676 2804 sue
700 2743 805 2804 taliter
829 2743 1009 2824 legavisset,
1046 2741 1134 2822 quod
1159 2741 1226 2823 ipsa
1251 2741 1391 2802 Barbara
1416 2759 1507 2800 soror

240 2848 390 2910 eiusdem
416 2849 594 2932 Elyzabeth
620 2851 755 2913 eandem
783 2851 911 2911 ersam
944 2849 1030 2931 apud
1055 2869 1087 2910 se
1111 2861 1220 2910 tenere
1245 2861 1276 2910 et
1301 2847 1421 2908 nutrire
1445 2847 1509 2908 vita

238 2955 306 3016 sibi
331 2956 448 3017 comite
473 2956 604 3019 deberet
629 2971 659 3018 et
684 2957 804 3018 fructus
828 2955 972 3018 eiusdem
1004 2956 1097 3016 vinee
1130 2955 1294 3036 percipere
1319 2967 1349 3014 et
1374 2952 1510 3014 eandem

240 3061 362 3140 colere,
388 3063 430 3124 ita
454 3075 574 3140 tamen,
599 3063 686 3143 quod
711 3063 737 3123 si
769 3063 836 3144 ipsa
863 3063 957 3123 Kwse
990 3062 1077 3143 prius
1106 3074 1177 3122 ante
1211 3061 1311 3142 ipsam
1337 3060 1509 3120 Barbarum

239 3169 368 3230 abbae
393 3169 465 3230 luce
490 3170 571 3230 mori
596 3169 777 3250 contigerit,
801 3169 888 3249 quod
907 3183 983 3230 tunc
1001 3169 1066 3249 ipsa
1088 3168 1179 3228 vinea
1205 3167 1237 3228 in
1262 3167 1364 3248 ipsam
1391 3166 1507 3226 Barba·

238 3295 314 3337 ram
331 3289 361 3337 et
378 3275 504 3336 nullum
522 3275 621 3336 alium
636 3275 892 3336 condescendere
914 3275 1044 3335 debebit
1054 3273 1192 3356 etipsius
1209 3274 1346 3334 Barbare
1363 3270 1506 3332 heredes.

352 3382 430 3444 item
455 3401 583 3444 causam
610 3382 692 3444 inter
717 3381 913 3443 Dorotbeam
933 3381 1029 3442 liliam
1056 3381 1192 3442 condam
1211 3379 1351 3460 magistri
1378 3377 1504 3439 Bartho-

240 3489 345 3548 lomei
370 3489 540 3571 vitriparis,
565 3489 642 3550 olim
668 3489 810 3550 concivis
841 3488 951 3566 nostri,
981 3500 1161 3549 consortem
1193 3485 1336 3566 magistri
1362 3483 1508 3566 Dyonisii

241 3596 409 3676 scriptoris
433 3611 463 3658 et
487 3597 569 3658 inter
594 3595 783 3658 Thomasko
799 3609 964 3673 sartorem,
989 3595 1182 3656 modernum
1207 3593 1356 3674 juratum,
1382 3591 1509 3652 racione

240 3703 486 3784 prosecucionis
509 3703 676 3764 cuiusdam
701 3703 828 3780 domus,
849 3699 941 3764 fundi
966 3714 997 3764 et
1020 3699 1244 3762 hedificiorum
1270 3699 1301 3758 in
1326 3698 1409 3758 dicta
1434 3695 1508 3756 civi·

240 3821 309 3870 tate
334 3807 458 3886 habita,
483 3810 576 3889 jurati
601 3811 705 3870 taliter
736 3808 971 3890 adjudicarunt,
1003 3807 1091 3888 quod
1124 3806 1199 3886 quia
1225 3805 1290 3885 ipse
1318 3803 1507 3863 Thomaslro

241 3914 343 3976 habet
366 3914 434 3992 jura
467 3913 607 3976 efficacia
640 3915 723 3977 dicte
755 3915 891 3976 civitatis
922 3934 1017 3996 super
1049 3913 1162 3974 eadem
1188 3912 1298 3988 dom0,
1331 3927 1427 3990 quam
1453 3927 1509 3988 per

241 4035 404 4082 certorum
420 4040 579 4083 annorum
599 4021 765 4083 intervalla
794 4020 923 4104 pacilice
950 4019 1040 4080 nullo
1057 4016 1295 4080 contradicente
1313 4033 1368 4074 seu
1386 4025 1509 4074 contra-

241 4127 366 4188 dictore
391 4141 564 4209 apparente
590 4128 732 4210 possedit
756 4142 786 4188 et
818 4127 930 4204 tenuit,
957 4139 987 4187 et
1011 4126 1086 4207 quia
1120 4125 1231 4185 eadem
1259 4119 1421 4182 Dorothea
1446 4117 1510 4180 filia

242 4234 346 4316 ipsius
370 4235 509 4296 condam
534 4235 676 4316 magistri
703 4235 921 4296 Bartholomei
941 4234 1099 4315 vitriparis
1122 4232 1239 4293 dictam
1258 4229 1390 4289 domurn
1410 4245 1509 4308 usque

241 4340 288 4401 ad
312 4341 369 4402 hec
392 4355 539 4423 tempora
571 4361 679 4404 coram
713 4342 806 4402 nobis
839 4361 902 4402 non
929 4339 989 4401 luit
1020 4351 1197 4423 prosecuta,
1231 4337 1303 4397 ideo
1329 4334 1387 4416 ipsi
1421 4333 1449 4393 T
1476 4351 1511 4393 o-

242 4449 358 4508 masko
383 4447 486 4528 jurato
511 4449 647 4509 eandem
673 4448 805 4510 domurn
839 4445 970 4530 pacifice
1002 4459 1097 4528 prout
1121 4445 1223 4504 tenuit
1258 4441 1350 4520 jurati
1376 4439 1510 4522 predicti

244 4554 475 4636 possidendam
501 4567 533 4616 et
557 4553 737 4616 habendam
756 4554 842 4636 juxta
860 4553 1085 4615 condicionem
1104 4550 1204 4632 ipsius
1229 4547 1363 4610 civitatis
1387 4546 1511 4630 adjudi-

243 4674 368 4740 carunt,
393 4661 500 4723 taliter
523 4676 631 4723 tamen
656 4676 686 4724 et
710 4662 764 4723 tali
791 4661 901 4739 modo,
926 4659 1013 4742 quod
1039 4660 1064 4720 si
1091 4659 1158 4740 ipsa
1176 4655 1338 4718 Dorotbea
1363 4665 1417 4714 aut
1442 4671 1511 4734 pre·

244 4764 329 4829 fatus
352 4767 505 4848 magister
529 4767 705 4850 Dyonisius
728 4768 862 4849 scriptor
887 4786 1014 4828 causam
1033 4764 1161 4826 racione
1190 4763 1273 4823 dicte
1298 4761 1414 4820 domus
1438 4779 1511 4840 pro-

244 4873 336 4954 sequi
363 4873 472 4950 vellet,
497 4888 612 4935 extunc
637 4874 798 4955 deponere
828 4873 915 4955 prius
946 4885 1108 4933 teneretur
1132 4867 1365 4951 quinquaginta
1391 4884 1512 4926 marcas

243 4979 453 5042 denariorum
479 4979 577 5043 etsie
602 4980 752 5061 prosequi
786 4978 905 5040 valeret
929 4997 1055 5040 causam
1091 4978 1211 5059 ipsam;
1236 4975 1274 5036 de
1302 4993 1367 5053 quo
1392 4971 1512 5120 jugicio

1410 5078 1419 5118 1
