3694 5782
387 527 452 590 268
795 533 880 589 Anno
903 529 995 609 1465.
1019 563 1064 574 -
1086 545 1136 591 ro.
1159 530 1243 592 maii.

392 763 497 806 mercz
521 745 561 806 ab
596 762 670 822 uns,
706 755 737 806 et
770 742 853 805 inter
888 741 1096 805 Leooardum
1128 739 1233 806 lilium
1261 742 1418 805 Anthonii
1449 742 1652 826 jobagionem

391 851 535 914 eiusdem
562 849 708 932 Gregorii
735 848 904 933 Bradalch)
921 848 961 911 ad
984 849 1128 912 seniores
1144 849 1339 933 appellatam
1363 849 1484 934 judices
1507 867 1567 934 pro
1583 850 1650 932 qui·

390 957 526 1021 busdam
550 958 652 1020 tribus
676 959 780 1020 bobus
803 977 860 1040 per
885 954 1024 1020 eundem
1046 955 1254 1019 Leonsrdum
1270 957 1418 1040 receptis,
1442 975 1498 1040 per
1522 956 1650 1018 arbitra·

389 1066 487 1128 tivstn
513 1064 763 1148 disposicionem
792 1065 969 1147 proborum
1002 1063 1144 1126 virorum
1169 1062 1283 1125 eedem
1314 1076 1422 1147 partes
1444 1063 1550 1126 taliter
1578 1082 1650 1126 con·

389 1172 583 1251 cordassent,
616 1171 704 1254 quod
739 1170 831 1232 illum
856 1171 972 1232 bovem
1003 1170 1138 1233 tercium
1172 1189 1270 1252 quem
1299 1167 1441 1252 prelatus
1471 1170 1651 1232 Anthonius

390 1293 479 1362 pater
503 1278 647 1340 eiusdem
671 1278 703 1340 in
735 1296 838 1360 agone
863 1297 929 1338 non
961 1277 1153 1354 nominavit,
1177 1276 1274 1340 debet
1305 1275 1419 1339 cedere
1443 1290 1474 1339 et
1497 1277 1574 1340 dare
1597 1276 1651 1338 do-

389 1386 476 1448 mine
502 1385 611 1448 relicte
636 1385 756 1448 Berdsr
787 1403 845 1467 pro
875 1383 1024 1467 dampnis
1057 1384 1210 1446 omnibus
1234 1396 1266 1448 et
1295 1384 1444 1449 mercede
1468 1404 1525 1467 per
1549 1385 1650 1467 ipsum

389 1493 595 1555 Leonsrdum
620 1492 679 1574 ipsi
712 1491 844 1553 domine
876 1491 1019 1574 patratis,
1051 1505 1082 1553 et
1112 1489 1201 1573 quod
1226 1490 1257 1552 in
1290 1492 1442 1554 omnibus
1464 1490 1537 1553 aliis
1561 1491 1652 1553 bonis

386 1614 418 1662 et
442 1601 536 1661 rebus
561 1599 746 1682 peripsum
772 1597 909 1660 condam
935 1597 1135 1660 Anthonium
1162 1597 1243 1660 ultra
1267 1597 1449 1680 predictum
1473 1600 1589 1660 bovem
1605 1617 1652 1660 re·

387 1706 479 1784 lictis,
503 1703 644 1787 prelatus
661 1705 824 1768 lohannes
844 1705 884 1766 de
902 1704 1024 1788 Gepew
1048 1705 1080 1766 in
1097 1724 1234 1788 persona
1251 1704 1396 1768 eiusdem
1421 1704 1555 1767 domine
1571 1724 1652 1766 onus

385 1813 531 1874 eiusdem
556 1813 587 1874 in
612 1833 645 1874 se
663 1811 830 1894 recipiens,
854 1810 968 1873 eadem
985 1810 1117 1873 domine
1135 1811 1168 1872 in
1192 1811 1283 1873 nullo
1305 1811 1473 1894 impedire,
1491 1811 1547 1872 sed
1563 1831 1649 1873 com·

387 1919 527 1981 munitet
552 1918 612 2002 ipsi
636 1937 750 1980 omnes
766 1917 876 1979 omnia
893 1917 1001 1980 debita
1018 1917 1058 1980 de
1084 1917 1177 1980 bonis
1201 1917 1302 2000 ipsius
1330 1917 1469 1980 condam
1493 1917 1647 1980 Anthonii

387 2026 523 2104 solvere,
548 2039 579 2086 et
603 2025 774 2108 persolutis
797 2025 874 2107 ipsis
905 2023 1022 2086 debitis
1051 2023 1180 2107 plenam
1212 2025 1401 2108 porcionem
1426 2025 1466 2088 de
1497 2025 1647 2088 omnibus

386 2133 481 2194 rebus
505 2145 535 2193 et
560 2131 654 2194 bonis
677 2131 782 2193 eidem
808 2129 979 2193 Leonardo
1004 2130 1080 2194 dare
1103 2132 1309 2194 tenebuntur.

491 2255 568 2317 ltem
606 2275 734 2318 causam
768 2253 901 2338 Georgii
933 2255 1100 2338 scutiparis
1135 2254 1357 2318 inhabitatoris
1388 2255 1473 2317 dicte
1503 2254 1648 2334 civitatis,

387 2381 484 2444 quem
510 2361 610 2443 aliqui
644 2361 794 2424 dicebant
825 2358 1021 2424 interfecisse
1053 2375 1235 2424 consortem
1268 2381 1370 2442 suam,
1395 2361 1524 2444 etquis
1550 2361 1648 2445 probe

385 2468 536 2530 mulieres
567 2467 703 2531 eaodem
736 2487 868 2529 uxorem
902 2466 1046 2531 eiusdem
1079 2467 1224 2550 Georgii,
1256 2468 1367 2530 civisse
1404 2467 1488 2530 dicte
1513 2467 1647 2531 civitstis

385 2593 520 2636 numero
556 2587 697 2657 septem,
729 2573 864 2636 eandem
897 2588 1057 2636 mortuam
1097 2575 1338 2658 conspexissent
1369 2587 1401 2638 et
1431 2574 1537 2637 nullas
1568 2575 1646 2637 cica-

386 2682 479 2744 trices
502 2695 557 2743 aut
580 2680 712 2742 vulnera
737 2700 832 2762 super
856 2679 968 2743 eedem
995 2681 1198 2764 reperissent,
1231 2701 1290 2745 nec
1315 2681 1450 2744 eandem
1475 2701 1514 2743 ex
1538 2683 1646 2744 verbe·

386 2789 513 2850 racione
538 2787 681 2850 eiusdem
708 2801 869 2850 mortuam
887 2785 967 2866 lore,
993 2786 1067 2849 ideo
1085 2787 1224 2850 eundem
1249 2787 1415 2851 innoxium
1433 2807 1530 2871 super
1546 2800 1647 2850 morte

383 2894 528 2956 eiusdem
546 2894 760 2971 invenissent;
785 2907 816 2956 et
840 2893 915 2976 quia
934 2894 1070 2957 Matthias
1088 2893 1185 2957 frater
1208 2893 1353 2957 eiusdem
1377 2895 1486 2957 uxoris
1503 2894 1647 2957 eiusdem

384 3000 517 3082 Georgii
543 3001 711 3084 scutiparis
735 3020 843 3063 coram
871 3000 966 3063 nobis
989 3001 1022 3063 in
1057 3000 1178 3082 judicio
1203 3000 1422 3084 competendo
1454 3001 1487 3063 in
1511 3020 1646 3084 persona

382 3107 530 3170 omnium
565 3106 699 3170 fratrum
735 3121 766 3171 et
801 3108 1116 3190 consanguineorum
1149 3108 1294 3172 eiusdem
1327 3107 1472 3171 mulieris
1506 3107 1645 3170 eundem

383 3214 560 3296 Georgium
583 3215 776 3298 scutiparem
809 3215 949 3296 quittum
975 3214 1166 3279 reddidisset
1189 3231 1220 3278 et
1243 3216 1461 3279 innocentem.

489 3339 567 3402 ltem
592 3359 720 3402 causam
754 3339 836 3402 inter
869 3339 1047 3423 Symonem
1079 3353 1221 3403 sutorem
1254 3354 1285 3404 et
1308 3340 1464 3403 Jacobum
1490 3339 1647 3422 Kontigsr

383 3447 512 3510 racione
544 3446 758 3528 quarumdam
790 3459 913 3530 septem
945 3447 1070 3530 parium
1105 3447 1293 3530 caligarum,
1325 3468 1404 3530 ques
1435 3447 1584 3510 homines
1606 3449 1645 3510 ab

382 3553 497 3616 eodem
523 3555 643 3616 Jacobo
668 3554 837 3635 Kontigar,
864 3552 1013 3637 Gregorii
1031 3555 1071 3617 de
1096 3554 1297 3618 Fodorowcz
1314 3555 1347 3617 in
1373 3555 1545 3638 Stulbyczs
1562 3574 1646 3618 rece-

382 3661 513 3743 pissent,
530 3659 624 3742 jurati
641 3659 916 3742 adjudicaverunt,
930 3661 1006 3743 quia
1024 3661 1091 3744 ipse
1109 3661 1233 3745 Symon
1251 3660 1435 3724 mercedem
1452 3681 1512 3745 pro
1528 3662 1646 3744 quibus

382 3767 467 3848 ipsas
490 3767 609 3848 caligas
640 3766 796 3847 vendidit,
828 3767 934 3846 solvit,
960 3767 1166 3830 medietatem
1199 3769 1342 3850 ipsorum
1373 3781 1495 3851 septem
1520 3769 1645 3852 parium

381 3873 557 3954 caligarum
581 3871 686 3934 eidem
705 3873 840 3956 Symoni
864 3873 963 3936 sutori
990 3887 1085 3957 prout
1109 3874 1188 3936 alias
1218 3874 1335 3956 caligas
1351 3873 1499 3936 vendidit
1521 3875 1646 3937 solvere

381 3980 449 4062 ipse
475 3979 613 4041 lacobus
636 3981 806 4043 tenebitur.

383 4233 479 4309 Feria
508 4247 605 4310 sexta
632 4240 790 4328 proxima
817 4247 894 4329 post
929 4239 1052 4312 leston
1089 4239 1326 4330 Appartcionis
1353 4240 1443 4312 beati
1472 4240 1646 4314 llichaells

910 4364 1114 4454 archangeli.

920 4534 983 4612 (ro.
1008 4535 1103 4612 mair).

487 4693 585 4768 Quod
609 4693 685 4775 quia
709 4692 909 4756 honorabilis
935 4693 985 4755 vir
1015 4692 1168 4756 dominus
1191 4693 1382 4758 Valentinus
1412 4695 1570 4778 plebanus
1594 4715 1645 4759 ec·

382 4798 477 4862 clesie
501 4812 607 4862 nostre
639 4800 830 4881 parochialis
854 4800 937 4862 beati
970 4800 1069 4862 Marci
1102 4801 1308 4883 ewangeliste
1342 4803 1374 4864 in
1406 4802 1491 4865 dicte
1516 4803 1645 4867 civitate

381 4904 524 4984 fundate,
540 4905 714 4987 quamdam
732 4907 858 4968 vineam
879 4906 1138 4968 condicionalem
1155 4907 1354 4970 Twslranecz
1367 4907 1484 4970 dictam
1502 4909 1534 4970 in
1551 4910 1643 4971 terri-

384 5013 468 5074 torio
493 5011 577 5074 dicte
600 5011 736 5076 civitatis
759 5031 794 5076 ac
818 5013 902 5076 inter
918 5013 1045 5078 vineam
1062 5013 1190 5098 providi
1210 5015 1269 5076 viri
1294 5013 1391 5079 Blasii
1416 5015 1644 5102 Ztoymylyclr,
