3838 5786
406 543 471 602 400
774 529 859 584 Anno
882 538 971 604 1472.
997 562 1038 570 -
1062 541 1114 602 29.
1131 529 1295 603 februan'i.

514 737 590 798 ltem
617 737 691 818 quia
710 737 872 798 lohannes
889 735 974 799 filius
991 737 1152 822 Soldynar
1168 739 1273 820 primo
1290 740 1405 801 citatus
1421 753 1530 801 contra
1549 741 1667 802 Lucam

405 856 545 903 sutorem
571 855 698 905 tenetur
722 863 906 926 comparere
931 843 970 904 ad
996 843 1135 926 primum
1160 844 1316 925 judicium
1340 864 1447 906 coram
1472 846 1575 908 nobis.

512 968 589 1030 Item
615 969 690 1051 quia
709 968 851 1051 Gywrlco
868 983 899 1031 et
916 970 1040 1032 Blasius
1057 968 1169 1031 famuli
1187 969 1316 1032 Thome
1339 969 1516 1054 lreniparis,
1533 972 1667 1033 senioris

404 1075 520 1156 judicis
544 1089 574 1136 et
598 1075 740 1136 concivis
764 1076 875 1155 nostri,
900 1078 1026 1138 racione
1051 1076 1243 1159 suspicionis
1271 1078 1437 1139 cuiusdam
1462 1077 1536 1140 furti
1562 1077 1665 1140 domi·

405 1203 520 1244 norum
547 1183 627 1266 Elye
652 1183 780 1266 plebani
806 1183 907 1245 sancti
932 1184 1042 1245 Jacobi
1071 1184 1102 1244 in
1129 1183 1228 1262 Gaaz,
1261 1185 1291 1246 in
1317 1185 1416 1246 domo
1442 1185 1585 1246 eiusdem
1611 1185 1667 1246 do·

405 1291 484 1351 mini
511 1290 590 1372 Elye
616 1289 700 1368 lacti,
733 1289 821 1372 quod
857 1290 1009 1352 dominus
1041 1288 1201 1371 Georgius
1232 1291 1462 1372 prebendarius
1485 1277 1670 1374 capellanus

405 1397 528 1457 domini
554 1397 617 1458 Viti
643 1397 794 1479 prepositi
820 1397 950 1458 nomine
976 1398 1120 1459 eiusdem
1148 1397 1273 1459 domini
1299 1397 1378 1480 Elye
1416 1400 1669 1480 prosequebatur

404 1516 435 1564 et
459 1503 578 1564 eisdem
598 1523 737 1564 unacum
762 1503 834 1564 aliis
850 1503 915 1564 suis
943 1504 1102 1565 consociis
1119 1502 1334 1584 juramentum
1352 1505 1521 1566 terciomet
1544 1504 1669 1584 adjudi—

404 1623 510 1671 catum
535 1607 648 1688 luerat,
672 1607 750 1672 feria
776 1623 861 1672 serta
886 1610 1030 1692 proxima
1055 1625 1128 1672 ante
1150 1609 1266 1672 festum
1291 1613 1374 1673 beati
1399 1612 1560 1674 Valentini
1586 1632 1668 1673 mar·

404 1716 471 1776 tiris
496 1716 700 1798 prestiterunt
724 1735 830 1778 coram
857 1717 951 1778 nobis
975 1731 1009 1779 ut
1033 1717 1204 1780 debebant.

510 1839 587 1902 Item
613 1839 689 1920 quia
713 1841 809 1902 tercia
834 1841 903 1903 vice
920 1856 967 1903 est
982 1842 1227 1924 proclamatum,
1252 1843 1340 1924 quod
1366 1863 1428 1904 una
1454 1843 1543 1904 litera
1562 1857 1669 1905 nostra

404 1965 460 2006 seu
485 1945 621 2007 civitatis
646 1944 766 2027 prefate
795 1967 890 2030 super
921 1949 1060 2030 quadam
1094 1949 1186 2010 vinea
1211 1949 1348 2010 condam
1382 1949 1549 2011 Michaelis
1580 1949 1665 2010 selli-

407 2053 491 2134 paris
515 2051 571 2114 filii
604 2053 743 2114 condam
775 2053 866 2115 Pauli
899 2055 1048 2137 Tolway‚
1080 2054 1245 2138 deperdita
1271 2054 1363 2133 foret,
1388 2071 1419 2117 et
1450 2057 1525 2137 quia
1550 2055 1668 2118 Valen-

403 2159 489 2220 tinus
515 2159 728 2242 llerwathych
754 2160 889 2222 eandem
920 2161 1045 2222 vineam
1080 2175 1320 2243 comparaverat
1354 2183 1370 2223 a
1404 2163 1540 2223 condam
1567 2162 1665 2223 Bene·

402 2265 490 2326 dicto
515 2265 620 2345 judice
652 2267 691 2328 de
717 2266 883 2328 Kralewcz
908 2281 939 2328 et
967 2269 1034 2349 ipse
1067 2267 1192 2329 literam
1218 2288 1312 2349 super
1344 2267 1455 2328 eadem
1482 2269 1575 2328 vinea
1601 2286 1665 2328 non

402 2386 565 2452 receperat
588 2385 706 2434 eotunc
730 2393 747 2434 a
772 2372 890 2454 judicie
915 2373 999 2436 dicte
1023 2374 1170 2454 civitatis,
1195 2375 1244 2435 cui
1271 2374 1440 2435 commissa
1465 2387 1512 2434 est
1535 2373 1602 2434 dari
1628 2372 1666 2433 li·

402 2493 468 2542 tera
492 2499 575 2540 nova
600 2479 684 2541 dicte
708 2479 855 2542 civitatis.

509 2604 586 2665 ltem
611 2623 705 2665 causa
738 2604 819 2666 inter
842 2604 1051 2666 Valentinum
1084 2603 1223 2684 judicem
1257 2603 1447 2666 modernum
1477 2601 1579 2664 lilium
1605 2602 1664 2664 Mi·

402 2709 521 2771 chaelis
547 2723 656 2771 contra
682 2710 856 2772 Martinum
886 2709 1068 2771 carnificem
1093 2708 1341 2772 Corinthianum
1375 2723 1405 2770 et
1429 2709 1511 2771 inter
1536 2708 1663 2772 Charen

402 2816 583 2877 Fabianum
606 2829 776 2898 prorogata
803 2829 849 2878 est
872 2835 975 2897 usque
998 2815 1037 2876 ad
1063 2816 1203 2898 primum
1228 2815 1394 2895 judicium.

509 2939 585 3000 ltem
611 2940 845 3021 proclamatum
878 2953 933 3018 est,
960 2953 993 3000 ut
1024 2940 1178 3002 discretus
1201 2941 1249 3001 vir
1281 2940 1433 3002 dominus
1457 2939 1571 3002 Gallus
1596 2959 1665 3022 pre·

401 3045 575 3108 bendarius
593 3046 681 3107 chori
700 3047 832 3108 ecclesie
849 3046 1064 3128 zagrabiensis
1081 3046 1176 3108 debet
1190 3067 1375 3129 comparere
1392 3061 1502 3108 contra
1521 3047 1667 3108 Marcum

402 3152 656 3235 Gywrakowych
681 3153 720 3214 ad
738 3153 876 3234 primum
895 3152 1050 3234 judicium
1068 3153 1194 3214 racione
1215 3151 1381 3216 cuiusdam
1408 3153 1536 3214 camisie
1565 3152 1664 3232 vulgo

401 3259 553 3341 swrlycza
585 3259 679 3334 dicte,
723 3273 819 3338 prout
851 3273 882 3320 et
914 3259 1051 3320 vicarius
1082 3260 1244 3320 commisit
1275 3257 1381 3320 eidem
1413 3258 1533 3339 judicio
1566 3271 1666 3320 astare

401 3386 509 3428 coram
535 3366 640 3446 judice
665 3366 748 3428 dicte
773 3366 909 3427 civitatis
933 3366 1009 3447 quia
1034 3385 1098 3428 non
1123 3379 1170 3428 est
1193 3365 1347 3446 judicium
1374 3364 1447 3426 lurti
1473 3365 1595 3426 vicarii.

509 3490 586 3551 ltem
613 3491 689 3571 quia
713 3488 808 3552 Clara
831 3488 1061 3573 Wenthychna
1084 3490 1190 3572 primo
1206 3489 1299 3551 citata
1325 3503 1435 3552 contra
1451 3489 1549 3551 filiam
1569 3489 1666 3551 Fran-

402 3597 484 3681 chyn
510 3617 575 3658 non
600 3597 779 3679 comparuit
804 3596 978 3677 injudicio
1003 3617 1111 3658 coram
1136 3597 1240 3658 nobis.

506 3722 585 3784 ltem
609 3723 685 3804 quia
708 3722 899 3784 Valentinus
924 3722 1088 3803 Pongracz
1113 3719 1226 3800 dictus,
1253 3721 1360 3782 senior
1384 3719 1504 3800 juratus
1529 3733 1560 3782 et
1582 3739 1659 3782 con·

401 3828 479 3890 civis
504 3842 619 3908 noster,
645 3828 740 3890 debet
763 3827 867 3910 jurare
894 3829 1079 3890 terciusmet
1110 3847 1205 3910 super
1229 3847 1281 3888 ara
1314 3841 1422 3889 sancte
1447 3826 1562 3890 Crucis
1584 3827 1662 3888 feria

400 3949 486 3996 sexta
512 3947 584 4016 post
608 3948 753 3996 octavam
787 3934 917 4012 Pasche,
950 3934 1038 4016 quod
1063 3953 1121 3995 nec
1154 3934 1222 4015 ipse
1246 3953 1305 3994 nec
1340 3932 1461 3996 familia
1484 3953 1541 3994 sua
1566 3934 1666 3995 ebibit

400 4041 510 4102 vinum
536 4041 690 4102 Demetrii
724 4041 841 4102 sutoris
864 4061 922 4103 nec
954 4039 1116 4122 perforare
1149 4039 1223 4102 lecit
1246 4061 1311 4118 vas,
1345 4054 1375 4102 et
1400 4041 1514 4101 teleam
1540 4039 1665 4121 spinam

400 4146 503 4210 facere
528 4147 602 4210 lecit
625 4147 665 4209 ad
689 4146 817 4209 foveam
842 4167 898 4208 seu
922 4146 1068 4209 foramen
1092 4146 1185 4226 vasis,
1210 4167 1284 4208 cum
1309 4147 1453 4228 personis
1477 4145 1598 4208 scilicet
1623 4145 1665 4207 ci·

400 4255 492 4316 vibus
517 4254 600 4317 dicte
626 4254 772 4317 civitatis.

507 4379 584 4441 ltem
609 4380 683 4460 quia
710 4398 789 4440 uxor
815 4379 974 4439 Francisci
999 4377 1188 4460 carpentarii
1207 4377 1301 4440 debet
1325 4378 1428 4458 jurare
1452 4378 1589 4440 solamet
1612 4397 1665 4439 oc-

399 4499 474 4546 tavo
499 4485 550 4546 die
568 4484 639 4547 festi
657 4484 917 4546 Resurreccionis
935 4484 1067 4546 Domini
1091 4485 1122 4545 in
1140 4505 1192 4546 ara
1218 4500 1325 4547 sancte
1344 4484 1467 4564 Crucis,
1492 4485 1580 4566 quod
1597 4485 1665 4566 ipsa

400 4591 504 4653 nullas
529 4593 632 4653 minas
656 4591 767 4653 mortis
798 4591 904 4652 eidern
936 4591 1099 4673 imposuit,
1132 4604 1272 4672 prestare
1303 4591 1464 4653 tenebitur
1500 4605 1587 4653 etse
1612 4611 1665 4652 ea-

398 4717 544 4780 purgare.

505 4803 582 4865 ltem
616 4803 691 4884 quia
725 4802 899 4864 Katherina
937 4821 1015 4864 uxor
1048 4801 1215 4864 Michaelis
1248 4803 1377 4864 sartoris
1412 4803 1519 4865 claudi
1555 4817 1663 4866 contra

399 4911 562 4973 Thomam
588 4910 790 4994 Ztrozlroych
816 4931 878 4972 non
905 4911 1096 4992 comparuit.
