3644 5788
507 555 596 612 Anno
619 547 712 630 1458.
738 585 779 595 -
805 561 851 628 17.
869 548 1035 628 frbmarr'i.
1341 563 1397 624 145

559 763 636 826 Item
663 764 773 824 Petrus
797 763 976 846 Zydarych.

559 869 637 932 Item
662 870 749 931 Elias
773 882 992 951 campanator.

558 976 637 1038 Item
662 975 811 1058 Fsithlyn
837 975 972 1036 Institor.

561 1082 637 1143 Item
664 1081 796 1144 Barthol
820 1081 957 1142 institor.

559 1188 636 1250 Item
662 1187 846 1249 anthonius
868 1185 1057 1268 lutifigulus.

557 1294 635 1356 Item
661 1294 786 1356 BlasIus
809 1291 999 1376 lutifigulus.

560 1401 637 1462 Item
664 1400 855 1462 DominIcus
878 1413 977 1460 sutor.

561 1507 638 1568 Item
664 1506 848 1568 Anthonius
872 1503 1073 1588 Oprasnych.

561 1613 639 1675 Item
665 1613 787 1695 Symon
811 1627 910 1674 sutor.

561 1720 638 1782 Item
664 1718 801 1781 Mathias
826 1717 1003 1802 waarich.

563 1825 639 1888 Item
666 1825 784 1887 Paulus
807 1825 989 1908 Verychyn.

563 1932 641 1994 Item
668 1933 828 1994 Barnabas
853 1929 1049 2015 Grabarych.

562 2037 640 2100 Item
666 2037 816 2100 Plsthnar
842 2037 1032 2120 Stephanus.

564 2145 641 2207 Item
667 2146 823 2207 Prumnar
848 2145 1010 2208 NIcoIaus.

564 2251 641 2314 Item
668 2251 782 2314 Gallus
803 2251 898 2314 frater
923 2251 1088 2314 Iohannis.

564 2358 641 2420 Item
667 2357 823 2442 Sthefflyn
848 2357 999 2420 carnifex.

246 2523 325 2585 Item
363 2519 475 2603 prelati
508 2519 698 2581 Valentinus
738 2517 832 2598 judex
869 2531 900 2581 et
934 2517 1026 2601 jurati
1059 2539 1095 2582 ac
1126 2519 1301 2582 consiliarIi
1333 2539 1405 2582 cum

146 2647 300 2690 consensu
334 2640 365 2689 et
389 2626 582 2688 admissione
615 2639 645 2688 et
678 2625 823 2686 unanimi
847 2643 883 2686 ac
915 2625 1066 2687 concordi
1097 2626 1261 2688 voluntate
1286 2647 1321 2689 ac
1353 2627 1406 2688 de-

145 2749 227 2796 creto
252 2734 358 2795 tocius
382 2731 620 2794 communitatis
646 2730 755 2792 omnia
780 2731 905 2792 decreta
927 2745 958 2794 et
981 2746 1096 2794 statura
1120 2747 1185 2794 tarn
1210 2733 1241 2794 in
1267 2733 1405 2816 presenti

146 2860 239 2922 quam
265 2841 297 2902 in
324 2839 464 2920 antiquis
488 2837 648 2899 kathernis
672 2849 820 2899 contenta
857 2853 887 2898 et
918 2837 1032 2920 scripta
1058 2839 1165 2920 quoad
1189 2859 1302 2901 omnes
1333 2839 1406 2900 arti·
1479 2911 1482 2916 Ι

146 2947 233 3008 culos
257 2961 289 3007 et
321 2958 438 3027 puncta
467 2959 498 3004 et
521 2943 680 3004 clausulas
704 2943 892 3006 eorumdem
921 2957 1112 3006 statutorum
1144 2960 1174 3007 et
1206 2947 1407 3008 decretorum

147 3073 200 3134 per
223 3066 328 3116 totum
354 3071 474 3114 annum
500 3049 655 3133 presentis
671 3049 828 3130 judicatus
853 3050 953 3132 ipsIus
966 3051 1128 3114 Valentini
1146 3051 1260 3134 judicis
1285 3066 1315 3114 et
1332 3071 1408 3113 con·

145 3175 318 3242 sequenter
341 3179 377 3220 ac
401 3158 552 3240 deinceps
576 3157 643 3240 jure
668 3171 823 3240 perpetuo
852 3171 883 3218 et
907 3157 1157 3220 irrevocabiliter
1180 3157 1410 3220 confirmarunt

147 3285 269 3348 semper
292 3266 431 3328 valitura
455 3279 486 3327 et
514 3264 646 3327 firmiter
670 3265 879 3326 observanda.

385 3465 481 3540 Faria
521 3473 619 3539 sexta
648 3474 726 3538 ante
756 3469 955 3539 dominicam
985 3467 1167 3538 Invoeavlt.

649 3619 713 3699 (17.
731 3620 909 3698 februaris).

256 3762 333 3822 Item
361 3760 497 3823 Mathias
520 3759 605 3822 filius
631 3759 763 3841 Georgii
788 3761 827 3822 de
853 3761 999 3823 Oslewcz
1016 3761 1106 3842 cujus
1131 3776 1225 3844 caput
1247 3777 1293 3825 est
1317 3761 1412 3824 deco-

146 3867 250 3928 latum
275 3868 403 3929 racione
429 3867 549 3929 Mathie
574 3867 769 3928 balneatoris
801 3867 924 3929 domim
950 3867 1009 3946 sui,
1042 3887 1139 3949 quem
1166 3869 1249 3930 idem
1277 3869 1413 3930 Mathias

148 3974 187 4034 de
215 3973 363 4036 Oslewcz
388 3971 556 4035 interfecit.
1185 3971 1189 3986 '

257 4079 332 4142 Item
358 4079 436 4141 feria
461 4079 558 4142 tercia
582 4080 727 4162 proxIma
749 4078 869 4161 prelata
894 4095 966 4162 post
984 4081 1181 4142 dominicam
1208 4081 1315 4161 Oculi,
1333 4096 1412 4143 tem-

148 4207 229 4268 pore
255 4187 398 4248 eiusdem
430 4186 590 4268 judicatus
620 4184 732 4268 prelati
757 4187 919 4248 ValentIni
952 4187 1068 4268 judicis
1100 4188 1246 4250 moderni
1272 4189 1303 4249 in
1328 4207 1413 4249 anno

147 4293 333 4375 supradicto
358 4293 512 4375 providus
536 4305 567 4354 et
589 4292 742 4354 honestus
770 4293 817 4354 vir
842 4293 973 4354 Rawsar
1006 4309 1037 4355 et
1061 4293 1223 4355 lohannes
1249 4293 1411 4376 Hansyich

146 4397 300 4459 similiter
322 4399 429 4460 senior
453 4397 548 4480 judex
566 4399 728 4481 quandam
754 4419 881 4460 causam
908 4401 989 4461 inter
1015 4399 1169 4461 Mathiam
1194 4413 1224 4460 et
1241 4399 1412 4460 Nicolaum

149 4503 371 4584 pancelarium
404 4525 507 4586 usque
531 4505 570 4566 ad
600 4506 777 4567 secundum
807 4505 962 4586 judicium
995 4519 1140 4567 nostrum
1174 4505 1255 4567 inter
1283 4506 1413 4566 eosdem

149 4625 342 4693 receperunt
366 4611 406 4672 ad
425 4631 536 4694 pacem
554 4612 578 4673 si
605 4613 744 4694 poterint
761 4613 842 4674 inter
864 4612 993 4673 eosdem
1013 4632 1218 4694 componere,
1242 4613 1413 4674 sinautem

149 4736 217 4780 non
246 4718 395 4797 poterim,
419 4731 495 4779 tunc
520 4737 613 4779 causa
638 4719 734 4780 stabit
758 4718 790 4778 In
815 4719 932 4781 eodem
956 4733 1048 4783 statu.

263 4821 337 4885 Item
362 4843 457 4885 causa
484 4825 565 4886 inter
591 4825 709 4885 Lucam
735 4823 874 4906 juratum
909 4839 939 4887 et
964 4825 1168 4887 Franciscum
1195 4839 1334 4886 sutorem
1361 4845 1416 4906 per

149 4929 276 5010 juratos
297 4945 341 4992 est
365 4944 535 5012 prorogata
568 4930 608 4992 ad
640 4931 780 5012 primum
813 4929 1011 5010 judIcIuma
1045 4931 1169 5015 prelato
1194 4933 1246 4994 dle
1271 4931 1416 5013 superius

149 5035 351 5118 consignato.

1315 5145 1353 5189 ro
