3644 5788
529 599 616 656 Anno
638 610 730 677 1459.
755 632 796 640 —
818 611 851 673 9.
868 599 1037 660 novembris.

257 809 334 870 ltem
362 810 437 871 licet
460 809 678 890 juramentum
704 811 841 872 discreto
859 810 928 871 viro
953 809 1089 872 domino
1114 811 1258 872 Barnabe
1284 813 1418 892 preben-

155 916 240 978 dario
266 915 356 977 chori
383 917 609 998 zagrabiensis,
633 917 759 978 concivi
785 931 907 995 nostro,
932 917 964 978 in
990 936 1029 978 eo
1054 917 1173 998 deponi
1198 917 1418 998 adjudicatum

155 1037 260 1084 contra
286 1023 452 1085 Grandem
485 1043 630 1086 sororem
654 1043 744 1084 suam
778 1021 899 1100 fuisset,
924 1037 959 1084 ut
991 1023 1059 1104 ipsa
1084 1023 1190 1084 eidem
1223 1023 1421 1105 obligaretur

154 1130 295 1211 quinque
314 1129 383 1192 flor.
400 1132 480 1208 auri,
498 1144 606 1192 tamen
624 1129 764 1192 termino
782 1130 853 1212 ipso
871 1129 1061 1191 adveniente
1080 1129 1184 1211 ipsum
1202 1128 1417 1210 juramentum

156 1255 208 1317 per
231 1237 384 1298 maritum
403 1251 434 1298 et
457 1238 562 1299 virum
588 1255 682 1298 suum
709 1257 745 1298 ex
762 1236 929 1298 voluntate
947 1235 1091 1298 eiusdem
1115 1236 1259 1297 mulieris
1283 1235 1343 1297 luit
1359 1237 1419 1298 sibi

154 1343 338 1422 relaxatum,
362 1341 551 1426 prelataque
578 1342 708 1405 Grande
733 1343 820 1424 ipsos
838 1343 984 1426 quinque
1008 1341 1077 1404 flor.
1104 1355 1257 1404 annotato
1283 1341 1417 1404 domino

156 1449 297 1511 barnabe
321 1448 409 1512 fratri
434 1470 494 1512 suo
518 1449 685 1512 exsolvere
710 1448 853 1510 debebit.

255 1555 335 1618 Item
361 1575 489 1619 causam
522 1557 605 1618 inter
637 1555 836 1638 Stephanum
871 1555 1061 1636 Hungarum
1095 1569 1126 1616 et
1150 1555 1414 1617 Bartholomeum

154 1660 188 1722 de
219 1663 429 1745 Rakaspurga
469 1663 598 1724 racione
638 1661 851 1744 quarumdam
891 1679 1103 1743 expensarum
1150 1681 1205 1744 per
1243 1660 1412 1744 jamiatum

154 1767 350 1851 Stephanum
377 1769 569 1850 Hungarum
601 1788 696 1852 super
728 1768 868 1850 quadam
901 1767 1001 1829 domo
1025 1769 1181 1830 consortis
1212 1768 1312 1851 ipsius
1336 1769 1412 1830 Bnr·

153 1873 305 1936 tholomei
339 1874 493 1938 factarum
525 1891 671 1958 tempore
703 1875 841 1937 condam
874 1873 973 1935 Vlrici
1006 1873 1132 1936 comitis
1175 1889 1246 1956 post
1278 1887 1415 1936 mortem

153 1979 287 2042 condam
314 1981 481 2042 Benedicti
514 1981 668 2064 episcopi,
700 1981 794 2062 jurati
820 1981 864 2042 sic
888 1992 920 2041 et
944 1999 982 2041 eo
1015 1978 1114 2040 modo
1138 1979 1414 2060 adjudicaverunt,

153 2087 234 2167 quod
269 2085 412 2170 prefatus
443 2087 625 2170 Stephanus
658 2087 832 2170 Hungarus
864 2084 941 2147 feria
976 2085 1071 2146 tercia
1104 2084 1249 2167 proxime
1282 2100 1413 2148 ventura

153 2193 234 2255 solus
260 2194 292 2255 in
318 2194 448 2276 propria
473 2213 609 2276 persona
634 2193 850 2276 juramentum
879 2193 1042 2275 deponere
1067 2191 1198 2253 habebit
1221 2193 1275 2254 tali
1303 2193 1413 2272 modo,

152 2300 234 2379 quod
271 2312 418 2382 tempore
450 2319 489 2361 eo
522 2320 588 2382 quo
622 2298 744 2382 prelata
780 2318 911 2361 consors
942 2298 1042 2381 ipsine
1076 2297 1294 2360 Bartholomei
1327 2299 1411 2381 apud

152 2405 286 2466 eundem
321 2405 519 2488 Stephanum
554 2407 689 2484 mansit,
722 2405 873 2488 quitquid
905 2405 991 2466 idem
1025 2404 1206 2486 Stephanus
1237 2405 1278 2466 ad
1310 2405 1410 2488 ipsam

151 2510 280 2573 domum
305 2513 453 2594 exposuit
485 2511 545 2574 hoc
562 2511 704 2595 prefatus
721 2513 969 2574 Bartholomeus
985 2512 1045 2574 sibi
1062 2512 1244 2594 persolvere
1263 2512 1411 2588 debebit;

151 2618 294 2700 deposito
319 2619 389 2701 ipso
413 2619 594 2702 juramento
625 2619 694 2702 ipse
719 2619 901 2701 Stephanus
928 2631 994 2680 tam
1027 2619 1128 2700 ipsam
1154 2617 1287 2680 domum
1313 2638 1410 2701 quam

149 2722 212 2803 jura
236 2745 293 2787 seu
319 2725 455 2786 literalia
481 2727 691 2788 instrumenta
716 2725 821 2788 eidem
857 2723 988 2807 pacifice
1012 2725 1173 2806 assignare
1198 2725 1345 2803 debebit;
1371 2727 1409 2787 de

149 2849 210 2911 quo
234 2831 355 2908 iudicio
380 2831 557 2912 juratorum
583 2829 725 2914 prefatus
743 2831 990 2894 Bartholomeus
1015 2849 1078 2892 non
1098 2843 1266 2893 contentus
1290 2833 1320 2893 in
1339 2852 1409 2914 pre-

148 2939 284 3000 senciam
308 2939 472 3001 seniorum
497 2938 641 3021 judicum
666 2939 767 3022 ipsam
792 2957 921 3002 causam
946 2937 1130 3021 appellavit.

250 3046 328 3108 ltem
360 3046 517 3108 Martinus
551 3045 749 3108 Sterkowich
784 3059 894 3108 contra
927 3045 1127 3107 Stanlronem
1159 3045 1264 3127 primo
1296 3045 1409 3107 citatus

147 3171 208 3212 non
233 3153 426 3235 comparuit.

249 3259 328 3320 ltem
354 3257 514 3339 Georgius
538 3259 577 3319 de
603 3258 761 3320 Rakonok
778 3257 994 3340 juramentum
1020 3257 1052 3318 in
1078 3276 1117 3318 eo
1142 3257 1303 3339 deponere
1329 3256 1406 3320 feria

146 3365 239 3426 tercia
264 3365 406 3443 habebit,
431 3364 519 3446 quod
537 3364 639 3426 Elena
664 3383 774 3426 socrus
797 3383 853 3424 sua
872 3363 1034 3444 quandam
1053 3383 1181 3424 vaccam
1207 3363 1312 3424 eidem
1330 3384 1406 3426 ven-

147 3468 235 3548 didit,
258 3489 356 3552 quam
382 3471 448 3552 ipse
473 3471 578 3532 eidem
604 3469 748 3552 plenarie
773 3469 918 3531 exsolvit.

246 3576 324 3637 ltem
349 3575 511 3638 Fabianus
544 3589 574 3637 et
605 3575 717 3637 Petrus
748 3574 788 3636 de
821 3575 926 3636 Mlalra
956 3589 1071 3638 octavo
1103 3575 1154 3636 die
1187 3575 1403 3656 juramentum

146 3682 269 3744 racione
293 3683 460 3744 cuiusdam
484 3681 562 3765 palii
587 3679 750 3764 deponere
772 3679 936 3742 habebunt
959 3681 991 3742 in
1017 3701 1075 3759 e0,
1100 3695 1134 3744 ut
1159 3681 1217 3764 ipsi
1242 3681 1401 3764 prefatum

144 3787 261 3866 palium
286 3788 395 3851 relicte
420 3801 529 3849 contra
555 3785 673 3848 Gwrak
698 3805 764 3848 non
797 3785 1013 3848 vendiderunt
1036 3785 1091 3848 sed
1116 3787 1324 3848 solummodo
1356 3789 1402 3848 in·

143 3891 391 3972 pignoraverunt
414 3913 472 3976 pro
497 3907 636 3974 quatuor
654 3913 727 3955 cum
753 3893 858 3954 media
882 3893 989 3974 pensis
1007 3892 1231 3970 denariorum3
1256 3913 1322 3973 quo
1346 3893 1402 3954 de·

142 3999 247 4077 posito
269 3999 389 4082 prelata
415 3999 530 4062 mulier
554 3999 690 4082 receptis
722 3999 798 4082 ipsis
829 3999 975 4082 pecuniis
1006 3998 1072 4060 suis
1095 3997 1252 4080 prefatum
1278 3999 1400 4080 palium

143 4103 262 4166 eisdem
287 4105 451 4168 restituere
476 4105 615 4167 debebit.

248 4211 322 4273 ltem
347 4211 457 4276 relicta
482 4211 614 4275 Grande
645 4225 760 4275 octavo
793 4213 845 4274 die
869 4211 1085 4294 juramentum
1110 4212 1273 4274 mettercia
1306 4213 1337 4272 in
1362 4231 1401 4272 eo

143 4314 302 4398 deponere
326 4318 467 4394 habebit,
492 4319 581 4401 quod
605 4319 671 4400 ipsa
689 4318 852 4400 quandam
877 4318 1042 4380 camisiam
1067 4319 1269 4396 muliebrem,
1286 4337 1400 4398 supera

140 4421 285 4484 similiter
307 4425 392 4485 surla
414 4424 544 4502 dictam,
569 4423 829 4507 Wezthoykonis
860 4443 924 4486 non
950 4427 1069 4508 recepit
1092 4444 1150 4486 nee
1182 4423 1317 4485 eandem
1343 4425 1402 4486 scit

139 4546 204 4610 quo
230 4527 367 4610 devenit,
391 4530 538 4592 similiter
562 4530 663 4592 eciam
692 4529 824 4592 maritus
848 4548 924 4591 suus
948 4543 1014 4592 met
1036 4531 1163 4592 tercius.

244 4633 319 4697 ltem
345 4635 476 4718 Mathey
503 4633 592 4696 faber
622 4649 732 4696 contra
757 4635 926 4696 Termsich
959 4650 1074 4698 octavo
1099 4637 1151 4697 die
1183 4635 1397 4718 juramentum

137 4739 297 4821 deponere
321 4741 454 4804 habebit
477 4741 509 4802 in
535 4761 587 4820 eo,
610 4741 698 4823 quod
717 4743 782 4824 ipse
806 4741 972 4822 quoddam
990 4743 1116 4804 milium
1141 4741 1216 4804 fecit
1240 4744 1288 4803 bis
1305 4763 1399 4803 mun-

136 4844 201 4907 dari
228 4865 283 4908 seu
307 4847 456 4930 extirpari
482 4861 516 4908 ut
548 4847 670 4926 debuit,
702 4846 791 4928 quod
822 4847 935 4908 habuit
963 4867 1034 4909 cum
1068 4847 1184 4910 eodem
1210 4847 1398 4924 Termsich;

135 4971 199 5032 quo
225 4954 370 5036 deposito
396 4956 464 5038 ipse
488 4953 658 5017 Termsich
683 4953 889 5015 medietatem
915 4955 1012 5036 ipsius
1040 4956 1121 5016 milii
1147 4955 1206 5015 sibi
1232 4957 1396 5016 extradare

135 5058 274 5122 debebit.

1288 5148 1304 5184 *
