3694 5782
514 613 516 616 ι
617 531 704 590 Anno
724 526 815 609 1467.
841 565 883 576 —
901 543 936 608 5.
960 535 1040 594 maii.

511 744 588 806 Item
614 745 762 806 Vrbanus
786 763 885 825 gener
908 745 1106 828 Wenthych.

509 851 588 912 Item
614 850 728 913 Gallus
752 852 886 914 institor.

510 959 589 1019 Item
615 957 726 1020 Gurlro
751 973 839 1020 sutor
863 979 1027 1020 successor
1052 959 1218 1021 Benedicti
1243 961 1368 1022 sutoris.

511 1064 587 1124 Item
615 1063 745 1147 Mathey
770 1065 912 1147 Turcyn.

510 1169 588 1232 Item
613 1171 742 1253 Mycula
768 1172 943 1235 barberius.

512 1277 590 1338 Item
615 1278 800 1340 Anthonius
823 1298 921 1358 gener
946 1279 1124 1362 Chaplych.

508 1384 585 1446 Item
610 1385 756 1447 Andreas
780 1405 923 1467 arcupar.

509 1490 588 1553 Item
613 1491 727 1553 Berlelr
752 1493 969 1573 carpentarius
993 1491 1140 1574 Chebyn.

512 1597 588 1658 Item
615 1597 761 1660 Thomas
784 1611 873 1660 sutor
900 1618 1072 1660 successor.

508 1703 586 1765 Item
611 1703 718 1766 Claws
743 1705 958 1785 pancerarius.

508 1809 586 1870 Item
612 1810 750 1870 Iacobus
775 1811 944 1890 Kontigar.

510 1916 587 1977 Item
613 1915 758 1976 Thomas
782 1937 880 1997 gener
905 1917 1083 1980 Clementis
1107 1916 1284 1998 Ireniparis.

508 2022 585 2082 Item
612 2021 754 2104 Gywrlo
782 2037 880 2086 sutor.

509 2129 586 2190 Item
614 2129 803 2190 Dominicus
826 2143 926 2190 sutor.

510 2235 589 2298 Item
615 2235 731 2296 Valent
755 2251 843 2296 sutor
867 2255 966 2317 gener
994 2237 1157 2319 Koczyan.

510 2342 588 2403 Item
613 2341 698 2402 Iwan
723 2355 821 2404 sutor.

297 2467 374 2528 Item
407 2465 520 2548 prefati
544 2465 727 2527 Anthonius
751 2465 846 2545 judex
878 2486 914 2528 ac
940 2467 1042 2548 jurati,
1075 2466 1249 2528 consiliarii
1283 2487 1356 2528 cum
1380 2487 1455 2528 con·

188 2593 286 2636 sensu
312 2586 342 2634 et
366 2573 591 2634 commissione
616 2591 652 2633 ac
669 2573 812 2633 unanimi
837 2585 868 2634 et
892 2573 1043 2634 concordi
1076 2574 1240 2634 voluntate
1265 2587 1296 2634 et
1328 2573 1455 2635 decreto

189 2681 294 2742 tocius
319 2679 558 2740 communitatis
584 2677 835 2739 omniadecreta
857 2693 888 2740 et
908 2692 1023 2740 statuta
1047 2694 1112 2740 tam
1137 2681 1168 2740 in
1194 2680 1332 2760 presenti
1358 2699 1455 2760 quam

190 2801 219 2847 et
231 2787 262 2847 in
276 2784 418 2865 antIquis
431 2785 566 2846 cateruis
584 2785 699 2846 uostris
714 2797 861 2846 contenta
880 2800 909 2846 et
926 2787 1115 2868 conscripta,
1130 2787 1237 2867 quoad
1253 2807 1366 2848 omnes
1383 2787 1455 2847 arti-

190 2892 281 2954 culos
305 2903 337 2950 et
368 2905 485 2971 puncta
509 2910 545 2950 ac
570 2890 727 2952 clausulas
752 2892 940 2953 eorumdem
969 2906 1159 2954 statutorum
1192 2907 1222 2954 et
1254 2893 1454 2954 decretorum

191 3018 246 3080 per
270 3010 375 3058 totum
392 3016 513 3058 annum
531 2998 685 3079 presentis
711 2996 868 3078 judicatus
893 2999 993 3080 ipsius
1017 2999 1171 3060 Anthonii
1192 2999 1306 3078 judicis
1331 3012 1361 3059 et
1378 3019 1454 3060 con-

190 3117 363 3186 sequenter
385 3124 422 3164 ae
446 3103 598 3185 deinceps
621 3103 688 3185 jure
721 3119 875 3186 perpetuo
905 3119 935 3166 et
953 3105 1203 3167 irrevocabiliter
1226 3105 1456 3167 confirmarunt

192 3230 319 3293 semper
343 3211 478 3272 valitura
503 3223 534 3272 et
561 3209 694 3273 firmiter
718 3211 928 3273 observanda.

218 3411 314 3483 Feria
345 3413 451 3482 tercia
480 3413 634 3499 proxima
663 3418 739 3499 post
770 3411 893 3484 sestam
922 3413 1130 3485 Invencionis
1160 3424 1276 3486 sancte
1304 3414 1429 3492 Crucis

630 3539 781 3624 proxime
810 3540 1019 3625 preteritum.

738 3691 781 3764 (5-
805 3689 903 3764 maii).

296 3829 373 3890 Item
399 3830 474 3909 quia
500 3827 646 3890 Thomas
663 3829 808 3891 literatus
832 3829 916 3891 lilius
933 3831 1072 3892 Emerici
1097 3831 1136 3892 de
1163 3832 1276 3912 Hegen
1303 3832 1454 3893 inmani-

192 3934 269 3996 festa
294 3935 481 4017 spolecione
500 3935 595 3996 unius
619 3936 693 4016 equi
719 3949 749 3998 et
770 3950 926 3998 certarum
945 3957 1051 3998 rerum
1077 3952 1107 3999 et
1124 3941 1284 3999 bonorum
1309 3958 1344 3999 ac
1362 3939 1454 4000 vesti·

191 4055 374 4103 mentorum
399 4041 565 4126 Myhowyl
596 4044 782 4104 mercatoris
815 4044 854 4104 de
890 4044 1082 4123 Modrussi0,
1116 4045 1284 4107 residentis
1308 4045 1341 4105 in
1365 4047 1453 4106 terri-

192 4148 275 4211 torio
299 4149 383 4211 dicte
401 4149 548 4227 civitatis,
574 4164 604 4211 et
629 4151 659 4210 in
678 4151 806 4232 publica
834 4151 883 4212 via
900 4171 956 4232 per
980 4151 1086 4232 ipsum
1105 4152 1268 4213 Thomam
1293 4153 1452 4213 literatum

191 4274 285 4336 super
316 4255 421 4338 ipsum
455 4255 621 4338 Myhowyl
654 4254 744 4319 Iactis
776 4273 806 4318 et
838 4257 968 4338 patratis
1000 4271 1046 4319 est
1071 4273 1222 4340 repertus,
1256 4260 1331 4342 quia
1357 4259 1455 4340 ipsias

191 4361 264 4442 equi
301 4375 332 4422 et
367 4361 504 4423 aliorum
545 4363 691 4444 superius
734 4364 972 4424 nominatorum
1017 4364 1173 4425 indicium
1214 4365 1299 4446 apud
1349 4366 1454 4446 ipsum

191 4469 354 4530 Thomam
380 4482 426 4530 est
450 4483 622 4550 repertum,
647 4483 743 4551 prout
766 4469 827 4532 hoc
860 4470 995 4552 ipsemet
1020 4471 1165 4532 Thomas
1191 4472 1221 4531 in
1247 4471 1321 4532 sede
1347 4483 1453 4532 nostra

192 4573 356 4653 judiciaria
381 4588 427 4634 est
452 4594 560 4636 coram
583 4589 689 4638 nostra
715 4591 781 4638 tota
806 4579 1037 4640 communitate
1062 4577 1237 4655 confessus,
1263 4578 1336 4638 ideo
1361 4577 1454 4658 jurati

191 4680 273 4742 dicte
304 4681 440 4742 civitatis
473 4681 577 4764 ipsum
611 4683 774 4745 Thomam
807 4685 968 4746 literatum
1001 4687 1229 4766 spoliatorem,
1262 4683 1340 4745 feria
1368 4697 1454 4745 sexta

192 4786 334 4868 proxime
359 4801 504 4867 ventura,
530 4789 589 4870 ipsi
614 4789 765 4852 Michaeli
788 4805 843 4852 aut
867 4812 979 4874 perse
1004 4793 1054 4854 vel
1079 4813 1135 4875 per
1152 4793 1248 4854 aliam
1273 4810 1454 4874 personam,

192 4911 285 4972 quam
311 4893 379 4974 ipse
404 4893 549 4956 invenire
574 4897 745 4975 tenebitur,
768 4898 963 4980 suspendere
982 4899 1012 4959 in
1039 4899 1185 4980 patibulo
1210 4899 1293 4960 dicte
1318 4897 1454 4958 civitatis

193 4999 352 5061 tenebitur
375 4999 462 5081 juxta
484 5021 541 5063 sua
566 5001 731 5066 demerita.
