<?xml version="1.0" encoding="UTF-8"?>
<!DOCTYPE html PUBLIC "-//W3C//DTD XHTML 1.0 Transitional//EN"
    "http://www.w3.org/TR/xhtml1/DTD/xhtml1-transitional.dtd">
<html xmlns="http://www.w3.org/1999/xhtml" xml:lang="en" lang="en">
 <head>
  <title>
</title>
<meta http-equiv="Content-Type" content="text/html;charset=utf-8" />
  <meta name='ocr-system' content='tesseract 3.04.00' />
  <meta name='ocr-capabilities' content='ocr_page ocr_carea ocr_par ocr_line ocrx_word'/>
</head>
<body>
  <div class='ocr_page' id='page_1' title='image "./monumentahistor13laszgoog_0443.png"; bbox 0 0 3838 5786; ppageno 0'>
   <div class='ocr_carea' id='block_1_1' title="bbox 655 577 1543 665">
    <p class='ocr_par' dir='ltr' id='par_1_1' title="bbox 655 577 1543 665">
     <span class='ocr_line' id='line_1_1' title="bbox 655 577 1543 665; baseline 0.006 -27"><span class='ocrx_word' id='word_1_1' title='bbox 655 581 741 638; x_wconf 86' lang='lat' dir='ltr'>Anno</span> <span class='ocrx_word' id='word_1_2' title='bbox 772 591 860 659; x_wconf 81' lang='lat'><em>1471.</em></span> <span class='ocrx_word' id='word_1_3' title='bbox 886 615 927 624; x_wconf 97' lang='lat'>—</span> <span class='ocrx_word' id='word_1_4' title='bbox 950 577 1003 644; x_wconf 88' lang='lat'>26.</span> <span class='ocrx_word' id='word_1_5' title='bbox 1027 583 1141 656; x_wconf 79' lang='lat' dir='ltr'>aprilis.</span> <span class='ocrx_word' id='word_1_6' title='bbox 1480 583 1543 665; x_wconf 80' lang='lat'>383</span> 
     </span>
    </p>
   </div>
   <div class='ocr_carea' id='block_1_2' title="bbox 383 790 1488 3217">
    <p class='ocr_par' dir='ltr' id='par_1_2' title="bbox 385 790 1097 875">
     <span class='ocr_line' id='line_1_2' title="bbox 385 790 1097 875; baseline 0.006 -24"><span class='ocrx_word' id='word_1_7' title='bbox 385 790 463 852; x_wconf 89' lang='lat' dir='ltr'>Item</span> <span class='ocrx_word' id='word_1_8' title='bbox 490 790 657 852; x_wconf 90' lang='lat' dir='ltr'>Emericus</span> <span class='ocrx_word' id='word_1_9' title='bbox 681 791 810 874; x_wconf 88' lang='lat' dir='ltr'>sellipar</span> <span class='ocrx_word' id='word_1_10' title='bbox 835 791 1097 875; x_wconf 88' lang='lat' dir='ltr'>Pulzakoychyn.</span> 
     </span>
    </p>

    <p class='ocr_par' dir='ltr' id='par_1_3' title="bbox 383 896 1488 1086">
     <span class='ocr_line' id='line_1_3' title="bbox 383 896 1488 964; baseline 0.006 -7"><span class='ocrx_word' id='word_1_11' title='bbox 383 896 462 958; x_wconf 86' lang='lat' dir='ltr'>Item</span> <span class='ocrx_word' id='word_1_12' title='bbox 488 897 655 959; x_wconf 87' lang='lat' dir='ltr'>Emericus</span> <span class='ocrx_word' id='word_1_13' title='bbox 678 911 768 960; x_wconf 93' lang='lat' dir='ltr'>sutor</span> <span class='ocrx_word' id='word_1_14' title='bbox 791 899 831 960; x_wconf 91' lang='lat' dir='ltr'>de</span> <span class='ocrx_word' id='word_1_15' title='bbox 856 899 927 960; x_wconf 89' lang='lat' dir='ltr'>vico</span> <span class='ocrx_word' id='word_1_16' title='bbox 952 913 1097 961; x_wconf 87' lang='lat' dir='ltr'>sutorum</span> <span class='ocrx_word' id='word_1_17' title='bbox 1122 919 1195 961; x_wconf 92' lang='lat' dir='ltr'>cum</span> <span class='ocrx_word' id='word_1_18' title='bbox 1222 898 1318 962; x_wconf 90' lang='lat' dir='ltr'>Gallo</span> <span class='ocrx_word' id='word_1_19' title='bbox 1344 920 1488 964; x_wconf 84' lang='lat' dir='ltr'>manens.</span> 
     </span>
     <span class='ocr_line' id='line_1_4' title="bbox 385 1002 790 1086; baseline 0.007 -22"><span class='ocrx_word' id='word_1_20' title='bbox 385 1003 464 1066; x_wconf 90' lang='lat' dir='ltr'>Item</span> <span class='ocrx_word' id='word_1_21' title='bbox 490 1002 667 1086; x_wconf 78' lang='lat' dir='ltr'>Gregorius</span> <span class='ocrx_word' id='word_1_22' title='bbox 691 1019 790 1068; x_wconf 89' lang='lat' dir='ltr'>sutor.</span> 
     </span>
    </p>

    <p class='ocr_par' dir='ltr' id='par_1_4' title="bbox 386 1109 899 1195">
     <span class='ocr_line' id='line_1_5' title="bbox 386 1109 899 1195; baseline 0.006 -24"><span class='ocrx_word' id='word_1_23' title='bbox 386 1109 464 1172; x_wconf 87' lang='lat' dir='ltr'>Item</span> <span class='ocrx_word' id='word_1_24' title='bbox 489 1109 627 1174; x_wconf 89' lang='lat' dir='ltr'>Mathias</span> <span class='ocrx_word' id='word_1_25' title='bbox 650 1123 739 1174; x_wconf 88' lang='lat' dir='ltr'>sutor</span> <span class='ocrx_word' id='word_1_26' title='bbox 764 1111 899 1195; x_wconf 90' lang='lat' dir='ltr'>Weryn.</span> 
     </span>
    </p>

    <p class='ocr_par' dir='ltr' id='par_1_5' title="bbox 386 1215 977 1302">
     <span class='ocr_line' id='line_1_6' title="bbox 386 1215 977 1302; baseline 0.007 -25"><span class='ocrx_word' id='word_1_27' title='bbox 386 1215 465 1278; x_wconf 88' lang='lat' dir='ltr'>Item</span> <span class='ocrx_word' id='word_1_28' title='bbox 488 1217 642 1279; x_wconf 88' lang='lat' dir='ltr'>NIcolaus</span> <span class='ocrx_word' id='word_1_29' title='bbox 665 1237 765 1300; x_wconf 84' lang='lat' dir='ltr'>gener</span> <span class='ocrx_word' id='word_1_30' title='bbox 788 1218 977 1302; x_wconf 89' lang='lat' dir='ltr'>Wytesych.</span> 
     </span>
    </p>

    <p class='ocr_par' dir='ltr' id='par_1_6' title="bbox 387 1321 803 1408">
     <span class='ocr_line' id='line_1_7' title="bbox 387 1321 803 1408; baseline 0.01 -25"><span class='ocrx_word' id='word_1_31' title='bbox 387 1321 464 1384; x_wconf 83' lang='lat' dir='ltr'>Item</span> <span class='ocrx_word' id='word_1_32' title='bbox 489 1323 608 1385; x_wconf 89' lang='lat' dir='ltr'>Paulus</span> <span class='ocrx_word' id='word_1_33' title='bbox 633 1323 803 1408; x_wconf 87' lang='lat' dir='ltr'>Fwdrych.</span> 
     </span>
    </p>

    <p class='ocr_par' dir='ltr' id='par_1_7' title="bbox 386 1428 1273 1619">
     <span class='ocr_line' id='line_1_8' title="bbox 387 1428 1273 1512; baseline 0.006 -23"><span class='ocrx_word' id='word_1_34' title='bbox 387 1428 464 1490; x_wconf 87' lang='lat' dir='ltr'><strong>Item</strong></span> <span class='ocrx_word' id='word_1_35' title='bbox 490 1428 666 1510; x_wconf 78' lang='lat' dir='ltr'>Gregorius</span> <span class='ocrx_word' id='word_1_36' title='bbox 690 1445 778 1493; x_wconf 92' lang='lat' dir='ltr'>sutor</span> <span class='ocrx_word' id='word_1_37' title='bbox 801 1450 965 1493; x_wconf 78' lang='lat' dir='ltr'>successor</span> <span class='ocrx_word' id='word_1_38' title='bbox 989 1430 1122 1512; x_wconf 86' lang='lat' dir='ltr'><strong>Georgii</strong></span> <span class='ocrx_word' id='word_1_39' title='bbox 1146 1432 1273 1494; x_wconf 85' lang='lat' dir='ltr'>belravi.</span> 
     </span>
     <span class='ocr_line' id='line_1_9' title="bbox 386 1533 740 1619; baseline 0.011 -24"><span class='ocrx_word' id='word_1_40' title='bbox 386 1533 463 1597; x_wconf 89' lang='lat' dir='ltr'>Item</span> <span class='ocrx_word' id='word_1_41' title='bbox 489 1535 575 1598; x_wconf 89' lang='lat' dir='ltr'>Iwan</span> <span class='ocrx_word' id='word_1_42' title='bbox 600 1536 740 1619; x_wconf 86' lang='lat' dir='ltr'>sellipsr.</span> 
     </span>
    </p>

    <p class='ocr_par' dir='ltr' id='par_1_8' title="bbox 388 1639 1095 1724">
     <span class='ocr_line' id='line_1_10' title="bbox 388 1639 1095 1724; baseline 0.007 -23"><span class='ocrx_word' id='word_1_43' title='bbox 388 1639 466 1702; x_wconf 83' lang='lat' dir='ltr'>Item</span> <span class='ocrx_word' id='word_1_44' title='bbox 489 1641 604 1704; x_wconf 88' lang='lat' dir='ltr'>Berlek</span> <span class='ocrx_word' id='word_1_45' title='bbox 628 1661 791 1704; x_wconf 82' lang='lat' dir='ltr'>successor</span> <span class='ocrx_word' id='word_1_46' title='bbox 815 1643 946 1706; x_wconf 86' lang='lat' dir='ltr'>MartIni</span> <span class='ocrx_word' id='word_1_47' title='bbox 970 1642 1095 1724; x_wconf 89' lang='lat' dir='ltr'>judIcis.</span> 
     </span>
    </p>

    <p class='ocr_par' dir='ltr' id='par_1_9' title="bbox 387 1746 982 1834">
     <span class='ocr_line' id='line_1_11' title="bbox 387 1746 982 1834; baseline 0.007 -26"><span class='ocrx_word' id='word_1_48' title='bbox 387 1746 464 1809; x_wconf 89' lang='lat' dir='ltr'>Item</span> <span class='ocrx_word' id='word_1_49' title='bbox 490 1747 673 1810; x_wconf 88' lang='lat' dir='ltr'>Demetrius</span> <span class='ocrx_word' id='word_1_50' title='bbox 696 1763 786 1812; x_wconf 91' lang='lat' dir='ltr'>sutor</span> <span class='ocrx_word' id='word_1_51' title='bbox 811 1748 982 1834; x_wconf 88' lang='lat' dir='ltr'>Swychky.</span> 
     </span>
    </p>

    <p class='ocr_par' dir='ltr' id='par_1_10' title="bbox 387 1853 901 1940">
     <span class='ocr_line' id='line_1_12' title="bbox 387 1853 901 1940; baseline 0.006 -25"><span class='ocrx_word' id='word_1_52' title='bbox 387 1853 463 1916; x_wconf 85' lang='lat' dir='ltr'>Item</span> <span class='ocrx_word' id='word_1_53' title='bbox 489 1853 604 1917; x_wconf 81' lang='lat' dir='ltr'>Gallus</span> <span class='ocrx_word' id='word_1_54' title='bbox 627 1875 726 1937; x_wconf 83' lang='lat' dir='ltr'>gener</span> <span class='ocrx_word' id='word_1_55' title='bbox 749 1855 901 1940; x_wconf 86' lang='lat' dir='ltr'>Fraylyn.</span> 
     </span>
    </p>

    <p class='ocr_par' dir='ltr' id='par_1_11' title="bbox 387 1960 812 2046">
     <span class='ocr_line' id='line_1_13' title="bbox 387 1960 812 2046; baseline 0.021 -25"><span class='ocrx_word' id='word_1_56' title='bbox 387 1960 464 2023; x_wconf 90' lang='lat' dir='ltr'>Item</span> <span class='ocrx_word' id='word_1_57' title='bbox 490 1962 647 2024; x_wconf 89' lang='lat' dir='ltr'>Martinus</span> <span class='ocrx_word' id='word_1_58' title='bbox 670 1963 812 2046; x_wconf 90' lang='lat' dir='ltr'>Banych.</span> 
     </span>
    </p>

    <p class='ocr_par' dir='ltr' id='par_1_12' title="bbox 387 2065 843 2151">
     <span class='ocr_line' id='line_1_14' title="bbox 387 2065 843 2151; baseline 0.013 -24"><span class='ocrx_word' id='word_1_59' title='bbox 387 2065 464 2128; x_wconf 90' lang='lat' dir='ltr'>Item</span> <span class='ocrx_word' id='word_1_60' title='bbox 492 2068 655 2149; x_wconf 86' lang='lat' dir='ltr'>Pongracz</span> <span class='ocrx_word' id='word_1_61' title='bbox 680 2088 843 2151; x_wconf 87' lang='lat' dir='ltr'>pancerar.</span> 
     </span>
    </p>

    <p class='ocr_par' dir='ltr' id='par_1_13' title="bbox 387 2172 910 2260">
     <span class='ocr_line' id='line_1_15' title="bbox 387 2172 910 2260; baseline 0.01 -26"><span class='ocrx_word' id='word_1_62' title='bbox 387 2172 465 2235; x_wconf 89' lang='lat' dir='ltr'>Item</span> <span class='ocrx_word' id='word_1_63' title='bbox 491 2172 652 2256; x_wconf 83' lang='lat' dir='ltr'>Georgius</span> <span class='ocrx_word' id='word_1_64' title='bbox 675 2189 763 2237; x_wconf 92' lang='lat' dir='ltr'>sutor</span> <span class='ocrx_word' id='word_1_65' title='bbox 788 2176 910 2260; x_wconf 87' lang='lat' dir='ltr'>Rosyn.</span> 
     </span>
    </p>

    <p class='ocr_par' dir='ltr' id='par_1_14' title="bbox 389 2278 964 2365">
     <span class='ocr_line' id='line_1_16' title="bbox 389 2278 964 2365; baseline 0.007 -25"><span class='ocrx_word' id='word_1_66' title='bbox 389 2278 466 2342; x_wconf 90' lang='lat' dir='ltr'>Item</span> <span class='ocrx_word' id='word_1_67' title='bbox 490 2280 628 2342; x_wconf 83' lang='lat' dir='ltr'>Iacobus</span> <span class='ocrx_word' id='word_1_68' title='bbox 656 2293 744 2344; x_wconf 92' lang='lat' dir='ltr'>sutor</span> <span class='ocrx_word' id='word_1_69' title='bbox 769 2281 964 2365; x_wconf 86' lang='lat' dir='ltr'>Bekethych.</span> 
     </span>
    </p>

    <p class='ocr_par' dir='ltr' id='par_1_15' title="bbox 390 2385 1092 2450">
     <span class='ocr_line' id='line_1_17' title="bbox 390 2385 1092 2450; baseline 0.006 -4"><span class='ocrx_word' id='word_1_70' title='bbox 390 2385 466 2447; x_wconf 91' lang='lat' dir='ltr'>Item</span> <span class='ocrx_word' id='word_1_71' title='bbox 495 2387 687 2448; x_wconf 89' lang='lat' dir='ltr'>Benedictus</span> <span class='ocrx_word' id='word_1_72' title='bbox 710 2401 799 2449; x_wconf 90' lang='lat' dir='ltr'>sutor</span> <span class='ocrx_word' id='word_1_73' title='bbox 824 2387 953 2450; x_wconf 87' lang='lat' dir='ltr'>Gerdak</span> <span class='ocrx_word' id='word_1_74' title='bbox 978 2389 1092 2450; x_wconf 90' lang='lat' dir='ltr'>dictus.</span> 
     </span>
    </p>

    <p class='ocr_par' dir='ltr' id='par_1_16' title="bbox 390 2492 875 2577">
     <span class='ocr_line' id='line_1_18' title="bbox 390 2492 875 2577; baseline 0.008 -25"><span class='ocrx_word' id='word_1_75' title='bbox 390 2492 465 2554; x_wconf 88' lang='lat' dir='ltr'>Item</span> <span class='ocrx_word' id='word_1_76' title='bbox 492 2493 638 2556; x_wconf 86' lang='lat' dir='ltr'>Thomas</span> <span class='ocrx_word' id='word_1_77' title='bbox 662 2494 875 2577; x_wconf 87' lang='lat' dir='ltr'>Ztrozkoych.</span> 
     </span>
    </p>

    <p class='ocr_par' dir='ltr' id='par_1_17' title="bbox 389 2599 732 2664">
     <span class='ocr_line' id='line_1_19' title="bbox 389 2599 732 2664; baseline 0.015 -5"><span class='ocrx_word' id='word_1_78' title='bbox 389 2599 466 2660; x_wconf 88' lang='lat' dir='ltr'>Item</span> <span class='ocrx_word' id='word_1_79' title='bbox 492 2600 610 2662; x_wconf 86' lang='lat' dir='ltr'>Paulus</span> <span class='ocrx_word' id='word_1_80' title='bbox 635 2599 732 2664; x_wconf 87' lang='lat' dir='ltr'>faber.</span> 
     </span>
    </p>

    <p class='ocr_par' dir='ltr' id='par_1_18' title="bbox 388 2707 994 2792">
     <span class='ocr_line' id='line_1_20' title="bbox 388 2707 994 2792; baseline 0.003 -25"><span class='ocrx_word' id='word_1_81' title='bbox 388 2707 466 2768; x_wconf 91' lang='lat' dir='ltr'>Item</span> <span class='ocrx_word' id='word_1_82' title='bbox 492 2707 590 2788; x_wconf 81' lang='lat' dir='ltr'>Jurgh</span> <span class='ocrx_word' id='word_1_83' title='bbox 615 2721 704 2770; x_wconf 93' lang='lat' dir='ltr'>sutor</span> <span class='ocrx_word' id='word_1_84' title='bbox 729 2708 994 2792; x_wconf 84' lang='lat' dir='ltr'>Heninngoycze.</span> 
     </span>
    </p>

    <p class='ocr_par' dir='ltr' id='par_1_19' title="bbox 388 2813 1110 2899">
     <span class='ocr_line' id='line_1_21' title="bbox 388 2813 1110 2899; baseline 0.007 -25"><span class='ocrx_word' id='word_1_85' title='bbox 388 2813 466 2877; x_wconf 86' lang='lat' dir='ltr'>Item</span> <span class='ocrx_word' id='word_1_86' title='bbox 492 2815 629 2876; x_wconf 87' lang='lat' dir='ltr'>Mathias</span> <span class='ocrx_word' id='word_1_87' title='bbox 652 2813 793 2898; x_wconf 86' lang='lat' dir='ltr'>frenipar</span> <span class='ocrx_word' id='word_1_88' title='bbox 816 2816 898 2878; x_wconf 85' lang='lat' dir='ltr'>citca</span> <span class='ocrx_word' id='word_1_89' title='bbox 924 2815 1110 2899; x_wconf 88' lang='lat' dir='ltr'>Selesnyak.</span> 
     </span>
    </p>

    <p class='ocr_par' dir='ltr' id='par_1_20' title="bbox 389 2919 764 3004">
     <span class='ocr_line' id='line_1_22' title="bbox 389 2919 764 3004; baseline 0.005 -23"><span class='ocrx_word' id='word_1_90' title='bbox 389 2919 466 2982; x_wconf 92' lang='lat' dir='ltr'>Item</span> <span class='ocrx_word' id='word_1_91' title='bbox 491 2921 614 2982; x_wconf 89' lang='lat' dir='ltr'>Francz</span> <span class='ocrx_word' id='word_1_92' title='bbox 641 2921 764 3004; x_wconf 84' lang='lat' dir='ltr'>Ialchy.</span> 
     </span>
    </p>

    <p class='ocr_par' dir='ltr' id='par_1_21' title="bbox 388 3025 1363 3217">
     <span class='ocr_line' id='line_1_23' title="bbox 388 3025 1363 3110; baseline 0.003 -23"><span class='ocrx_word' id='word_1_93' title='bbox 388 3025 464 3089; x_wconf 89' lang='lat' dir='ltr'>Item</span> <span class='ocrx_word' id='word_1_94' title='bbox 491 3027 672 3110; x_wconf 82' lang='lat' dir='ltr'>Stephanus</span> <span class='ocrx_word' id='word_1_95' title='bbox 695 3027 824 3110; x_wconf 88' lang='lat' dir='ltr'>sellipar</span> <span class='ocrx_word' id='word_1_96' title='bbox 849 3047 946 3110; x_wconf 89' lang='lat' dir='ltr'>penes</span> <span class='ocrx_word' id='word_1_97' title='bbox 970 3027 1173 3090; x_wconf 89' lang='lat' dir='ltr'>Clementem</span> <span class='ocrx_word' id='word_1_98' title='bbox 1197 3041 1363 3090; x_wconf 91' lang='lat' dir='ltr'>sartorem.</span> 
     </span>
     <span class='ocr_line' id='line_1_24' title="bbox 389 3132 1228 3217; baseline 0.004 -24"><span class='ocrx_word' id='word_1_99' title='bbox 389 3132 466 3194; x_wconf 90' lang='lat' dir='ltr'>Item</span> <span class='ocrx_word' id='word_1_100' title='bbox 490 3133 675 3196; x_wconf 81' lang='lat' dir='ltr'>Anthonius</span> <span class='ocrx_word' id='word_1_101' title='bbox 699 3134 838 3216; x_wconf 82' lang='lat' dir='ltr'>agricole</span> <span class='ocrx_word' id='word_1_102' title='bbox 863 3155 1026 3197; x_wconf 90' lang='lat' dir='ltr'>successor</span> <span class='ocrx_word' id='word_1_103' title='bbox 1050 3133 1228 3217; x_wconf 87' lang='lat' dir='ltr'>Chaplych.</span> 
     </span>
    </p>
   </div>
   <div class='ocr_carea' id='block_1_3' title="bbox 336 3367 1493 3604">
    <p class='ocr_par' dir='ltr' id='par_1_22' title="bbox 336 3367 1493 3604">
     <span class='ocr_line' id='line_1_25' title="bbox 336 3367 1493 3462; baseline 0.002 -22"><span class='ocrx_word' id='word_1_104' title='bbox 336 3367 431 3442; x_wconf 83' lang='lat' dir='ltr'>Feria</span> <span class='ocrx_word' id='word_1_105' title='bbox 460 3379 559 3444; x_wconf 87' lang='lat' dir='ltr'>sexta</span> <span class='ocrx_word' id='word_1_106' title='bbox 589 3374 743 3462; x_wconf 82' lang='lat' dir='ltr'>proxima</span> <span class='ocrx_word' id='word_1_107' title='bbox 772 3382 848 3462; x_wconf 82' lang='lat' dir='ltr'>post</span> <span class='ocrx_word' id='word_1_108' title='bbox 867 3373 989 3445; x_wconf 83' lang='lat' dir='ltr'>festum</span> <span class='ocrx_word' id='word_1_109' title='bbox 1018 3371 1109 3444; x_wconf 83' lang='lat' dir='ltr'>beati</span> <span class='ocrx_word' id='word_1_110' title='bbox 1138 3369 1242 3443; x_wconf 87' lang='lat' dir='ltr'>Ilarci</span> <span class='ocrx_word' id='word_1_111' title='bbox 1270 3371 1493 3460; x_wconf 81' lang='lat' dir='ltr'>ewangeliste.</span> 
     </span>
     <span class='ocr_line' id='line_1_26' title="bbox 809 3523 1026 3604; baseline 0.009 -20"><span class='ocrx_word' id='word_1_112' title='bbox 809 3523 874 3604; x_wconf 85' lang='lat'><em>(26.</em></span> <span class='ocrx_word' id='word_1_113' title='bbox 898 3526 1026 3602; x_wconf 79' lang='lat' dir='ltr'>aprilis).</span> 
     </span>
    </p>
   </div>
   <div class='ocr_carea' id='block_1_4' title="bbox 283 3665 1549 5130">
    <p class='ocr_par' dir='ltr' id='par_1_23' title="bbox 284 3665 1548 4048">
     <span class='ocr_line' id='line_1_27' title="bbox 389 3665 1547 3750; baseline -0.001 -23"><span class='ocrx_word' id='word_1_114' title='bbox 389 3665 466 3728; x_wconf 88' lang='lat' dir='ltr'>Item</span> <span class='ocrx_word' id='word_1_115' title='bbox 491 3666 566 3748; x_wconf 88' lang='lat' dir='ltr'>quia</span> <span class='ocrx_word' id='word_1_116' title='bbox 600 3667 767 3731; x_wconf 88' lang='lat' dir='ltr'>Emericus</span> <span class='ocrx_word' id='word_1_117' title='bbox 800 3666 940 3750; x_wconf 85' lang='lat' dir='ltr'>frenIpar</span> <span class='ocrx_word' id='word_1_118' title='bbox 972 3665 1138 3728; x_wconf 81' lang='lat' dir='ltr'>familiaris</span> <span class='ocrx_word' id='word_1_119' title='bbox 1170 3665 1296 3748; x_wconf 86' lang='lat' dir='ltr'>providi</span> <span class='ocrx_word' id='word_1_120' title='bbox 1330 3666 1388 3727; x_wconf 91' lang='lat' dir='ltr'>viri</span> <span class='ocrx_word' id='word_1_121' title='bbox 1417 3665 1547 3727; x_wconf 91' lang='lat' dir='ltr'>Thorne</span> 
     </span>
     <span class='ocr_line' id='line_1_28' title="bbox 285 3769 1548 3854; baseline 0.001 -22"><span class='ocrx_word' id='word_1_122' title='bbox 285 3769 453 3854; x_wconf 79' lang='lat' dir='ltr'>lrenipsris</span> <span class='ocrx_word' id='word_1_123' title='bbox 487 3773 622 3835; x_wconf 88' lang='lat' dir='ltr'>senioris</span> <span class='ocrx_word' id='word_1_124' title='bbox 657 3773 772 3854; x_wconf 90' lang='lat' dir='ltr'>judicis</span> <span class='ocrx_word' id='word_1_125' title='bbox 803 3787 834 3836; x_wconf 93' lang='lat' dir='ltr'>et</span> <span class='ocrx_word' id='word_1_126' title='bbox 865 3774 1006 3836; x_wconf 88' lang='lat' dir='ltr'>concivis</span> <span class='ocrx_word' id='word_1_127' title='bbox 1037 3787 1148 3834; x_wconf 88' lang='lat' dir='ltr'>contra</span> <span class='ocrx_word' id='word_1_128' title='bbox 1173 3773 1373 3834; x_wconf 86' lang='lat' dir='ltr'>Demetrium</span> <span class='ocrx_word' id='word_1_129' title='bbox 1405 3786 1548 3834; x_wconf 88' lang='lat' dir='ltr'>sutorem</span> 
     </span>
     <span class='ocr_line' id='line_1_29' title="bbox 285 3878 1548 3962; baseline -0.003 -20"><span class='ocrx_word' id='word_1_130' title='bbox 285 3878 446 3962; x_wconf 84' lang='lat' dir='ltr'>Swychlry</span> <span class='ocrx_word' id='word_1_131' title='bbox 470 3879 558 3958; x_wconf 91' lang='lat' dir='ltr'>dicti,</span> <span class='ocrx_word' id='word_1_132' title='bbox 582 3879 688 3961; x_wconf 87' lang='lat' dir='ltr'>prImo</span> <span class='ocrx_word' id='word_1_133' title='bbox 719 3881 833 3944; x_wconf 83' lang='lat' dir='ltr'>citatus</span> <span class='ocrx_word' id='word_1_134' title='bbox 865 3900 930 3942; x_wconf 94' lang='lat' dir='ltr'>non</span> <span class='ocrx_word' id='word_1_135' title='bbox 954 3879 1137 3962; x_wconf 89' lang='lat' dir='ltr'>comparuit</span> <span class='ocrx_word' id='word_1_136' title='bbox 1168 3899 1276 3941; x_wconf 89' lang='lat' dir='ltr'>coram</span> <span class='ocrx_word' id='word_1_137' title='bbox 1301 3879 1396 3940; x_wconf 91' lang='lat' dir='ltr'>nobis</span> <span class='ocrx_word' id='word_1_138' title='bbox 1419 3878 1548 3939; x_wconf 87' lang='lat' dir='ltr'>racione</span> 
     </span>
     <span class='ocr_line' id='line_1_30' title="bbox 284 3985 612 4048; baseline 0.006 -2"><span class='ocrx_word' id='word_1_139' title='bbox 284 4006 340 4047; x_wconf 90' lang='lat' dir='ltr'>sue</span> <span class='ocrx_word' id='word_1_140' title='bbox 364 3985 612 4048; x_wconf 88' lang='lat' dir='ltr'>vulneracionis.</span> 
     </span>
    </p>

    <p class='ocr_par' dir='ltr' id='par_1_24' title="bbox 283 4089 1548 4386">
     <span class='ocr_line' id='line_1_31' title="bbox 389 4089 1548 4173; baseline -0.002 -19"><span class='ocrx_word' id='word_1_141' title='bbox 389 4091 467 4155; x_wconf 88' lang='lat' dir='ltr'>Item</span> <span class='ocrx_word' id='word_1_142' title='bbox 493 4111 586 4154; x_wconf 85' lang='lat' dir='ltr'>causa</span> <span class='ocrx_word' id='word_1_143' title='bbox 612 4093 695 4156; x_wconf 91' lang='lat' dir='ltr'>inter</span> <span class='ocrx_word' id='word_1_144' title='bbox 719 4093 847 4173; x_wconf 74' lang='lat' dir='ltr'>lumel,</span> <span class='ocrx_word' id='word_1_145' title='bbox 871 4106 907 4156; x_wconf 91' lang='lat' dir='ltr'>ut</span> <span class='ocrx_word' id='word_1_146' title='bbox 931 4106 1083 4172; x_wconf 78' lang='lat' dir='ltr'>actorem,</span> <span class='ocrx_word' id='word_1_147' title='bbox 1107 4105 1139 4155; x_wconf 94' lang='lat' dir='ltr'>et</span> <span class='ocrx_word' id='word_1_148' title='bbox 1163 4091 1245 4154; x_wconf 90' lang='lat' dir='ltr'>inter</span> <span class='ocrx_word' id='word_1_149' title='bbox 1269 4091 1441 4154; x_wconf 81' lang='lat' dir='ltr'>Nicolaum</span> <span class='ocrx_word' id='word_1_150' title='bbox 1466 4089 1548 4170; x_wconf 82' lang='lat' dir='ltr'>agri·</span> 
     </span>
     <span class='ocr_line' id='line_1_32' title="bbox 284 4195 1548 4281; baseline -0.002 -21"><span class='ocrx_word' id='word_1_151' title='bbox 284 4197 401 4278; x_wconf 85' lang='lat' dir='ltr'>colam,</span> <span class='ocrx_word' id='word_1_152' title='bbox 425 4211 460 4261; x_wconf 90' lang='lat' dir='ltr'>ut</span> <span class='ocrx_word' id='word_1_153' title='bbox 482 4199 515 4260; x_wconf 89' lang='lat' dir='ltr'>iu</span> <span class='ocrx_word' id='word_1_154' title='bbox 533 4218 660 4260; x_wconf 88' lang='lat' dir='ltr'>causam</span> <span class='ocrx_word' id='word_1_155' title='bbox 678 4212 858 4278; x_wconf 86' lang='lat' dir='ltr'>attractum,</span> <span class='ocrx_word' id='word_1_156' title='bbox 876 4211 922 4261; x_wconf 86' lang='lat' dir='ltr'>est</span> <span class='ocrx_word' id='word_1_157' title='bbox 938 4211 1109 4281; x_wconf 81' lang='lat' dir='ltr'>prorogata</span> <span class='ocrx_word' id='word_1_158' title='bbox 1127 4198 1166 4260; x_wconf 83' lang='lat' dir='ltr'>ad</span> <span class='ocrx_word' id='word_1_159' title='bbox 1184 4197 1447 4280; x_wconf 88' lang='lat' dir='ltr'>jurisdiccionem</span> <span class='ocrx_word' id='word_1_160' title='bbox 1464 4195 1548 4258; x_wconf 90' lang='lat' dir='ltr'>dicte</span> 
     </span>
     <span class='ocr_line' id='line_1_33' title="bbox 283 4304 1039 4386; baseline 0.004 -22"><span class='ocrx_word' id='word_1_161' title='bbox 283 4304 421 4367; x_wconf 86' lang='lat' dir='ltr'>civitatis</span> <span class='ocrx_word' id='word_1_162' title='bbox 445 4324 502 4386; x_wconf 93' lang='lat' dir='ltr'>per</span> <span class='ocrx_word' id='word_1_163' title='bbox 527 4305 632 4386; x_wconf 83' lang='lat' dir='ltr'>Ipsum</span> <span class='ocrx_word' id='word_1_164' title='bbox 658 4305 829 4366; x_wconf 90' lang='lat' dir='ltr'>Nicolaum</span> <span class='ocrx_word' id='word_1_165' title='bbox 854 4305 1039 4385; x_wconf 87' lang='lat' dir='ltr'>agricolam.</span> 
     </span>
    </p>

    <p class='ocr_par' dir='ltr' id='par_1_25' title="bbox 284 4405 1548 4706">
     <span class='ocr_line' id='line_1_34' title="bbox 390 4405 1548 4492; baseline -0.002 -21"><span class='ocrx_word' id='word_1_166' title='bbox 390 4409 468 4472; x_wconf 90' lang='lat' dir='ltr'>Item</span> <span class='ocrx_word' id='word_1_167' title='bbox 494 4429 589 4472; x_wconf 79' lang='lat' dir='ltr'>cause</span> <span class='ocrx_word' id='word_1_168' title='bbox 615 4411 696 4472; x_wconf 92' lang='lat' dir='ltr'>inter</span> <span class='ocrx_word' id='word_1_169' title='bbox 714 4408 838 4492; x_wconf 88' lang='lat' dir='ltr'>Gaspar</span> <span class='ocrx_word' id='word_1_170' title='bbox 854 4408 1012 4472; x_wconf 86' lang='lat' dir='ltr'>famulum</span> <span class='ocrx_word' id='word_1_171' title='bbox 1039 4409 1163 4471; x_wconf 92' lang='lat' dir='ltr'>domini</span> <span class='ocrx_word' id='word_1_172' title='bbox 1182 4405 1313 4490; x_wconf 82' lang='lat' dir='ltr'>Georgii</span> <span class='ocrx_word' id='word_1_173' title='bbox 1331 4407 1548 4470; x_wconf 84' lang='lat' dir='ltr'>archidiaconi</span> 
     </span>
     <span class='ocr_line' id='line_1_35' title="bbox 284 4513 1548 4579; baseline -0.003 -1"><span class='ocrx_word' id='word_1_174' title='bbox 284 4518 324 4578; x_wconf 92' lang='lat' dir='ltr'>de</span> <span class='ocrx_word' id='word_1_175' title='bbox 348 4517 522 4578; x_wconf 91' lang='lat' dir='ltr'>Wrbowcz</span> <span class='ocrx_word' id='word_1_176' title='bbox 546 4531 577 4579; x_wconf 89' lang='lat' dir='ltr'>et</span> <span class='ocrx_word' id='word_1_177' title='bbox 601 4517 684 4578; x_wconf 90' lang='lat' dir='ltr'>iuter</span> <span class='ocrx_word' id='word_1_178' title='bbox 710 4516 795 4578; x_wconf 90' lang='lat' dir='ltr'>Iwan</span> <span class='ocrx_word' id='word_1_179' title='bbox 815 4530 957 4578; x_wconf 90' lang='lat' dir='ltr'>sutorem</span> <span class='ocrx_word' id='word_1_180' title='bbox 990 4516 1118 4578; x_wconf 90' lang='lat' dir='ltr'>racione</span> <span class='ocrx_word' id='word_1_181' title='bbox 1142 4515 1379 4578; x_wconf 86' lang='lat' dir='ltr'>vulneracionis</span> <span class='ocrx_word' id='word_1_182' title='bbox 1403 4513 1548 4577; x_wconf 89' lang='lat' dir='ltr'>eiusdem</span> 
     </span>
     <span class='ocr_line' id='line_1_36' title="bbox 284 4621 1154 4706; baseline -0.001 -21"><span class='ocrx_word' id='word_1_183' title='bbox 284 4621 408 4706; x_wconf 87' lang='lat' dir='ltr'>Gaspar</span> <span class='ocrx_word' id='word_1_184' title='bbox 431 4637 478 4685; x_wconf 91' lang='lat' dir='ltr'>est</span> <span class='ocrx_word' id='word_1_185' title='bbox 501 4636 673 4704; x_wconf 83' lang='lat' dir='ltr'>prorogata</span> <span class='ocrx_word' id='word_1_186' title='bbox 697 4643 799 4704; x_wconf 91' lang='lat' dir='ltr'>usque</span> <span class='ocrx_word' id='word_1_187' title='bbox 823 4623 962 4706; x_wconf 91' lang='lat' dir='ltr'>primum</span> <span class='ocrx_word' id='word_1_188' title='bbox 988 4622 1154 4704; x_wconf 82' lang='lat' dir='ltr'>judicium.</span> 
     </span>
    </p>

    <p class='ocr_par' dir='ltr' id='par_1_26' title="bbox 285 4725 1548 4918">
     <span class='ocr_line' id='line_1_37' title="bbox 390 4725 1548 4813; baseline -0.003 -23"><span class='ocrx_word' id='word_1_189' title='bbox 390 4729 468 4791; x_wconf 92' lang='lat' dir='ltr'>Item</span> <span class='ocrx_word' id='word_1_190' title='bbox 501 4729 621 4791; x_wconf 81' lang='lat' dir='ltr'>Micula</span> <span class='ocrx_word' id='word_1_191' title='bbox 653 4729 819 4813; x_wconf 83' lang='lat' dir='ltr'>Iagodych</span> <span class='ocrx_word' id='word_1_192' title='bbox 851 4743 961 4791; x_wconf 86' lang='lat' dir='ltr'>contra</span> <span class='ocrx_word' id='word_1_193' title='bbox 995 4730 1169 4791; x_wconf 88' lang='lat' dir='ltr'>MartInum</span> <span class='ocrx_word' id='word_1_194' title='bbox 1203 4725 1410 4811; x_wconf 89' lang='lat' dir='ltr'>Mrawkoych</span> <span class='ocrx_word' id='word_1_195' title='bbox 1441 4726 1548 4810; x_wconf 88' lang='lat' dir='ltr'>prImo</span> 
     </span>
     <span class='ocr_line' id='line_1_38' title="bbox 285 4835 1157 4918; baseline 0 -22"><span class='ocrx_word' id='word_1_196' title='bbox 285 4836 399 4898; x_wconf 88' lang='lat' dir='ltr'>citatus</span> <span class='ocrx_word' id='word_1_197' title='bbox 422 4855 487 4897; x_wconf 95' lang='lat' dir='ltr'>non</span> <span class='ocrx_word' id='word_1_198' title='bbox 513 4837 692 4918; x_wconf 89' lang='lat' dir='ltr'>comparuit</span> <span class='ocrx_word' id='word_1_199' title='bbox 716 4836 747 4897; x_wconf 95' lang='lat' dir='ltr'>in</span> <span class='ocrx_word' id='word_1_200' title='bbox 773 4835 894 4916; x_wconf 81' lang='lat' dir='ltr'>judicio</span> <span class='ocrx_word' id='word_1_201' title='bbox 918 4855 1025 4900; x_wconf 86' lang='lat' dir='ltr'>coram</span> <span class='ocrx_word' id='word_1_202' title='bbox 1052 4835 1157 4897; x_wconf 90' lang='lat' dir='ltr'>nobis.</span> 
     </span>
    </p>

    <p class='ocr_par' dir='ltr' id='par_1_27' title="bbox 286 4941 1549 5130">
     <span class='ocr_line' id='line_1_39' title="bbox 391 4941 1548 5024; baseline -0.003 -20"><span class='ocrx_word' id='word_1_203' title='bbox 391 4942 468 5004; x_wconf 92' lang='lat' dir='ltr'>Item</span> <span class='ocrx_word' id='word_1_204' title='bbox 494 4943 569 5024; x_wconf 86' lang='lat' dir='ltr'>quia</span> <span class='ocrx_word' id='word_1_205' title='bbox 594 4942 740 5004; x_wconf 89' lang='lat' dir='ltr'>Thomas</span> <span class='ocrx_word' id='word_1_206' title='bbox 772 4941 919 5022; x_wconf 78' lang='lat' dir='ltr'>cheden,</span> <span class='ocrx_word' id='word_1_207' title='bbox 950 4942 1058 5004; x_wconf 89' lang='lat' dir='ltr'>senior</span> <span class='ocrx_word' id='word_1_208' title='bbox 1081 4941 1214 5023; x_wconf 87' lang='lat' dir='ltr'>juratus,</span> <span class='ocrx_word' id='word_1_209' title='bbox 1246 4941 1374 5003; x_wconf 89' lang='lat' dir='ltr'>racione</span> <span class='ocrx_word' id='word_1_210' title='bbox 1398 4957 1548 5021; x_wconf 88' lang='lat' dir='ltr'>procura-</span> 
     </span>
     <span class='ocr_line' id='line_1_40' title="bbox 286 5047 1549 5130; baseline -0.003 -20"><span class='ocrx_word' id='word_1_211' title='bbox 286 5048 388 5110; x_wconf 85' lang='lat' dir='ltr'>cionis</span> <span class='ocrx_word' id='word_1_212' title='bbox 411 5048 625 5130; x_wconf 84' lang='lat' dir='ltr'>quarumdam</span> <span class='ocrx_word' id='word_1_213' title='bbox 649 5049 813 5111; x_wconf 91' lang='lat' dir='ltr'>literarum</span> <span class='ocrx_word' id='word_1_214' title='bbox 839 5069 856 5110; x_wconf 88' lang='lat' dir='ltr'>a</span> <span class='ocrx_word' id='word_1_215' title='bbox 880 5049 969 5130; x_wconf 84' lang='lat' dir='ltr'>regia</span> <span class='ocrx_word' id='word_1_216' title='bbox 990 5048 1154 5110; x_wconf 89' lang='lat' dir='ltr'>Maiestate</span> <span class='ocrx_word' id='word_1_217' title='bbox 1180 5047 1406 5108; x_wconf 81' lang='lat' dir='ltr'>communitati</span> <span class='ocrx_word' id='word_1_218' title='bbox 1431 5059 1549 5124; x_wconf 87' lang='lat' dir='ltr'>nostre,</span> 
     </span>
    </p>
   </div>
   <div class='ocr_carea' id='block_1_5' title="bbox 0 0 1932 5786">
    <p class='ocr_par' dir='ltr' id='par_1_28' title="bbox 0 0 1932 5786">
     <span class='ocr_line' id='line_1_41' title="bbox 0 0 1932 5786; baseline 0 0"><span class='ocrx_word' id='word_1_219' title='bbox 0 0 1932 5786; x_wconf 95' lang='lat' dir='ltr'> </span> 
     </span>
    </p>
   </div>
  </div>
 </body>
</html>
