3852 5814
639 600 842 681 Ann01480.
868 639 909 646 —
932 618 980 681 13.
1008 605 1179 678 septembris.
1480 621 1545 684 499

216 849 219 856 =
281 831 367 879 retur
392 829 422 878 et
447 816 548 878 eciam
573 816 647 897 quia
680 817 776 877 ambo
809 831 883 878 sunt
915 818 1068 894 extranei,
1100 816 1173 878 ideo
1207 835 1271 878 non
1298 817 1401 898 potuit
1425 815 1545 877 dictum

281 923 350 988 flor.
378 924 444 1005 ipse
469 942 548 1004 puer
572 935 709 984 arestare
733 923 801 1002 jure
827 923 999 985 mediante.

388 1029 492 1091 Cause
525 1029 606 1090 inter
639 1029 746 1112 Jwryk
779 1044 810 1090 et
840 1031 1054 1091 Laurencium
1090 1029 1280 1110 Hungarum
1313 1049 1347 1089 ac
1380 1028 1546 1090 dominam

284 1135 381 1197 Blasii
408 1136 560 1197 institoris
577 1135 739 1214 Alemani,
763 1137 898 1197 senioris
915 1136 1041 1216 judicis,
1063 1136 1191 1196 racione
1210 1135 1425 1215 quorumdam
1451 1154 1549 1216 equo-

283 1263 352 1304 rum
379 1257 409 1303 et
434 1241 508 1303 fidei
533 1243 625 1323 jurati
652 1243 927 1323 adjudicaverunt,
952 1243 1040 1324 quod
1074 1241 1195 1324 prelata
1220 1243 1353 1304 domina
1380 1242 1475 1304 debet
1500 1242 1550 1322 ju-

284 1369 352 1410 rare
377 1369 471 1431 super
495 1350 592 1410 altare
622 1364 729 1412 sancte
755 1349 869 1412 Crucis
904 1352 935 1411 in
962 1371 1011 1428 eo,
1045 1350 1133 1430 quod
1168 1351 1235 1432 ipsa
1260 1369 1324 1410 non
1359 1349 1551 1410 assecuravit

283 1453 423 1537 prelatos
447 1456 553 1537 Jwryk
579 1471 609 1517 er
627 1456 841 1518 laurencium
866 1457 1057 1537 Hungarum
1083 1456 1120 1516 de
1140 1456 1299 1537 dampnis,
1324 1470 1354 1518 et
1379 1470 1548 1538 postquam
1579 1505 1581 1512 ,

284 1563 465 1644 depositum
491 1561 586 1624 luerit
610 1561 768 1644 prefatum
802 1562 1029 1642 juramentum,
1063 1561 1202 1644 prelatus
1237 1561 1433 1623 Laurentius
1460 1561 1549 1622 Hun-

282 1687 380 1749 garus
398 1668 493 1730 debet
518 1666 656 1750 prefatos
673 1688 774 1750 equos
792 1669 954 1731 restituere
973 1669 1012 1730 ad
1031 1668 1171 1730 Crisium
1196 1667 1282 1749 juxta
1301 1669 1549 1750 promissionem

284 1795 339 1835 sue
364 1773 438 1836 fidei
461 1775 562 1836 eciam
580 1775 724 1856 quinque
749 1775 817 1837 flor.
830 1797 837 1852 ;
852 1796 887 1836 ea
907 1775 1149 1857 adjudicacione
1168 1774 1309 1856 prelatus
1326 1775 1451 1836 Blasius
1477 1774 1550 1834 Ale·

286 1900 401 1941 manus
426 1894 612 1963 procurator
633 1883 692 1942 'sue
718 1881 848 1943 domine
874 1901 938 1943 non
962 1895 1131 1943 contentus
1155 1901 1281 1942 causam
1307 1881 1485 1963 appellavit
1508 1880 1547 1941 ad

286 1987 428 2048 seniores
452 1986 584 2066 judices.

393 2092 498 2155 Causa
523 2093 605 2154 inter
629 2093 799 2154 Nicolaum
826 2095 981 2155 Horwath
1016 2109 1046 2155 et
1072 2095 1262 2156 Michaelem
1288 2109 1429 2156 sutorem
1454 2113 1549 2174 gene-

287 2219 357 2260 rum
383 2200 469 2260 Luce
494 2199 610 2260 sutoris
634 2199 762 2260 racione
786 2200 1003 2280 quorumdam
1032 2203 1168 2282 sepium,
1201 2202 1275 2282 quia
1302 2199 1393 2280 jurati
1420 2214 1450 2262 et
1474 2201 1552 2260 certi

286 2307 429 2374 seniores
453 2305 574 2386 judices
599 2307 846 2368 ambulaverunt
870 2307 909 2366 ad
942 2307 1115 2368 videndam
1141 2308 1341 2369 locacionem
1367 2305 1444 2367 dicti
1468 2307 1552 2388 sepis

287 2427 317 2474 et
342 2414 533 2474 invenerunt
569 2414 655 2494 quod
682 2413 715 2474 in
743 2413 816 2474 loco
841 2413 951 2474 debito
984 2414 1123 2475 eundern
1157 2434 1266 2496 sepem
1293 2413 1430 2474 Michael
1465 2427 1553 2474 sutor

287 2539 350 2580 non
377 2520 505 2595 locavit,
531 2519 604 2580 ideo
629 2519 722 2599 jurati
742 2520 1017 2598 adjudicaverunt,
1043 2521 1131 2602 quod
1156 2519 1448 2602 prelatusMichael
1465 2533 1553 2581 sutor

287 2639 416 2708 propter
439 2641 544 2686 actum
571 2625 792 2706 potentiarum
820 2627 878 2708 ipsi
901 2627 1037 2687 Nicolao
1057 2626 1211 2687 Horwath
1236 2627 1267 2687 in
1294 2626 1405 2688 decern
1422 2627 1554 2706 griwnis

289 2746 334 2794 est
360 2733 525 2793 convictus
550 2748 579 2792 et
613 2732 886 2813 condempnatus;
923 2734 977 2793 sed
1010 2734 1098 2813 quod
1124 2732 1264 2814 prelatus
1297 2732 1433 2794 Michael
1465 2745 1553 2793 sutor

287 2837 369 2900 fodit
393 2853 424 2899 et
447 2839 636 2919 ligonizavit
662 2839 694 2898 in
720 2837 839 2920 (h)orto
858 2837 931 2899 dicti
948 2839 1072 2900 Nicolai
1100 2839 1254 2900 Horwath
1273 2839 1439 2920 querendo
1458 2858 1553 2920 quos·

289 2944 361 3005 darn
389 2945 490 3026 palos,
515 2957 645 3026 propter
663 2944 723 3006 hoc
749 2945 778 3004 in
802 2944 893 3004 nullo
910 2945 1096 3024 gravamine
1116 2959 1161 3005 est
1179 2945 1434 3026 condempnatus
1450 2958 1554 3026 preter

289 3051 313 3111 si
339 3051 461 3132 aliquid
488 3051 618 3132 dampni
639 3049 711 3111 lecit
735 3051 765 3110 in
791 3051 995 3112 seminaturis
1020 3051 1070 3112 vel
1089 3051 1118 3111 in
1145 3051 1227 3126 alio;
1253 3071 1289 3111 ea
1307 3050 1550 3130 adjudicatione

290 3157 401 3219 ultima
427 3157 580 3218 Nicolaus
606 3155 760 3218 Horwath
786 3177 850 3218 non
884 3170 1052 3218 contentus
1081 3176 1208 3217 causam
1242 3157 1415 3238 appellavit
1439 3158 1477 3218 ad
1503 3177 1550 3217 se-

292 3264 396 3324 niores
421 3263 551 3344 judices.
577 3263 654 3324 Item
680 3263 719 3324 de
745 3262 867 3344 prelato
893 3264 1031 3344 birsagio
1065 3263 1127 3324 due
1159 3277 1263 3344 partes
1288 3265 1405 3324 debent
1437 3264 1549 3326 cedere

290 3371 370 3450 parti
396 3370 528 3431 adversa
553 3384 583 3430 et
607 3370 703 3430 tercia
728 3369 824 3449 judici
851 3389 925 3430 cum
949 3370 1069 3448 juratis.

396 3477 500 3538 Causa
526 3477 607 3538 inter
632 3477 780 3538 Vrsulam
799 3475 897 3537 filiam
924 3477 1142 3537 Plozkawicze
1168 3491 1198 3537 et
1216 3477 1415 3539 Anthonium
1443 3479 1553 3560 Mysek

289 3585 416 3644 racione
449 3583 616 3644 cuiusdam
649 3583 885 3644 testamentarie
918 3583 1094 3662 legacionis
1126 3603 1181 3664 per
1213 3603 1343 3646 uxorem
1377 3583 1452 3644 dicti
1489 3589 1553 3645 An-

289 3690 391 3751 thonii
417 3709 560 3751 sororem
586 3688 706 3770 prefate
735 3689 849 3750 Vrsule
882 3687 962 3750 facte
995 3701 1025 3749 et
1049 3689 1128 3770 (per)
1161 3689 1361 3750 Anthonium
1396 3688 1552 3770 prelatum

291 3811 421 3874 retente,
446 3817 481 3857 ac
507 3798 601 3857 unius
627 3795 694 3856 flor.
721 3808 752 3857 et
775 3810 935 3856 certorum
961 3795 1117 3856 siccorum
1145 3795 1278 3876 piscium
1305 3796 1397 3874 jurati
1424 3796 1553 3856 invene-

289 3919 374 3982 runt,
400 3906 487 3985 quod
514 3905 642 3965 racione
667 3904 743 3963 dicti
769 3904 947 3964 testamenti
978 3915 1007 3963 et
1032 3903 1188 3964 siccorum
1214 3903 1348 3984 piscium
1375 3903 1469 3964 debet
1487 3901 1552 3964 fieri

289 4011 407 4072 dilacio
426 4031 526 4090 usque
552 4011 691 4091 primum
710 4009 864 4089 judicium
890 4009 1109 4070 consistoriale
1128 4021 1158 4068 et
1175 4029 1275 4089 usque
1301 4009 1553 4090 produccionem

289 4119 428 4194 testium,
454 4118 572 4198 quibus
596 4137 628 4176 se
653 4131 756 4198 partes
789 4115 971 4195 allegabant
1004 4114 1207 4190 defensuras;
1240 4116 1293 4176 sed
1320 4115 1447 4175 racione
1473 4114 1553 4192 flor„

290 4243 385 4304 quem
413 4221 554 4305 prelatus
573 4223 755 4284 Anthonius
780 4241 844 4282 non
864 4223 1002 4301 negavit,
1020 4221 1284 4300 adjudicaverunt
1309 4222 1396 4302 quod
1414 4222 1552 4282 eundem

290 4329 358 4390 flor.
385 4328 526 4411 prelatus
559 4329 741 4389 Anthonius
774 4329 888 4389 debeat
920 4329 1061 4402 solvere;
1096 4348 1131 4387 ea
1164 4327 1406 4408 adjudicacione
1431 4327 1552 4390 Antho-

290 4437 361 4496 nius
387 4455 450 4496 non
478 4449 647 4496 contentus
672 4454 799 4494 causam
824 4449 924 4495 totam
950 4434 1125 4515 appellavit
1150 4434 1188 4494 ad
1213 4435 1354 4495 seniores
1378 4433 1508 4515 judices.

355 4603 449 4675 Feria
489 4605 646 4692 proxima
675 4612 753 4672 ante
782 4603 904 4673 festum
934 4622 991 4672 seu
1020 4601 1051 4672 in
1082 4601 1229 4689 profesto
1259 4602 1487 4673 Exaltacioois

783 4735 899 4797 sancte
928 4725 1053 4796 Crucis.

788 4883 848 4954 (13.
873 4879 1054 4954 septembres).

398 5003 431 5063 ln
457 5022 550 5064 causa
569 5003 687 5064 nobilis
705 5001 827 5063 Nicolai
856 5000 1008 5062 Horwath
1032 5013 1062 5061 et
1080 4999 1210 5062 domine
1229 5002 1310 5062 Nesa
1337 5015 1447 5061 vocate
1478 5020 1553 5062 con-

293 5109 387 5170 sortis
418 5108 573 5188 eiusdem,
606 5113 645 5170 ab
678 5128 759 5186 una,
792 5122 822 5168 et
856 5105 1052 5188 Stephanum
1086 5107 1246 5167 literatum
1279 5107 1382 5168 virum
1415 5107 1552 5168 condam

1453 5194 1464 5220 ἦ
