3738 5786
591 581 677 638 Anno
700 590 791 656 1454.
816 612 859 621 —
883 592 930 654 15.
954 578 1062 636 martii.
1426 574 1465 655 67

204 686 584 695 ——-————--—-
778 685 827 690 --
911 684 942 688 —.
1010 683 1187 690 ......--..-

200 794 299 855 dictus
323 805 425 854 sartor
449 793 488 853 ad
514 809 642 852 usuram
668 809 725 872 pro
750 789 916 851 solucione
938 808 1047 850 earum
1073 789 1286 872 pecuniarum
1311 801 1342 849 et
1367 787 1466 870 ipsius

201 919 293 960 usure
326 911 500 981 receperat,
534 897 676 959 totaliter
709 895 913 974 devenerant,
946 897 986 956 ab
1019 896 1134 958 eodem
1169 897 1248 978 Elya
1273 894 1376 956 ludeo
1408 913 1467 975 pro

202 1005 315 1066 llllllll
348 1007 419 1069 flor.
453 1025 508 1087 per
539 1004 677 1065 eundem
712 1002 919 1064 Valentinum
946 1003 1004 1084 ipsi
1038 1003 1120 1084 Elve
1145 1003 1248 1064 ludeo
1280 1001 1320 1062 ad
1351 1001 1466 1062 scitum

202 1111 387 1172 eorumdem
413 1109 651 1191 fidedignorum
677 1110 819 1170 virorum
852 1109 1033 1170 concivium
1060 1122 1243 1170 nostrorum
1276 1106 1370 1189 plene
1395 1127 1465 1189 per-

201 1219 389 1296 solutorum‚
422 1217 551 1278 emisset
582 1229 738 1298 perpetuo
763 1215 982 1297 possidendas,
1014 1227 1109 1296 prout
1138 1214 1197 1276 boc
1230 1214 1288 1296 ipsi
1313 1212 1466 1294 fidedigni

202 1339 230 1386 et
252 1323 376 1386 honesti
402 1324 461 1384 viri
486 1342 560 1385 curn
584 1322 793 1404 deposicione
818 1321 988 1404 juramenti
1011 1341 1067 1402 per
1091 1340 1149 1382 nos
1173 1319 1308 1400 adjurati
1334 1320 1464 1381 certitu-

202 1431 347 1492 dinaliter
372 1429 619 1502 confirmarunt3
645 1429 784 1512 ideoque
807 1449 865 1490 nos
883 1429 1011 1491 easdem
1035 1443 1098 1491 tres
1122 1429 1291 1511 porciones
1314 1428 1466 1506 vineales,

203 1537 451 1616 condicionales,
474 1556 547 1598 cum
573 1556 683 1598 earum
707 1537 899 1598 utilitatibus
924 1551 954 1597 et
985 1537 1177 1598 condicione
1201 1555 1237 1597 ac
1262 1535 1467 1618 pertinenciis

203 1644 356 1704 universis
381 1643 485 1704 eidem
511 1643 684 1706 Valentino
710 1643 804 1704 Bleso
829 1643 984 1724 premisso
1013 1642 1192 1724 empcionis
1215 1641 1311 1704 titulo
1335 1642 1393 1703 sibi
1420 1641 1467 1703 in·

202 1750 363 1810 cumbenti
396 1749 565 1811 statuimus
599 1763 631 1810 et
662 1748 923 1810 confirmavimus
954 1763 1111 1832 perpetuo
1147 1761 1178 1810 et
1213 1748 1467 1810 irrevocabiliter

203 1857 409 1938 possidendae
433 1871 464 1918 et
488 1856 795 1937 quomodocumque
821 1857 958 1917 voluerit
983 1854 1209 1938 disponendas.

306 1961 384 2024 ltem
409 1975 475 2024 tota
505 1962 719 2024 communitas
736 1962 853 2024 civium
872 1961 1012 2044 predicte
1038 1962 1183 2039 civitatis,
1208 1961 1357 2024 videlicet
1370 1961 1464 2044 judex

204 2067 376 2130 modernus
388 2081 420 2129 et
435 2068 577 2130 seniores
591 2068 721 2146 iudices,
740 2068 898 2150 iuratique
916 2081 981 2129 tam
999 2068 1145 2130 moderni
1163 2087 1259 2149 quam
1274 2068 1416 2130 seniores
1429 2087 1465 2129 ac

204 2175 375 2236 consiliarii
401 2189 431 2236 et
449 2175 589 2236 universi
614 2175 698 2236 cives
722 2195 758 2236 ac
782 2187 847 2236 tota
866 2175 932 2257 ipsa
958 2175 1172 2236 communitas
1196 2175 1313 2236 civium
1333 2175 1469 2236 civitatis

203 2295 366 2362 prenotate
398 2281 544 2342 unanimi
576 2295 607 2342 et
638 2281 789 2343 concordi
822 2301 858 2342 ac
890 2282 958 2363 pari
982 2281 1147 2344 voluntate
1180 2281 1276 2342 simul
1309 2281 1340 2342 in
1366 2299 1466 2342 unum

203 2388 289 2449 dives
314 2402 344 2449 et
370 2407 491 2470 pauper
523 2401 715 2469 proventum
739 2407 795 2449 seu
827 2407 961 2450 censum
994 2387 1088 2448 unius
1120 2387 1233 2449 floreni
1258 2388 1337 2466 auri,
1370 2405 1466 2468 quem

205 2495 356 2555 Nicolaus
380 2493 474 2572 judex
500 2491 584 2554 lilius
602 2492 756 2556 Demetrii
782 2493 821 2554 dc
839 2493 979 2574 quadam
1004 2494 1096 2554 vinea
1115 2513 1170 2554 sua
1195 2492 1410 2554 condicionali
1428 2492 1468 2553 ad

205 2600 467 2661 communitatem
492 2619 548 2660 seu
573 2599 760 2660 comitatum
794 2599 892 2680 vulgo
918 2601 1035 2681 knesya
1069 2599 1190 2660 dictum
1215 2602 1381 2660 annuatim
1405 2598 1467 2659 sol-

205 2726 277 2768 vere
300 2707 483 2782 tenebatur,
509 2705 613 2766 eidem
639 2705 774 2766 Nicolao
799 2704 897 2786 judici
931 2725 1033 2787 usque
1058 2706 1096 2766 ad
1122 2719 1259 2767 mortem
1284 2725 1373 2766 suam
1397 2723 1467 2785 gra·

206 2813 287 2873 ciose
311 2813 434 2893 absque
458 2811 624 2873 solucione
649 2811 833 2892 pecuniaria
861 2812 1003 2891 graciose
1029 2811 1182 2873 relaxavit
1206 2811 1259 2890 ita,
1284 2811 1372 2892 quod
1396 2821 1468 2892 post

205 2933 337 2979 mortem
364 2917 465 3002 ipsius
489 2916 614 2978 Nicolai
640 2917 754 2998 judicis
776 2917 874 2999 ipsius
899 2930 929 2978 et
946 2917 1090 2979 eiusdem
1116 2917 1241 2979 Nicolai
1267 2916 1381 2998 judicis
1398 2935 1466 2976 suc-

205 3043 341 3086 cessores
358 3037 389 3086 ct
405 3023 540 3085 heredes
563 3042 599 3084 ac
616 3023 735 3106 posteri
755 3023 894 3084 universi
912 3024 1051 3084 cundem
1068 3043 1200 3085 censum
1225 3037 1256 3084 et
1273 3036 1466 3104 proventum

207 3130 304 3212 ipsius
320 3130 492 3192 comitatus
508 3142 614 3190 nostre
636 3129 875 3191 communitatis
899 3131 937 3191 ad
956 3131 1221 3192 communitatem
1239 3149 1294 3192 seu
1312 3129 1351 3190 ad
1368 3129 1466 3190 comi·

205 3248 304 3298 tatum
329 3235 509 3317 predictum
533 3255 659 3318 semper
682 3235 805 3297 solvere
830 3237 1033 3299 tenebuntur.

309 3342 386 3403 ltem
413 3341 569 3404 Martinus
592 3356 682 3403 sutor
706 3341 892 3424 Hanczetyn
922 3357 1032 3404 contra
1052 3341 1185 3404 Elenam
1219 3341 1464 3403 candelatricem

208 3448 351 3531 Kusycza
377 3448 494 3510 dictam
519 3447 624 3530 primo
649 3447 762 3510 citatus
786 3468 850 3510 non
876 3450 1065 3530 comparuit.

309 3554 386 3616 ltem
413 3553 589 3635 Gregorius
613 3553 732 3615 barber
763 3567 873 3616 contra
906 3555 1112 3616 Franciscum
1146 3553 1336 3636 freniparem
1363 3553 1467 3636 primo

207 3659 318 3721 citatus
342 3679 407 3720 non
434 3659 623 3742 comparuit.

309 3765 387 3827 ltem
413 3765 558 3826 Andreas
581 3779 670 3827 sutor
694 3778 804 3828 contra
836 3765 1037 3828 Clementem
1068 3765 1193 3828 fabrum
1226 3767 1331 3850 primo
1355 3767 1467 3828 citatus

206 3890 269 3931 non
294 3871 484 3953 comparuit,

310 3976 389 4038 ltem
415 3977 588 4059 Dyonisius
606 3977 771 4060 Wodopia
789 3993 897 4040 contra
916 3978 1093 4060 Georgium
1119 3979 1301 4061 pellificem‚
1318 3979 1467 4060 juratum,

205 4082 306 4164 primo
331 4083 445 4144 citatus
470 4103 533 4145 non
559 4085 750 4166 comparuit.

311 4188 388 4251 ltem
413 4189 489 4270 quia
515 4189 689 4270 Gregorius
703 4191 843 4272 agricola
868 4191 953 4253 filius
970 4193 1064 4271 Petri,
1090 4191 1192 4254 dictus
1217 4192 1467 4275 Chezanychyn‚

206 4295 346 4356 concivis
363 4309 480 4374 noster,
506 4297 604 4358 nostri
623 4297 754 4360 veniens
779 4298 810 4359 in
836 4299 1033 4380 presenciam
1051 4299 1144 4360 nobis
1161 4317 1199 4360 eo
1225 4299 1323 4360 modo
1348 4299 1467 4379 signifi·

207 4421 276 4462 care
300 4402 433 4480 curavit,
450 4415 485 4464 ut
509 4403 576 4484 ipse
594 4405 625 4463 in
643 4403 790 4464 dominio
814 4405 979 4465 cuiusdam
999 4404 1105 4486 (h)orti
1124 4405 1171 4464 aui
1197 4404 1299 4465 civilis
1323 4405 1355 4464 in
1379 4405 1469 4466 terri-

206 4507 287 4569 torio
320 4521 431 4570 nostro
466 4528 523 4570 seu
555 4509 690 4571 civitatis
721 4511 862 4592 predicte
899 4525 984 4572 extra
1010 4511 1134 4572 Novam
1167 4525 1291 4592 portam
1325 4511 1468 4574 eiusdem

206 4615 340 4676 civitatis
364 4616 447 4677 inter
471 4615 624 4698 (h)ortum
643 4617 741 4678 Marci
766 4617 905 4699 agricole
928 4617 984 4679 lilii
1005 4618 1093 4678 Pauli
1119 4617 1211 4697 jurati
1230 4617 1304 4679 dicti
1331 4618 1468 4701 Zydow-

206 4719 347 4803 chycha
380 4722 559 4784 meridiane
584 4735 615 4783 et
648 4723 730 4784 inter
760 4724 873 4784 silvam
898 4743 954 4784 seu
978 4723 1154 4804 virgultum
1186 4724 1365 4785 Sebastiani
1393 4723 1468 4784 dicti

206 4825 366 4909 Soldynar
399 4847 416 4890 a
448 4829 676 4910 septemtrione
700 4829 812 4908 habiti,
843 4830 979 4912 desuper
1011 4851 1027 4890 a
1061 4829 1110 4890 via
1144 4831 1309 4891 communi
1334 4843 1364 4892 et
1389 4828 1469 4890 infra

208 4951 308 5014 usque
333 4935 473 4996 rivulum
497 4955 554 4996 seu
578 4949 720 4998 meatum
744 4951 799 4998 aut
823 4938 992 4998 decursum
1024 4956 1106 5017 aque
1131 4937 1281 5018 pluvialis
1305 4956 1337 4996 se
1363 4950 1469 4997 exten-

210 5038 323 5118 dentis,
348 5055 446 5102 unam
472 5055 617 5104 octavam
643 5043 734 5104 curie
753 5043 793 5103 ad
818 5061 910 5104 usum
929 5043 1065 5105 civitatis
1089 5044 1229 5124 predicte
1255 5044 1286 5103 in
1311 5063 1344 5104 se
1369 5044 1469 5103 conti·

1367 5148 1383 5184 ss
