3644 5788
553 475 756 552 Ann01459.
779 507 822 519 -
846 488 895 552 14.
918 475 1080 537 decembris.
1401 477 1457 560 183

297 685 379 748 Item
403 704 532 748 causam
556 685 639 748 inter
664 685 849 768 Philippum
883 699 1027 748 sutorem
1058 699 1090 749 et
1114 686 1304 750 Conradum
1329 689 1460 750 Rawsar

190 792 355 856 seniorem
386 790 526 874 judicem
557 791 646 874 prius
676 811 734 874 per
763 791 885 874 juratos
916 791 1131 873 adjudicatam
1163 793 1306 856 seniores
1336 793 1459 876 judices

193 898 477 962 confirmaverunt.

298 1005 378 1068 Item
403 1023 531 1067 causam
564 1005 647 1066 inter
671 1005 847 1088 Symonem
879 1019 1021 1066 sutorem
1054 1018 1085 1067 et
1107 1004 1293 1068 Ladislaum
1319 1005 1458 1068 Czaran-

190 1110 333 1173 thowich
359 1111 438 1173 aiias
461 1131 519 1192 per
541 1109 661 1193 juratos
685 1110 860 1192 judicatam
883 1111 1012 1174 racione
1041 1111 1257 1193 quorumdam
1285 1112 1459 1195 vituperio-

192 1237 262 1278 rum
288 1237 437 1279 necnon
469 1217 629 1300 potencie,
653 1236 751 1299 quam
783 1214 926 1298 prefatus
958 1217 1080 1301 Symon
1114 1231 1203 1278 sutor
1234 1237 1330 1300 super
1353 1217 1458 1300 ipsum

192 1323 406 1406 proclamavit
430 1343 467 1384 ac
488 1342 582 1405 pene,
607 1341 703 1406 quam
729 1323 848 1385 Paulus
879 1323 1000 1405 juratus
1033 1323 1184 1385 videlicet
1207 1323 1352 1405 quinque
1376 1345 1458 1386 mar·

193 1450 303 1492 carum
328 1430 434 1492 eidem
459 1429 610 1492 LadisIao
641 1429 795 1512 imposuit
816 1443 847 1490 et
870 1429 936 1512 ipse
971 1430 1137 1492 Ladislaus
1161 1449 1226 1491 non
1259 1443 1366 1491 curata
1390 1431 1457 1512 Ipsa

194 1558 276 1620 pena
302 1538 439 1600 eundem
456 1536 561 1618 fregit,
589 1537 731 1598 seniores
754 1535 877 1617 judices
904 1537 949 1599 sic
978 1537 1252 1619 adjudicaverunt,
1277 1536 1365 1618 quod
1382 1538 1458 1619 quia

191 1643 336 1726 prefatus
362 1643 529 1706 LadisIaus
553 1644 658 1726 ipsum
684 1643 860 1726 Symonem
890 1658 1030 1706 sutorem
1057 1643 1260 1725 vituperavit,
1284 1643 1358 1706 ideo
1383 1662 1458 1706 con·

192 1752 295 1812 victus
319 1763 368 1812 est
391 1751 422 1812 in
449 1749 562 1812 decem
586 1750 694 1832 pensis
725 1749 943 1828 denari0rum,
969 1750 1000 1811 in
1033 1750 1180 1832 potencia
1213 1763 1321 1812 autern
1359 1769 1457 1831 quam

192 1877 290 1940 super
315 1858 420 1940 ipsum
446 1856 656 1939 proclamavit
688 1855 816 1918 racione
848 1856 1015 1919 cuiusdam
1044 1876 1153 1919 currus
1184 1857 1244 1918 sibi
1270 1875 1326 1939 per
1356 1857 1457 1918 aIium

193 1963 408 2043 accomodatI,
433 1964 487 2025 ille
505 1977 551 2025 est
567 1963 732 2024 convictus
748 1963 804 2044 qui
821 1962 1044 2024 accomodavit
1061 1963 1164 2045 ipsum
1183 1982 1322 2041 currum,
1339 1981 1455 2044 penam

195 2071 297 2131 eciam
323 2069 383 2130 sibi
408 2069 592 2152 impositam
616 2068 832 2151 periuratum
858 2068 963 2130 eidem
988 2067 1091 2150 jurato
1116 2070 1269 2132 exsolvat.

299 2176 376 2238 Item
403 2195 531 2238 causam
557 2177 638 2238 Inter
663 2175 810 2237 homines
834 2173 997 2256 magnifici
1029 2174 1151 2236 domiui
1178 2175 1307 2236 MattIni
1332 2189 1363 2236 et
1385 2195 1455 2236 suc-

195 2302 359 2345 cessorum
395 2283 533 2344 condam
565 2283 694 2344 Thome
719 2282 872 2344 institoris
894 2281 1022 2343 racione
1053 2281 1267 2362 quarumdam
1298 2301 1455 2364 repressa-

192 2390 308 2450 Iiarum
342 2409 398 2450 seu
423 2408 530 2451 rerum
560 2408 618 2471 per
650 2389 754 2470 ipsum
788 2388 952 2451 Thomam
984 2407 1022 2449 eo
1048 2388 1174 2449 vivente
1207 2401 1382 2450 arestarum
1415 2387 1455 2449 ad

191 2497 429 2578 quiuquaginta
452 2495 523 2558 flor.
540 2515 573 2558 se
591 2495 837 2557 extendencium
853 2495 1000 2578 superius
1021 2514 1076 2578 per
1101 2493 1222 2575 juratos
1239 2493 1455 2576 adjudicatam

190 2602 334 2664 seniores
357 2601 480 2683 judices
504 2599 786 2663 confirmaverunt.

299 2708 377 2769 Item
402 2727 531 2770 causam
556 2709 638 2769 Inter
659 2707 779 2790 juratos
811 2706 948 2768 condam
982 2707 1092 2768 Jacobi
1117 2707 1280 2788 Eberspek
1316 2709 1455 2770 condam

191 2814 306 2894 judicis
339 2829 369 2876 et
393 2833 611 2876 successorum
643 2813 787 2876 eiusdem
819 2814 946 2875 racione
979 2813 1195 2895 quorumdam
1227 2813 1359 2875 XXXIII
1385 2813 1454 2877 flor.

191 2921 342 3003 superius
365 2940 422 3003 per
454 2920 574 3002 juratos
606 2918 833 3002 adjudIcatam,
863 2919 1005 2982 seniores
1028 2919 1150 3001 judices
1182 2920 1226 2982 sic
1250 2919 1454 2999 adjudicave-

189 3043 274 3106 runt,
306 3027 395 3110 quod
419 3027 495 3109 quia
527 3025 668 3109 prefatus
700 3027 836 3088 condam
870 3026 1009 3088 Iacobus
1042 3027 1206 3109 Eberspek
1237 3041 1381 3109 tempore
1406 3027 1454 3088 sui

187 3133 350 3214 judicatus
374 3153 447 3195 cunr
472 3133 548 3214 ipsis
571 3132 683 3214 juratis
706 3133 772 3193 suis
795 3130 935 3214 prefatos
958 3132 1091 3194 XXXIII
1122 3133 1202 3211 flor,
1228 3133 1364 3193 invicem
1389 3151 1455 3213 quo

189 3242 235 3304 eis
259 3241 391 3323 placuit,
425 3239 509 3318 iecit,
543 3240 617 3302 ideo
650 3239 855 3302 medietatem
890 3239 1033 3320 ipsorum
1065 3239 1261 3300 florenorum
1294 3259 1456 3300 successor

193 3346 306 3429 prefati
322 3347 459 3408 condam
474 3345 585 3408 Jacobi
599 3345 762 3428 Eberspek
778 3345 902 3407 solvere
917 3345 1057 3425 debebit,
1070 3345 1227 3427 reliquam
1242 3364 1318 3406 vero
1335 3344 1455 3406 medie-

193 3467 291 3515 tatem
315 3451 431 3535 preiati
455 3451 560 3534 jurati.
779 3443 783 3452 ’

299 3559 378 3621 Item
403 3559 620 3640 juramentum
644 3559 732 3640 quod
758 3557 926 3620 Termsich
953 3573 1061 3620 contra
1088 3557 1241 3618 Mathiam
1267 3555 1392 3618 fabrum
1418 3577 1453 3617 ac

193 3685 326 3727 uxorem
352 3685 442 3726 suam
466 3665 527 3726 sibi
552 3685 609 3746 per
632 3664 752 3747 juratos
775 3663 1004 3746 adjudicatum,
1025 3662 1140 3724 eodem
1164 3663 1216 3724 die
1242 3663 1286 3724 uti
1312 3661 1452 3723 debebat

189 3771 352 3852 deposuit,
377 3785 407 3832 et
431 3771 572 3853 prefatus
589 3771 725 3832 Mathias
749 3769 837 3832 faber
862 3791 897 3832 ac
922 3789 1002 3830 uxor
1025 3790 1081 3830 sua
1110 3770 1195 3832 misit
1227 3789 1300 3830 eum
1326 3769 1452 3850 quitum

188 3892 219 3938 et
242 3877 429 3958 expeditum
454 3895 551 3958 quem
577 3891 607 3937 et
631 3896 690 3938 nos
714 3877 871 3938 mittImus
895 3878 935 3937 ab
960 3876 1029 3956 ipso
1051 3874 1232 3955 juramento
1258 3874 1454 3936 absolutum.

294 3985 374 4045 Item
399 3983 580 4066 Stephanus
604 3985 776 4066 Hungarus
800 3984 878 4046 alias
908 4003 1007 4064 gener
1039 3981 1174 4043 condam
1201 3981 1325 4042 domini
1352 3982 1452 4042 Bene-

190 4091 267 4152 dicti
292 4091 436 4172 episcopi
454 4090 586 4152 ecclesie
604 4091 818 4171 zagrabiensis
830 4090 871 4152 de
895 4090 987 4152 Felse
1006 4089 1139 4150 Lindvva
1157 4101 1266 4150 contra
1285 4087 1454 4150 Bartholo-

189 4216 299 4258 meum
326 4195 457 4278 Gaydar
481 4196 582 4258 civem
602 4197 642 4258 de
667 4197 889 4278 Rakarspurga
908 4216 943 4258 ac
961 4195 1126 4257 dominam
1145 4195 1283 4256 Barbara
1310 4209 1454 4255 vocatam

188 4322 323 4364 uxorem
357 4322 447 4364 suam
481 4303 671 4384 legittImam
704 4303 833 4364 racione
870 4301 1083 4382 quarumdam
1118 4319 1328 4382 expensarum
1360 4319 1456 4382 super

188 4407 324 4470 domum
350 4422 507 4471 muratam
534 4422 565 4471 et
590 4409 660 4470 aliis
683 4408 940 4491 possessionibus
966 4408 1065 4490 IpsIus
1090 4407 1121 4467 iu
1147 4406 1275 4468 civitate
1300 4419 1407 4468 nostra
1425 4421 1456 4468 et

188 4514 258 4574 eius
282 4515 442 4576 territorio
460 4514 650 4594 habitatum,
676 4529 748 4597 post
768 4529 905 4576 mortem
922 4511 1034 4596 prefati
1052 4513 1191 4574 condam
1210 4513 1333 4574 domini
1354 4513 1454 4574 Bene-

190 4621 268 4681 dicti
293 4621 436 4702 episcopi
460 4634 613 4703 tanquam
636 4622 882 4703 gubernatorem
902 4620 1066 4698 factarum,
1084 4641 1179 4703 super
1202 4635 1330 4682 centum
1355 4634 1385 4681 et
1402 4641 1454 4680 sex

190 4727 261 4788 flor.
287 4727 354 4786 auri
380 4746 415 4788 ac
440 4727 566 4788 duabus
594 4727 692 4788 iuntis
724 4727 929 4788 denariorum
962 4727 1205 4810 wyennensium
1239 4727 1454 4808 juramentum
1528 4748 1531 4752 ·

191 4833 237 4894 uti
265 4833 403 4894 debebat
428 4833 588 4917 deposuit,
613 4847 643 4896 et
667 4853 763 4917 super
787 4853 825 4895 eo
851 4853 908 4894 nos
933 4833 1078 4894 misimus
1110 4833 1250 4894 eundem
1275 4833 1398 4912 quitum
1427 4845 1455 4894 et

192 4940 389 5021 expeditum.
442 4985 445 4990 -
