3644 5788
537 603 623 660 Anno
646 615 739 679 1459.
764 636 805 644 -
823 617 879 680 31.
904 603 1035 676 augusti.
1360 627 1418 688 ¹77

151 705 213 712 ..ι-ο-

254 811 333 872 Item
359 812 502 873 seniores
533 812 657 894 judices
689 813 870 896 potenciam
904 833 961 897 per
991 814 1113 898 juratos
1137 817 1218 878 iuter
1243 817 1415 880 Nicolaum

148 930 288 978 sutorem
316 931 347 979 et
373 919 537 1000 waarich
569 919 785 1000 adjudicatam
817 920 862 981 sic
887 935 918 982 et
941 940 980 983 eo
1012 922 1111 984 modo
1136 922 1416 1002 adjudicaverunt,

148 1024 233 1102 quod
260 1024 336 1104 quia
363 1023 504 1105 prelatus
520 1025 675 1087 Nicolaus
698 1027 810 1088 vinum
834 1047 889 1088 sua
907 1041 1082 1110 spontanea
1102 1029 1267 1090 voluntate
1292 1029 1416 1110 prelato

147 1129 316 1212 waarich
342 1129 443 1209 dedit,
468 1131 639 1214 ipsumque
664 1132 777 1194 vinum
800 1131 942 1215 prelatus
967 1133 1131 1216 waarich
1156 1153 1270 1216 perse
1294 1136 1414 1218 persol-

147 1256 219 1298 vere
245 1256 315 1297 non
340 1237 457 1318 potuit,
482 1237 570 1319 quod
594 1252 702 1300 tamen
727 1259 783 1320 per
808 1239 907 1301 alium
941 1239 1000 1322 ipsi
1026 1241 1161 1302 Nicolao
1185 1243 1285 1303 sutori
1310 1243 1415 1304 solve·

147 1344 240 1404 batur
265 1343 341 1404 ideo
366 1344 547 1425 potenciam
574 1357 684 1407 contra
709 1345 848 1407 eundem
871 1346 1101 1428 proclamatum
1127 1366 1191 1407 non
1217 1349 1322 1430 potuit
1338 1368 1410 1430 pro-

147 1451 285 1512 clamare
311 1465 343 1512 et
367 1453 409 1512 ob
434 1451 494 1513 hoc
519 1453 551 1513 in
576 1450 661 1515 lacto
684 1453 883 1534 potenciario
912 1471 976 1514 non
1002 1466 1048 1514 est
1071 1453 1247 1516 convictus.

250 1557 332 1620 ltem
357 1545 510 1620 Clemens
534 1558 773 1620 molendinator
797 1573 907 1620 contra
927 1557 1120 1620 Michaelem
1141 1573 1281 1621 sutorem
1308 1561 1414 1642 primo

148 1663 260 1725 citatus
285 1683 351 1726 non
378 1665 567 1748 comparuit.

147 1899 236 1972 leria
268 1908 369 1972 sexta
388 1900 540 1990 proxima
570 1909 646 1991 post
666 1903 789 1974 lestum
810 1903 1041 1976 llecolaclonis
1069 1903 1234 1993 johannis
1250 1904 1412 1994 Baptista.

672 2059 736 2133 (31.
759 2059 901 2132 augusti).

250 2196 330 2258 ltem
348 2195 502 2258 Clemens
517 2195 759 2258 molendinator
772 2211 882 2260 contra
900 2197 1091 2260 Michaelem
1108 2211 1250 2259 sutorem
1268 2197 1411 2260 secundo

150 2302 259 2364 citatus
283 2322 349 2364 non
375 2303 566 2385 comparuit.

249 2409 330 2472 Item
354 2429 482 2471 causam
515 2411 598 2471 inter
621 2410 796 2472 Martinam
821 2424 853 2473 et
878 2411 998 2472 Lucam
1022 2424 1146 2473 sutores
1170 2411 1298 2473 racione
1325 2429 1405 2492 quo·

148 2514 291 2576 rumdam
316 2515 562 2597 vituperiorum‚
588 2516 744 2578 Martinus
775 2517 882 2578 senior
917 2516 1012 2594 judex
1036 2537 1073 2578 ex
1105 2537 1263 2579 consensu
1295 2531 1405 2578 nostro

147 2633 175 2680 et
198 2621 341 2701 parcium
367 2622 534 2682 ambarum
565 2621 751 2703 prorogavit
783 2641 884 2704 usque
916 2623 955 2684 ad
988 2623 1084 2684 aliam
1110 2623 1162 2684 die
1193 2623 1405 2704 judiciariam.

249 2727 327 2790 ltem
351 2747 408 2810 per
432 2729 603 2790 instantem
621 2729 815 2811 peticionem
833 2729 1066 2792 nonnullorum
1091 2731 1266 2811 proborum
1291 2741 1322 2792 et
1345 2729 1402 2792 ho·

146 2847 305 2896 nesrorum
331 2834 472 2896 virorum
490 2835 652 2916 signanter
669 2853 745 2896 vero
769 2833 967 2897 honorabilis
984 2835 1107 2896 domini
1133 2835 1257 2896 Nicolai
1275 2835 1403 2917 plebani

145 2941 335 3021 parochialis
359 2941 492 3004 ecclesie
516 2953 624 3003 nostre
647 2943 862 3004 communitas
886 2941 1020 3003 indulsit
1044 2959 1189 3002 excessus
1213 2940 1332 3002 Mathie
1350 2941 1403 3002 tri·

147 3047 259 3109 butarii
284 3048 414 3110 racione
437 3066 502 3109 non
520 3047 738 3130 deposicionis
754 3047 926 3128 juramenti
942 3061 1073 3130 propter
1089 3047 1255 3128 quoddam
1273 3045 1404 3108 lurtum.

249 3154 324 3216 ltem
344 3154 504 3236 Georgius
518 3153 706 3216 Ztharibecz
724 3168 834 3216 contra
851 3153 1054 3217 Clementem
1072 3153 1282 3215 monoculum
1301 3153 1406 3235 primo

145 3261 255 3322 citatus
277 3281 343 3323 non
369 3261 559 3343 comparuit.

246 3367 322 3430 ltem
348 3387 477 3430 causam
502 3369 584 3430 inter
609 3368 729 3429 Lucam
750 3381 891 3430 sutorem
917 3380 948 3429 et
972 3366 1165 3449 Gregorium
1191 3365 1405 3428 Wrecharich

143 3474 268 3535 racione
302 3473 504 3537 vendicionis
539 3474 706 3535 cuiusdam
742 3473 869 3551 domus,
906 3493 1002 3555 quarn
1035 3473 1102 3555 ipse
1135 3472 1237 3534 Lucas
1271 3485 1401 3554 propter

143 3578 277 3662 dampna
299 3601 357 3642 sua
374 3592 448 3662 post
470 3581 586 3641 trinam
604 3580 897 3662 proclamacionem
914 3579 1060 3661 superius
1081 3577 1295 3660 conscriptam
1324 3597 1400 3638 ven-

143 3683 273 3764 diderat,
304 3686 399 3766 jurati
432 3685 698 3766 adjudicaverunt
728 3685 784 3747 tali
813 3686 924 3765 modo,
956 3685 1044 3766 quod
1077 3685 1144 3767 ipse
1178 3685 1280 3745 Lucas
1311 3696 1399 3745 sutor

142 3790 272 3852 eandem
296 3791 433 3854 domum
450 3790 585 3874 juridice
601 3811 659 3874 pro
676 3791 862 3854 huiusmodi
880 3791 1029 3873 dampnis
1047 3791 1112 3852 suis
1127 3789 1266 3852 vendere
1285 3789 1400 3871 potuit.

244 3897 318 3959 ltem
353 3897 520 3980 waarich
546 3909 660 3959 octavo
692 3897 744 3959 die
773 3898 806 3959 in
839 3917 877 3959 eo
909 3896 1127 3978 juramentum
1158 3896 1321 3978 deponere
1346 3895 1401 3956 ha-

141 4002 228 4064 bebit
250 4017 358 4066 contra
384 4003 555 4065 Nicolaum
580 4016 722 4065 sutorem
756 4004 788 4065 in
818 4023 867 4082 eo,
900 4005 988 4086 quod
1014 4023 1072 4064 nec
1104 4003 1170 4084 ipse
1196 4021 1254 4062 nec
1279 3999 1400 4063 lamilia

138 4127 193 4169 sua
218 4123 355 4172 stercora
379 4110 516 4192 proiecit
538 4129 595 4190 per
619 4109 795 4172 fumorium
821 4111 852 4171 in
878 4109 1012 4171 domum
1037 4128 1139 4171 suam.

244 4215 317 4278 ltem
332 4216 420 4299 juxta
437 4216 601 4297 quandam
618 4216 791 4278 secundam
810 4216 1084 4297 composicionem
1103 4216 1200 4276 Marci
1218 4214 1256 4275 de
1275 4213 1396 4277 Chawa

138 4333 168 4380 et
193 4319 322 4404 Georgii
355 4321 496 4404 agricole
520 4322 649 4384 racione
681 4323 896 4404 quorumdam
928 4342 981 4384 serr
1006 4321 1129 4400 florem,
1157 4321 1315 4382 florenum
1340 4341 1396 4402 per

137 4425 278 4508 quinque
301 4443 332 4490 et
356 4429 498 4490 mediam
522 4447 655 4511 pensam
680 4429 910 4511 computand0,
942 4427 1035 4508 jurati
1061 4447 1189 4488 causam
1215 4427 1296 4487 inter
1328 4446 1399 4488 eos·

138 4530 208 4593 dem
243 4535 344 4596 taliter
375 4533 653 4616 adjudicaverunt,
685 4535 774 4616 quod
811 4535 878 4616 ipse
912 4533 1074 4614 Georgius
1105 4533 1314 4614 quindecimo
1347 4535 1399 4595 die

136 4635 274 4717 prelatos
295 4661 350 4702 sex
374 4639 445 4702 flor.
470 4641 530 4722 ipsi
556 4641 665 4702 Marco
690 4639 730 4703 de
755 4639 876 4702 Chawa
901 4641 1083 4722 persolvere
1108 4639 1249 4700 debebit.

243 4743 316 4807 ltem
334 4765 463 4808 causam
488 4747 570 4808 inter
587 4745 798 4808 Benedictum
816 4746 854 4807 de
873 4747 1022 4830 Rosyako
1047 4759 1077 4806 et
1102 4746 1238 4807 Paulum
1256 4758 1398 4806 sutorem

136 4849 264 4912 racione
286 4853 453 4914 cuiusdam
477 4853 625 4934 potencie
643 4873 701 4935 per
725 4853 830 4934 ipsum
850 4853 984 4914 Paulum
1011 4872 1105 4934 super
1130 4851 1270 4913 eundem
1296 4851 1398 4913 Bene·

136 4955 259 5018 dictum
280 4957 370 5038 lacte,
394 4959 488 5040 jurati
512 4960 557 5020 sic
588 4959 865 5043 adjudicaverunt,
890 4960 978 5041 quod
1011 4957 1152 5040 prelatus
1177 4958 1296 5018 Paulus
1320 4956 1396 5020 lecit

137 5063 316 5143 potenciam
341 5085 533 5147 supereum
559 5085 595 5127 ex
620 5068 829 5147 qua-absque
855 5067 1021 5128 voluntate
1045 5085 1100 5126 sua
1127 5065 1281 5146 quasdam
1312 5077 1399 5124 cutes

1297 5173 1303 5211 r
1315 5171 1329 5211 2
