3838 5786
639 471 726 530 Anno
750 483 838 548 1473.
856 505 897 514 -
919 485 969 547 2j.
987 473 1135 546 januarii.
1454 488 1495 550 42
1502 490 1516 551 3

255 697 363 744 torum
389 683 514 762 exinde,
539 703 575 744 ac
599 703 655 766 per
680 683 823 744 villicum
850 697 880 743 et
904 683 1024 762 juratos
1048 685 1132 745 cives
1149 703 1220 744 cum
1247 703 1358 744 eorum
1383 703 1518 745 assesso-

257 790 344 850 ribus
369 789 595 871 adjudicatam,
620 805 651 852 et
674 791 805 851 tandem
838 811 945 852 coram
971 791 1075 869 judice
1101 805 1132 852 et
1163 791 1273 872 juratis
1300 805 1406 852 nostre
1432 810 1518 852 com·

257 897 422 958 munitatis
446 898 521 958 visis
544 897 667 978 juribus
691 897 790 979 ipsius
814 899 956 978 magistri
983 897 1073 958 Pauli
1104 897 1255 980 predialis
1280 897 1311 958 in
1337 895 1419 958 lacto
1436 897 1518 958 eius·

257 1003 330 1064 dem
356 1003 459 1065 civilis
483 1017 514 1065 et
538 1003 646 1086 (h)orti
671 1003 898 1085 adjudicatam,
923 1007 1008 1064 etad
1034 1024 1093 1066 nos
1117 1005 1258 1065 seniores
1275 1004 1358 1064 dicte
1383 1003 1518 1064 civitatis

255 1109 450 1192 appellatam
475 1109 606 1188 judices,
631 1129 690 1171 nos
714 1111 856 1171 seniores
881 1109 1002 1190 judices
1027 1109 1111 1172 lacto
1139 1110 1169 1171 in
1196 1110 1350 1192 premisso
1375 1109 1450 1170 dicti
1475 1109 1517 1170 ci-

258 1217 329 1278 vilis
353 1230 383 1278 et
416 1216 524 1298 (h)orti
556 1216 661 1278 taliter
693 1216 884 1294 invenimus,
918 1217 1005 1297 quod
1037 1217 1102 1297 ipse
1136 1216 1285 1296 magister
1311 1215 1429 1276 Paulus
1452 1235 1517 1276 non

255 1321 350 1384 habet
374 1322 481 1383 literas
505 1322 741 1404 procuratorias
759 1321 890 1384 fratrum
917 1342 1046 1384 suorum
1066 1323 1120 1404 qui
1147 1323 1351 1384 continentur
1377 1323 1408 1383 in
1426 1322 1517 1384 litera

254 1427 486 1509 adjudicatoria
519 1429 661 1511 ipsorum
695 1429 792 1490 villici
834 1445 864 1490 et
894 1429 1069 1512 juratorum
1108 1430 1182 1491 dicti
1215 1429 1325 1512 oppidi
1360 1429 1517 1512 lwanych,

253 1555 334 1616 quos
359 1535 576 1598 communiter
599 1555 672 1598 cum
698 1537 812 1598 eodem
838 1537 991 1616 magistro
1022 1537 1122 1598 Paulo
1148 1535 1265 1598 lactum
1293 1537 1391 1618 ipsius
1415 1535 1517 1597 civilis

254 1658 284 1704 et
307 1641 414 1725 (hlorti
441 1643 604 1704 concernit
628 1643 812 1724 negocium,
837 1663 895 1704 nec
920 1643 1049 1705 easdem
1075 1643 1181 1705 literas
1206 1662 1313 1704 coram
1338 1642 1431 1703 nobis
1449 1661 1515 1702 non

254 1749 406 1830 produxit
428 1768 487 1810 nec
515 1750 746 1812 demonstravit
769 1750 856 1831 quod
882 1751 948 1832 ipse
965 1749 1085 1812 lactum
1104 1751 1245 1832 ipsorum
1272 1751 1418 1810 omnium
1443 1769 1516 1831 pro-

253 1869 440 1937 sequeretur
464 1876 571 1918 coram
596 1857 672 1938 ipsis
697 1856 801 1938 judice
826 1871 856 1918 et
880 1856 991 1937 juratis
1014 1877 1051 1918 ac
1076 1857 1180 1934 nobis,
1204 1855 1428 1937 quodquidem
1454 1854 1515 1917 lac-

254 1977 321 2024 tum
358 1963 440 2024 inter
476 1965 604 2024 easdem
641 1977 746 2044 partes
780 1963 885 2026 taliter
921 1963 1114 2042 invenimus,
1146 1961 1234 2043 quod
1267 1962 1332 2043 ipse
1366 1961 1517 2042 magister

254 2069 372 2131 Paulus
396 2070 548 2152 predialis
564 2089 623 2152 pro
647 2089 680 2130 se
705 2083 736 2130 et
753 2070 889 2150 quilibet
912 2067 1045 2132 fratrum
1063 2088 1194 2130 suorum
1216 2069 1271 2150 qui
1296 2069 1515 2150 supervivunt,

252 2195 334 2257 quos
357 2195 488 2257 presens
509 2175 613 2256 tangit
636 2175 820 2256 negocium,
845 2195 900 2258 per
917 2196 949 2237 se
974 2191 1004 2236 et
1029 2195 1138 2257 prose
1162 2175 1378 2256 juramentum
1404 2176 1436 2235 in
1461 2195 1514 2236 ara

251 2295 359 2344 sancte
385 2281 498 2344 Crucis
521 2282 552 2343 in
579 2281 710 2344 ecclesia
735 2295 841 2344 nostra
866 2281 1041 2364 parochiali
1063 2283 1163 2344 sancti
1186 2281 1285 2343 Marci
1310 2281 1514 2362 ewangeliste

253 2389 285 2450 in
311 2409 349 2450 eo
375 2403 514 2470 prestare
532 2401 563 2450 et
588 2389 750 2470 deponere
768 2388 932 2450 debebunt
956 2402 1113 2469 quantum
1131 2387 1263 2470 dampni
1281 2387 1340 2469 ipsi
1365 2386 1515 2467 magister

252 2495 371 2557 Paulus
402 2509 433 2557 et
473 2495 527 2556 alii
559 2493 670 2558 fratres
700 2495 748 2556 sui
781 2495 812 2556 in
849 2495 1064 2577 occupacione
1097 2495 1196 2576 ipsius
1227 2491 1318 2554 fundi
1351 2493 1453 2554 civilis
1484 2507 1515 2554 et

251 2601 358 2683 (hlorti
381 2621 437 2683 per
462 2602 548 2684 ipsos
573 2602 693 2662 Lucam
718 2615 748 2662 et
766 2600 965 2682 Stephanum
990 2615 1113 2662 sutores
1136 2615 1210 2661 sunt
1234 2601 1328 2681 passi,
1354 2599 1434 2661 illud
1453 2599 1513 2681 ipsi

251 2709 353 2769 Lucas
377 2723 407 2768 et
433 2707 614 2789 Stephanus
630 2721 754 2768 sutores
778 2707 899 2770 eisdem
918 2708 1070 2789 magistro
1089 2707 1190 2769 Paulo
1215 2721 1246 2768 et
1269 2708 1340 2768 aliis
1365 2705 1514 2768 fratribus

250 2815 314 2876 suis
339 2814 465 2876 solvere
492 2816 688 2876 tenebuntur
720 2827 751 2876 et
783 2829 875 2876 erunt
906 2815 1058 2896 obligati;
1092 2816 1209 2896 quibus
1233 2815 1385 2896 magistro
1410 2814 1512 2875 Paulo

250 2935 280 2982 et
304 2919 454 2983 fratribus
477 2921 543 2982 suis
566 2921 652 2982 diem
681 2920 899 3002 juramentalis
931 2921 1149 3002 deposicionis
1180 2921 1373 3004 supradicte,
1398 2917 1512 2982 feriam

248 3041 367 3088 sertam
401 3028 580 3109 proximam
612 3041 683 3108 post
723 3026 838 3088 festum
872 3027 1102 3089 Conversionis
1132 3027 1216 3088 beati
1250 3027 1340 3088 Pauli
1373 3025 1512 3108 apostoli

249 3133 394 3216 proxime
419 3147 588 3195 venturum
614 3133 729 3216 (deest).
