3644 5788
435 576 498 638 230
814 553 1016 634 Ann01462.
1041 591 1082 600 -
1107 572 1155 618 [ο.
1179 557 1336 618 decembris.

541 772 619 833 Item
644 771 749 853 prImo
778 769 1012 852 proclamatum
1044 784 1090 832 est
1121 790 1216 852 super
1239 770 1374 832 domum
1400 769 1603 853 Trebcbych,
1634 769 1689 830 viri

436 900 493 942 seu
519 879 623 940 mariti
649 877 744 940 Clare
776 875 1009 960 Trebchycbne
1042 877 1074 937 in
1107 877 1233 938 ciuitate
1258 877 1412 956 habitam,
1444 891 1476 938 et
1499 877 1575 958 quia
1605 877 1691 938 litera

436 985 580 1048 elusdem
605 1003 699 1066 super
724 983 837 1045 eadem
863 982 962 1044 domo
987 995 1033 1045 est
1060 982 1187 1064 amissa,
1211 983 1236 1044 si
1261 984 1339 1046 alibi
1364 984 1501 1045 Inveniri
1525 983 1650 1066 poterit.

436 1221 532 1296 Feria
560 1230 658 1297 sexta
686 1225 840 1313 proxima
860 1230 936 1312 post
964 1222 1086 1294 festum
1107 1221 1340 1310 Concepcionis
1368 1223 1512 1310 vithnis
1540 1219 1688 1310 gloriose.

944 1378 1007 1454 (10.
1031 1377 1201 1454 decembris).

542 1520 618 1580 Item
644 1519 860 1602 juramentum
884 1519 972 1600 quod
988 1518 1142 1580 Nicolaus
1165 1516 1326 1579 aurifaber
1342 1518 1511 1579 tenebatur
1536 1517 1692 1599 deponere

438 1626 515 1687 Ieria
539 1639 625 1688 sexta
655 1625 835 1708 supradicta
864 1639 973 1687 contra
1008 1623 1211 1686 Clementem
1237 1622 1430 1705 freniparem
1463 1623 1594 1684 racione
1617 1642 1692 1704 quo·

436 1733 585 1794 rumdam
611 1733 784 1811 doliorum,
809 1745 840 1793 et
871 1733 947 1813 quia
979 1731 1047 1812 ipse
1072 1730 1224 1792 Nicolaus
1248 1729 1409 1791 aurifaber
1440 1743 1609 1812 promptus
1632 1743 1693 1790 erat

438 1840 478 1902 ad
510 1839 740 1922 deponendum
773 1839 877 1921 ipsum
909 1838 1136 1918 juramentum,
1166 1851 1273 1898 tamen
1307 1837 1383 1918 quia
1415 1836 1550 1918 provida
1583 1835 1694 1896 mulier

437 1967 567 2008 consors
591 1946 734 2008 eiusdem
753 1947 931 2008 Clementis
956 1944 1123 2027 freniparis
1147 1945 1332 2027 prorogavit
1357 1963 1457 2024 usque
1474 1943 1617 2026 prImum
1642 1943 1692 2003 ad·

437 2065 568 2116 ventum
593 2054 691 2135 ipsIus
714 2053 841 2113 Nicolai
865 2052 927 2113 huc
950 2052 1086 2113 venturi.

545 2161 622 2221 Item
640 2158 831 2221 secundario
849 2173 895 2219 est
912 2153 1144 2240 proclamatum
1162 2177 1257 2240 super
1275 2153 1429 2240 prefatam
1447 2157 1585 2218 domum
1602 2155 1694 2237 ipsius

437 2266 671 2348 Trebchychne
695 2265 811 2327 sutoris
836 2264 1081 2346 Trebchychne.
1105 2267 1180 2344 (sic).

542 2372 619 2433 Item
643 2371 858 2452 juramentum
883 2371 971 2452 quod
997 2371 1117 2453 Zaylto‚
1136 2371 1268 2452 Petrycz
1294 2385 1325 2432 et
1347 2369 1509 2450 Georgius
1534 2368 1691 2430 carnifices

437 2493 546 2541 contra
571 2491 752 2539 consortem
777 2478 863 2538 Luce
887 2478 1003 2538 sutoris
1032 2477 1129 2538 hodie
1154 2477 1317 2559 deponere
1341 2479 1533 2538 tenebantur
1558 2476 1589 2537 in
1613 2473 1689 2536 facto

436 2585 581 2667 superius
607 2584 785 2662 nominat0,
817 2584 884 2665 ipse
909 2603 1040 2644 consors
1073 2583 1172 2665 ipsius
1197 2585 1283 2645 Luce
1315 2583 1401 2664 ipsos
1424 2583 1529 2663 jurare
1554 2601 1617 2643 non
1640 2581 1690 2643 ad·

437 2692 534 2769 misit,
558 2690 613 2750 sed
639 2691 757 2752 liberos
780 2690 974 2771 pretermisit
998 2692 1037 2751 ab
1063 2690 1132 2771 ipso
1157 2689 1348 2770 juramento

543 2798 620 2858 Item
645 2797 749 2878 primo
774 2797 1007 2878 proclamatum
1034 2811 1080 2857 est
1107 2816 1203 2878 super
1226 2796 1305 2857 duas
1337 2796 1438 2856 dietas
1462 2809 1545 2857 terre
1569 2793 1689 2856 arabilis

438 2905 468 2965 ln
493 2903 653 2965 territori0
678 2916 787 2964 nostro
812 2903 896 2964 lovan
929 2902 985 2963 filii
1012 2903 1102 2964 Pauli
1134 2903 1173 2964 de
1199 2903 1343 2985 Dedych‚
1376 2903 1451 2984 quia
1483 2902 1575 2963 litera
1598 2900 1689 2982 ipsius

437 3030 531 3092 super
554 3024 637 3071 terra
655 3009 770 3070 amissa
796 3007 886 3088 foret,
911 3009 961 3069 vel
986 3009 1102 3089 siquis
1125 3008 1194 3090 jura
1211 3029 1307 3091 super
1324 3009 1438 3070 eadem
1461 3021 1544 3070 terra
1567 3008 1689 3069 haberet

437 3131 551 3177 extunc
576 3117 688 3176 eadem
713 3115 888 3197 producere
905 3129 1041 3194 tenetur,
1066 3117 1145 3176 etsi
1171 3135 1237 3176 non
1260 3116 1427 3196 producet,
1453 3130 1569 3178 extunc
1592 3115 1687 3176 eidem

437 3223 543 3284 literas
568 3242 667 3282 novas
693 3241 788 3302 super
811 3222 924 3282 eadem
949 3222 1053 3283 eidem
1081 3223 1164 3283 Iwan
1190 3223 1348 3285 dabimus.

542 3328 620 3388 Item
646 3347 774 3388 causam
807 3327 888 3388 inter
918 3328 1062 3389 relictam
1095 3329 1232 3389 condam
1258 3329 1434 3390 Ztanltonis
1465 3329 1547 3390 fabri
1571 3343 1599 3389 et
1622 3327 1691 3389 Cle·

438 3449 576 3496 mentem
604 3433 727 3495 fabrum
761 3449 963 3496 executorem
997 3436 1152 3513 eiusdem‚
1181 3435 1275 3515 jurati
1309 3435 1585 3519 adjudicaverunt,
1608 3434 1691 3515 quod

438 3543 504 3622 ipse
530 3541 682 3602 Clemens
714 3541 795 3601 liber
829 3554 875 3602 est
904 3561 976 3602 cum
1010 3543 1181 3603 medietate
1206 3543 1322 3604 domus
1353 3557 1520 3623 tamquam
1551 3557 1693 3603 executor

437 3647 580 3708 eiusdem
614 3662 645 3708 et
676 3648 752 3708 dum
786 3647 892 3709 debita
925 3649 1100 3726 exsolvent,
1132 3650 1219 3730 quod
1248 3663 1323 3711 tunc
1356 3650 1423 3731 ipsa
1450 3650 1552 3711 libera
1575 3650 1629 3710 erit
1658 3648 1691 3708 in

439 3753 610 3814 medletate
628 3755 743 3813 domus
760 3773 946 3834 permanere
960 3775 1060 3835 usque
1075 3755 1170 3816 vitam
1185 3775 1287 3834 suam,
1305 3771 1334 3816 et
1351 3770 1572 3838 postmortem
1591 3756 1694 3838 ipsius,

438 3859 504 3939 ipse
530 3859 682 3920 Clemens
707 3859 787 3920 liber
810 3860 870 3920 erit
893 3861 1097 3921 medietatem
1123 3861 1262 3923 vendere
1288 3876 1319 3924 et
1342 3881 1401 3943 pro
1425 3863 1534 3923 enlma
1559 3863 1622 3923 eius
1644 3881 1695 3921 ex·

438 3985 576 4044 ponere;
601 3966 640 4026 de
666 3986 731 4046 quo
756 3966 876 4047 judicio
901 3967 1012 4026 eadem
1031 3987 1162 4028 consors
1181 3969 1324 4029 eiusdem
1351 3970 1528 4030 Ztenkonis
1545 3989 1607 4030 non
1623 3987 1696 4029 con-

437 4085 522 4130 tenta
548 4072 723 4152 appellavit
746 4073 786 4132 ad
811 4073 953 4133 seniores
977 4073 1109 4153 judices.

544 4177 620 4237 Item
646 4198 774 4237 causam
799 4177 892 4256 jurati
927 4179 1008 4239 inter
1032 4180 1169 4240 Paulum
1194 4180 1388 4258 carnificem,
1421 4182 1571 4262 juratum,
1594 4197 1622 4242 et
1644 4181 1698 4241 Jo-

438 4283 576 4342 hannem
601 4298 741 4344 sutorem
767 4301 1021 4364 prorogaverunt
1046 4306 1146 4366 usque
1171 4287 1312 4368 prImum
1337 4287 1504 4368 judicium.

544 4389 620 4448 Item
646 4390 732 4468 quod
758 4391 832 4450 licet
856 4392 938 4452 Inter
962 4391 1186 4454 honorabilem
1212 4394 1316 4454 virum
1342 4395 1513 4457 dominum
1539 4395 1699 4456 Thomam

439 4493 567 4574 Tompa
591 4496 781 4555 canonicum
816 4497 947 4557 ecclesie
977 4499 1194 4578 zagrabiensis
1226 4514 1257 4560 et
1281 4501 1363 4562 inter
1396 4503 1540 4564 relictam
1565 4501 1700 4564 condam

440 4599 613 4659 Ztanltonis
630 4598 710 4660 fabri
735 4603 862 4662 racione
881 4605 1110 4666 conventionis
1126 4607 1293 4667 cuiusdam
1311 4608 1377 4669 vini
1395 4609 1570 4691 peripsam
1593 4608 1702 4691 propi-

440 4703 526 4780 nati,¹
548 4723 655 4764 coram
688 4707 780 4766 nobis
806 4708 837 4767 in
870 4709 1002 4770 diversis
1033 4711 1179 4772 termInis
1209 4713 1274 4773 litis
1299 4727 1330 4775 et
1366 4717 1546 4796 questionis
1569 4715 1701 4776 materia

440 4822 525 4868 mota
551 4807 659 4871 luisset
684 4825 713 4871 et
739 4829 856 4890 exorta,
881 4816 1070 4896 qquuidem
1104 4817 1256 4878 dominus
1282 4820 1429 4883 Thomas
1454 4823 1581 4904 Tompa
1603 4841 1704 4904 super

442 4912 541 4992 ipsam
567 4929 704 4994 quatuor
728 4917 796 4980 llor.
822 4921 889 4980 auri
919 4924 1173 5002 prosequebatur
1195 4926 1284 5005 quod
1302 4927 1408 4988 eidem
1426 4927 1554 4990 debitor
1575 4946 1702 4988 reman-

439 5017 544 5094 sisset;
569 5020 618 5081 cui
644 5021 777 5084 domino
802 5025 830 5084 'I
834 5025 930 5088 honre
956 5028 1084 5112 Tompa
1110 5028 1203 5091 datus
1227 5031 1287 5096 fuit
1311 5033 1468 5096 terminus
1492 5035 1646 5118 juridicus
1672 5049 1703 5100 et
