3838 5786
621 541 708 598 Anno
731 537 825 616 1469.
849 573 893 582 -
917 553 963 616 17.
980 538 1141 616 februarii.
1452 561 1513 622 349

568 750 712 812 Andreas
737 749 928 832 Zlepchych.

568 857 720 919 Nicolaus
745 877 926 939 panczerar.

568 963 670 1024 Lucas
693 975 783 1024 sutor
807 963 886 1025 Lah.

568 1070 759 1130 Valentinus
781 1083 869 1131 sutor
886 1071 917 1130 in
944 1071 1042 1131 domo
1067 1069 1302 1152 Sydowchycb.

567 1175 719 1237 Clemens
743 1189 844 1237 sartor
868 1176 1011 1238 claudus.

569 1283 679 1344 Petrus
702 1301 821 1363 sporar.

567 1388 713 1449 Thomas
738 1390 954 1470 carpentarius
979 1388 1119 1472 Babych.

568 1495 680 1556 Berlek
706 1494 853 1577 Chebyn.

568 1601 733 1662 Emericus
759 1601 880 1682 Jalchy.

568 1706 641 1768 Blae
666 1708 803 1769 lonczar.

570 1813 725 1874 Martinus
750 1813 891 1895 Banych.

567 1919 683 1981 Valent
706 1933 795 1980 sutor
818 1939 916 2002 gener
942 1921 1092 2003 Konyan.

567 2025 757 2087 Dorninicus
780 2040 879 2090 sutor.

567 2132 730 2193 lohannes
754 2132 954 2214 Kathanych.

567 2239 734 2300 Emericus
758 2238 909 2302 Tracula.

568 2346 704 2408 Michael
729 2361 817 2407 sutor
842 2347 969 2429 Mancy.

569 2452 735 2514 Emericus
758 2467 857 2514 sutor.

567 2560 706 2620 lacobus
731 2560 897 2640 Kontigar.

567 2665 720 2726 Nicolaus
745 2665 877 2728 Saffran.

358 2826 435 2887 Item
460 2824 572 2906 prelati
591 2825 785 2886 Benedictus
809 2824 904 2904 judex
925 2845 960 2886 ac
986 2824 1078 2906 jurati
1099 2839 1130 2886 et
1150 2823 1324 2886 consiliarii
1342 2843 1414 2885 cum
1439 2843 1512 2884 con·

248 2951 345 2993 senso
370 2945 400 2993 et
424 2931 649 2992 commissione
674 2952 709 2992 ac
727 2932 870 2992 unanimi
893 2929 1110 3012 concordique
1142 2931 1305 2992 voluntate
1331 2943 1362 2991 et
1385 2930 1512 2990 decreto

248 3038 353 3099 tocius
377 3039 616 3099 communitatis
642 3039 750 3099 omnia
768 3036 893 3099 decreta
915 3051 946 3098 et
966 3051 1081 3098 statuta
1105 3051 1170 3098 tam
1195 3037 1226 3097 in
1252 3037 1389 3117 presenti
1416 3054 1511 3116 qnam

249 3145 281 3205 in
307 3144 448 3226 antiquis
472 3144 629 3206 cathernis
657 3145 773 3206 nostris
795 3158 942 3206 contenta
968 3159 998 3205 et
1022 3145 1136 3226 scripta
1166 3142 1273 3225 quoad
1302 3162 1415 3204 omnes
1439 3141 1513 3202 arti-

249 3251 340 3312 culos
365 3263 396 3312 et
427 3265 544 3332 puncta
568 3271 604 3312 ac
628 3251 786 3312 clausulas
811 3250 999 3312 eorumdem
1027 3263 1217 3312 statutorum
1250 3264 1280 3310 et
1312 3250 1512 3310 decretorum

249 3377 306 3438 per
330 3369 433 3418 totum
451 3377 571 3418 annum
590 3359 744 3440 presentis
760 3357 918 3438 judicatus
943 3358 1043 3439 ipsius
1061 3355 1224 3418 Benedicti
1247 3355 1360 3434 judicis
1385 3375 1420 3416 ac
1438 3373 1513 3414 con·

249 3477 422 3544 sequenter
445 3477 476 3523 et
499 3463 651 3546 deinceps
681 3464 749 3546 jure
782 3478 936 3546 perpetuo
974 3477 1004 3525 et
1033 3461 1282 3525 irrevocabiliter
1306 3459 1513 3522 confirmave-

251 3583 324 3630 runt
348 3589 474 3651 semper
498 3570 634 3632 valitura
659 3583 689 3632 et
713 3589 839 3652 semper
862 3569 1072 3631 observanda.

297 3823 391 3898 Feria
420 3835 517 3898 sexta
547 3825 700 3915 proxima
729 3835 805 3916 post
837 3825 960 3897 festum
997 3824 1087 3897 beati
1116 3823 1282 3897 Valentini
1311 3822 1473 3894 martiris.

763 3977 825 4058 (17.
843 3977 1021 4054 februarii).

358 4119 444 4194 Quia
462 4119 587 4181 Blasius
603 4133 704 4181 sartor
722 4120 864 4181 Croacus
884 4118 999 4182 desub
1017 4133 1119 4181 castro
1134 4120 1303 4200 Kamenny
1319 4118 1396 4198 grad
1415 4117 1512 4193 dictu,

250 4227 305 4310 qui
331 4241 376 4288 est
401 4238 512 4309 captus
536 4241 566 4287 et
590 4227 737 4288 detentus
767 4228 798 4287 in
824 4226 907 4287 dicta
939 4226 1077 4302 civitate,
1101 4223 1200 4285 lassus
1232 4238 1357 4284 estote
1382 4223 1512 4305 proprio

250 4334 432 4395 voluntarie
456 4336 576 4414 absque
594 4333 741 4414 quolibet
764 4346 925 4394 tormento
944 4333 975 4393 in
993 4331 1183 4393 consistorio
1201 4344 1307 4391 nostre
1332 4329 1511 4390 communi-

249 4441 322 4502 tatis
357 4439 446 4522 quod
473 4439 538 4522 ipse
572 4437 730 4501 interfecit
762 4438 962 4500 Anthonium
994 4435 1119 4500 labrum
1153 4437 1255 4498 civem
1288 4435 1328 4496 de
1354 4434 1513 4495 Hraztho-

251 4567 359 4630 wycza
384 4547 416 4607 in
441 4545 540 4607 domo
564 4565 621 4606 sua
645 4565 784 4606 unacum
809 4544 876 4606 filio
902 4544 1045 4606 eiusdem
1072 4543 1237 4604 Anthonii.

357 4672 433 4732 ltetn
453 4671 538 4732 idem
566 4670 690 4731 Blasius
708 4668 819 4747 fassus,
837 4670 925 4750 quod
944 4687 1075 4730 uxorem
1093 4687 1184 4728 suant
1202 4667 1363 4748 propriam
1391 4666 1514 4745 Marga-

250 4779 371 4841 retham
398 4779 431 4838 in
455 4777 598 4858 quodam
623 4790 733 4838 monte
758 4775 976 4838 interfecisset.

358 4903 437 4965 ltenr
462 4901 562 4964 lassus
587 4903 688 4964 estin
714 4915 887 4980 torment0,
919 4900 1006 4982 quod
1039 4897 1198 4961 interfecit
1223 4917 1322 4958 unum
1348 4896 1514 4957 hominem

252 5011 290 5070 de
315 5009 437 5088 Zrinio‚
463 5008 650 5091 Walyczam
669 5007 811 5083 nomine,
836 5021 866 5068 et
884 5007 995 5068 habuit
1011 5007 1133 5067 sociurn
1156 5004 1329 5085 quemdam
1349 5003 1511 5064 Thomam
