3644 5788
526 563 611 620 Anno
635 558 727 639 1462.
752 596 795 606 —
818 559 848 624 6.
873 567 998 638 augusti.
1329 579 1391 644 227

139 775 247 836 lentam
273 776 496 857 recepcionem
515 776 704 837 eorumdem
731 777 852 836 bouum
871 775 902 836 in
927 790 1008 838 terra
1027 776 1125 858 ipsius
1150 777 1322 857 Pangracz,
1347 791 1393 838 est

139 882 295 943 convictus
320 882 352 942 in
377 882 488 943 decem
513 881 627 944 marcis
651 894 760 942 contra
786 881 890 963 ipsum
920 881 1080 963 Pangracz
1116 882 1191 963 quia
1217 883 1284 964 ipsa
1309 895 1391 944 terra

139 984 191 1049 fuit
205 988 380 1070 prohibita,
405 989 518 1071 etipse
536 985 674 1050 famulus
691 1007 749 1070 pro
766 987 865 1070 ipsius
882 987 1065 1070 inpulsione
1090 988 1249 1049 dictorum
1268 989 1391 1049 bouum

139 1108 255 1157 tenetur
278 1094 378 1176 judici
403 1094 593 1158 satisfacere.

233 1201 314 1263 ltem
339 1221 466 1263 causam
490 1201 572 1263 inter
599 1201 720 1262 Lucam
737 1199 943 1282 jobagionem
964 1199 1093 1284 plebani
1118 1200 1150 1260 in
1168 1201 1336 1262 Ztenewcz
1362 1214 1393 1263 et

137 1305 300 1370 familiares
317 1307 472 1369 Anthonii
489 1306 614 1388 judicis,
631 1308 729 1369 iidem
745 1305 919 1371 familiares
936 1308 1054 1370 debent
1067 1309 1172 1368 vocari
1190 1306 1230 1368 ad
1247 1309 1389 1390 primurn

140 1414 287 1494 judicium
311 1427 347 1476 ut
370 1427 578 1496 compareant
600 1434 633 1475 se
657 1427 862 1476 excusaturos
893 1414 1020 1476 racione
1047 1415 1284 1476 verberationis
1309 1415 1392 1476 eius-

139 1521 203 1583 dem
228 1522 316 1583 Luce
341 1535 371 1583 et
394 1522 523 1582 racione
547 1520 785 1583 interfeccionis
808 1523 940 1602 equacie
964 1540 1031 1582 sue.

235 1627 314 1688 ltem
339 1625 478 1688 famulus
502 1626 593 1688 Pauli
611 1627 786 1710 appellavit
806 1647 934 1689 causam
956 1647 1047 1689 suam
1072 1647 1145 1688 cutn
1164 1627 1325 1708 Pangracz
1350 1627 1390 1689 ad

140 1735 274 1796 seniores
298 1734 428 1815 judices.

237 1842 315 1905 ltem
339 1843 551 1904 Benedictunt
584 1841 781 1904 aurifabrum
807 1841 996 1904 Valentinus
1021 1841 1190 1925 Marysycb
1222 1861 1280 1924 pro
1311 1841 1393 1920 jura·

140 1965 241 2012 mento
266 1949 354 2031 quod
379 1949 541 2032 deponere
564 1949 733 2011 tenebatur
757 1947 835 2010 feria
869 1964 955 2010 sexta
980 1963 1053 2010 ante
1079 1948 1195 2010 festum
1221 1948 1320 2010 Elene
1346 1949 1392 2010 di·

140 2057 220 2118 misit
243 2055 382 2117 eundem
408 2055 603 2138 expeditum.

279 2293 377 2368 Feria
405 2303 503 2368 sexta
531 2299 688 2385 proxima
715 2304 791 2385 post
819 2297 942 2368 festum
972 2293 1110 2369 Osualdi
1140 2299 1239 2385 regis.

655 2447 703 2536 (ό.
727 2449 869 2530 augusti).

238 2593 314 2655 ltem
338 2611 466 2654 causam
499 2592 581 2653 inter
604 2591 804 2672 Wodopiam
834 2591 1027 2674 Dyonisium
1058 2606 1089 2653 et
1113 2591 1194 2652 inter
1219 2591 1389 2653 Nicolaum

139 2700 272 2762 eiusdem
296 2699 471 2780 agricolam
488 2699 616 2760 racione
640 2697 780 2758 violente
798 2697 984 2778 injeccionis
1000 2699 1092 2779 jurati
1115 2699 1391 2780 adjudicaverunt,

139 2807 207 2886 quia
231 2806 295 2888 ipse
319 2805 473 2866 Nicolaus
505 2805 636 2887 punitus
667 2802 726 2866 fuit
750 2805 825 2885 quia
858 2805 1004 2866 insuam
1030 2806 1164 2866 domum
1199 2825 1312 2866 manus
1344 2805 1390 2866 in-

139 2910 216 2991 jecit,
239 2912 310 2974 ideo
335 2911 413 2993 ipsis
437 2913 593 2972 ambabus
617 2911 784 2971 silentium
810 2924 856 2972 cst
880 2912 1056 2993 inpositum
1080 2913 1139 2972 sub
1165 2931 1246 2992 pena
1280 2912 1390 2972 decem

141 3038 320 3082 marcarum.

237 3125 311 3186 ltem
329 3124 423 3206 jurati
440 3123 706 3204 adjudicaverunt
722 3143 850 3185 causam
868 3124 949 3185 inter
968 3123 1176 3184 Benedictum
1194 3123 1390 3185 aurifabrum

141 3243 168 3290 et
190 3230 391 3292 Valentinum
417 3229 597 3314 Marysych‚
622 3245 652 3290 et
677 3231 752 3310 quia
774 3243 945 3291 annotatus
963 3230 1153 3291 Benedictus
1177 3250 1249 3290 curn
1274 3251 1391 3312 propo·

141 3337 230 3398 nebat
251 3357 376 3398 causam
402 3357 493 3398 suam
518 3351 628 3399 contra
652 3351 841 3398 annotatum
865 3336 1073 3398 Valentinum
1097 3337 1194 3398 tercia
1219 3337 1286 3398 vice
1310 3339 1392 3398 sedit

143 3441 179 3502 ad
203 3463 384 3526 scampnum
411 3459 441 3507 et
466 3444 570 3505 noluit
593 3458 675 3505 stare
706 3463 779 3504 cum
810 3464 868 3504 suo
893 3457 1041 3505 causante
1074 3445 1194 3524 absque
1227 3443 1391 3504 voluntate

142 3547 257 3628 judicis,
280 3533 445 3612 convictus
468 3563 515 3611 est
539 3565 648 3611 contra
681 3549 832 3631 judicem,
856 3549 976 3630 juratos
1010 3551 1041 3611 in
1067 3549 1191 3611 duabus
1213 3550 1337 3628 marcis,
1362 3563 1392 3610 et

142 3654 212 3716 dum
235 3657 334 3720 solvet
351 3657 490 3736 easdem,
515 3670 591 3717 tunc
608 3655 762 3738 judicium
788 3655 843 3718 fiet
858 3657 918 3717 sibi
944 3677 981 3717 ex
1006 3670 1094 3738 parte
1112 3657 1256 3718 eiusdem
1275 3657 1390 3717 Valen-

141 3761 212 3838 tini;
234 3763 271 3824 de
295 3784 360 3845 quo
384 3763 506 3845 judicio
540 3763 625 3824 idem
655 3763 847 3826 Benedictus
878 3761 1038 3824 aurifaber
1070 3783 1134 3824 non
1159 3775 1327 3824 contentus
1351 3763 1391 3823 ad

141 3867 271 3930 seniores
294 3869 469 3952 appellavit
492 3867 625 3950 judices.

236 3974 310 4036 ltem
334 3995 462 4037 causam
488 3976 570 4037 inter
594 3973 795 4037 Anthonium
829 3973 1030 4057 Oprasnych,
1063 3994 1160 4055 quam
1183 3975 1249 4056 ipse
1274 3993 1390 4056 propo·

143 4079 229 4142 nebat
250 4097 358 4144 contra
384 4084 528 4145 Marcum
553 4081 733 4144 carnificem
758 4095 789 4143 et
813 4101 945 4143 uxorem
974 4081 1102 4142 Andree
1125 4081 1267 4141 carnium
1294 4082 1391 4162 porti·

143 4185 213 4246 toris
233 4190 359 4251 racione
389 4189 583 4251 deteccionis
615 4189 830 4270 quorumdam
862 4189 1026 4269 pullorum
1059 4188 1090 4248 in
1116 4187 1215 4248 domo
1247 4187 1389 4248 eiusdem

144 4290 232 4354 Marci
255 4295 411 4358 carnificis
434 4315 491 4378 per
514 4296 650 4358 eandem
682 4315 814 4357 uxorem
841 4295 980 4374 Andree,
1005 4294 1043 4355 ad
1069 4313 1150 4374 quos
1175 4293 1241 4374 ipse
1268 4292 1390 4353 Antho-

145 4397 209 4458 nius
229 4402 441 4484 suspicionem
467 4403 604 4464 habebat
627 4403 714 4484 quod
740 4403 839 4483 ipsius
872 4401 951 4484 pulli
979 4399 1121 4478 fuissent,
1146 4399 1238 4480 jurati
1264 4397 1389 4478 adjudi-

145 4521 293 4587 caverunt,
317 4508 405 4590 quod
430 4509 497 4592 ipse
523 4509 648 4570 Marcus
679 4522 710 4570 et
736 4509 802 4590 ipsa
827 4527 957 4569 consors
989 4506 1133 4567 eiusdem
1158 4505 1285 4564 Andree
1312 4503 1391 4564 feria

146 4623 222 4672 serta
243 4616 385 4696 proxime
417 4629 550 4678 ventura
584 4615 721 4697 quilibet
745 4634 856 4676 eorum
888 4614 1071 4676 terciusmet
1094 4610 1334 4692 (iuramentum)
1360 4611 1390 4670 in

145 4734 193 4776 ara
213 4735 313 4784 sancte
338 4721 453 4784 Crucis
477 4736 615 4804 prestare
643 4723 849 4800 tenebuntur,
883 4721 970 4803 quod
997 4719 1121 4780 nullum
1147 4718 1272 4799 pullum
1297 4737 1390 4778 suum

146 4820 206 4902 ipse
227 4827 348 4890 Marcus
372 4829 492 4911 etipsa
517 4829 633 4890 mulier
657 4829 825 4890 coxissent.

239 4933 311 4996 ltem
336 4935 413 5018 quia
438 4935 564 4997 Marcus
587 4935 727 4997 carnifex
749 4935 962 4996 Laurcncium
988 4948 1019 4995 et
1044 4933 1244 4994 Lodouicum
1271 4931 1389 5011 juratos

147 5033 352 5104 dehonestavit
376 5057 407 5103 et
430 5042 622 5124 vituperavit
646 5043 676 5102 in
698 5041 818 5124 judicio
835 5042 965 5102 sedente
990 5039 1096 5123 judice
1122 5055 1151 5100 et
1168 5039 1288 5120 juratis,
1314 5059 1388 5099 con-

1283 5141 1297 5168 Ι
