3644 5788
584 609 673 666 Anno
697 604 788 686 1458.
814 641 854 652 -
878 620 909 686 4.
933 606 1104 668 novembris.
1422 603 1475 667 161

212 819 340 898 domus,
365 839 430 900 qua
462 820 582 882 scilicet
613 819 745 901 pacifica
777 822 980 903 possessione
1012 820 1148 882 eandem
1174 819 1308 880 domum
1339 817 1480 902 prelatus

213 926 349 988 Mathias
375 926 542 1008 hucusque
565 946 691 1008 semper
714 928 821 1008 quiete
847 943 878 989 et
909 926 1039 1010 pacifice
1064 925 1205 1008 possedit
1229 945 1325 988 nemo
1351 939 1476 988 contra·

211 1033 289 1093 dixit
314 1053 374 1094 nec
400 1032 647 1094 contradictorie
664 1034 819 1113 obviavit,
844 1034 985 1116 ideoque
1002 1053 1062 1096 nos
1085 1033 1263 1115 predictam
1289 1033 1425 1094 domum
1449 1047 1481 1096 et

211 1138 349 1200 fundum
376 1159 412 1200 ac
436 1138 591 1201 celarium
622 1141 866 1202 subterraneum
893 1161 951 1204 nec
986 1161 1051 1202 non
1077 1127 1202 1202 edificia
1236 1140 1335 1222 ipsius
1360 1139 1479 1202 Mathia

211 1247 244 1308 in
266 1246 434 1308 vicinitate
457 1246 638 1328 supradicta
656 1245 798 1309 habitam
815 1247 912 1308 simul
930 1267 1003 1310 cum
1024 1247 1177 1308 omnibus
1201 1245 1346 1308 eiusdem
1363 1245 1480 1308 domus

210 1367 240 1415 et
264 1352 358 1415 fundi
385 1373 421 1414 ac
454 1352 563 1414 celarii
587 1353 785 1414 subterranei
820 1372 878 1414 nec
909 1373 975 1414 non
1009 1351 1209 1416 edificiorum
1242 1351 1336 1413 unius
1367 1365 1479 1434 quarte

211 1461 298 1521 curie
323 1459 517 1522 utilitatibus
543 1473 573 1521 et
597 1459 803 1541 pertinenciis
828 1459 986 1521 universis
1016 1457 1141 1541 prefato
1166 1457 1286 1520 Mathis
1310 1471 1476 1538 tamquam

210 1567 319 1628 vicino
345 1565 455 1628 heredi
488 1565 602 1648 prelati
619 1565 758 1628 Kathich
780 1579 852 1647 post
868 1585 941 1627 eum
967 1565 1042 1627 vivo
1066 1564 1243 1626 remanenti
1276 1583 1312 1626 ac
1329 1583 1386 1646 per
1403 1583 1476 1625 eum

209 1672 273 1732 suis
297 1671 473 1733 heredibus
499 1671 669 1734 statuimus
693 1685 723 1732 et
747 1670 1010 1734 confirmavimus
1034 1670 1102 1752 jure
1126 1683 1282 1753 perpetuo
1306 1669 1474 1752 possiden·

208 1777 282 1840 dam
308 1791 341 1839 et
365 1777 676 1860 quomodocumque
701 1779 840 1840 voluerit
869 1778 1105 1860 disponendam
1138 1777 1223 1858 juxta
1249 1776 1475 1840 condicionem

208 1885 346 1946 civitatis
371 1899 538 1967 prenotate
562 1886 603 1946 ab
628 1884 763 1966 antiquo
787 1884 1029 1966 privilegialiter
1054 1885 1278 1966 approbatam.

316 1991 397 2052 ltem
420 1990 565 2054 Sthanlxo
589 1989 678 2054 faber
703 2004 812 2053 contra
841 1991 1012 2052 Nicolaum
1045 1990 1206 2051 literatum
1232 1989 1337 2072 primo
1362 1989 1476 2050 citatus

207 2117 271 2159 non
297 2097 492 2179 comparuit.

314 2203 393 2265 ltem
419 2201 499 2265 feria
516 2217 603 2265 sexta
622 2217 695 2266 ante
719 2201 836 2265 festum
853 2203 938 2265 beati
958 2202 1086 2264 Martini
1104 2199 1295 2264 confessoris
1318 2199 1378 2262 suit
1395 2200 1475 2262 lacta

207 2311 311 2392 prima
337 2310 556 2392 proclamacio
580 2330 676 2392 super
707 2310 870 2392 quandam
904 2309 1033 2371 vineam
1060 2309 1188 2370 Andree
1213 2307 1367 2390 Zwylich,
1391 2321 1426 2369 ut
1449 2307 1474 2368 si

205 2417 324 2498 aliquis
348 2416 483 2479 haberet
507 2417 614 2498 aliqua
639 2415 718 2498 jura,
743 2436 853 2478 coram
876 2417 971 2478 nobis
994 2428 1199 2497 presentaret.

311 2523 391 2586 ltem
416 2523 491 2605 quia
516 2523 716 2605 Augustinus
734 2523 852 2584 Kwsne
877 2536 908 2584 et
930 2521 1115 2586 Anthonius
1133 2519 1322 2604 Oprasnych
1347 2519 1379 2581 id
1398 2539 1470 2580 cum

204 2629 379 2692 sufficienti
411 2630 598 2692 testimonio
631 2649 740 2692 coram
771 2630 864 2692 nobis
896 2629 1130 2712 comprobavit,
1163 2641 1197 2688 ut
1225 2627 1302 2688 dum
1334 2628 1472 2688 condam

205 2738 359 2799 dominus
384 2735 544 2818 Georgius
570 2735 685 2798 Malicz
710 2735 824 2814 dictus,
860 2737 891 2797 in
917 2735 1066 2798 extremis
1097 2735 1160 2796 vite
1199 2754 1255 2796 sue
1287 2733 1474 2816 temporalis

205 2846 392 2922 laborasset,
424 2856 500 2904 tunc
532 2843 600 2926 ipse
631 2841 772 2925 prefatos
803 2842 1020 2924 Augustinurn
1054 2843 1171 2903 Kwsne
1205 2854 1236 2902 et
1266 2839 1469 2902 Anthonium

207 2949 421 3032 Opprasnych
447 2969 521 3010 suos
537 2968 629 3010 veros
646 2961 676 3011 et
693 2950 869 3030 legittimus
890 2961 1074 3010 executores
1090 2945 1225 3026 fecisset,
1243 2945 1383 3028 ideoque
1401 2965 1470 3027 pre-

202 3055 304 3119 fatum
333 3056 552 3137 Augustinum
578 3056 696 3118 Kwsne
728 3070 759 3118 et
783 3054 986 3117 Anthonium
1019 3053 1209 3136 Oprasnych
1235 3053 1266 3114 in
1292 3054 1359 3134 ipsa
1384 3070 1471 3112 corn·

204 3165 351 3225 missoria
375 3163 569 3225 execucione
594 3162 741 3224 omnium
767 3181 873 3224 rerum
897 3175 929 3223 et
944 3161 1185 3243 possessionum
1202 3177 1332 3220 suarum
1358 3156 1471 3218 confir-

205 3270 367 3331 mavimus
391 3269 503 3331 dantes
528 3269 573 3330 eis
597 3269 727 3351 plenam
760 3267 983 3330 auctoritatem
1016 3265 1196 3347 exequendi
1224 3277 1255 3326 et
1278 3263 1470 3346 disponendi

203 3375 289 3455 juxta
314 3376 518 3457 legacionem
543 3375 642 3457 ipsius
667 3376 804 3437 condam
830 3373 954 3436 domini
980 3372 1124 3453 Georgii.

310 3481 390 3544 ltem
415 3482 580 3564 quoddam
610 3481 850 3564 querimoniam
886 3500 942 3564 per
965 3479 1159 3562 Dyonisium
1185 3477 1334 3559 Vodopia
1358 3492 1469 3539 contra

202 3589 405 3671 Stephanum
431 3589 568 3663 iuratum
593 3589 787 3652 modernum
804 3601 998 3671 porrectum,
1023 3587 1149 3648 racione
1164 3585 1381 3667 quorumdam
1399 3605 1467 3646 ver·

202 3697 319 3758 borum
344 3696 507 3758 inutilium
533 3708 580 3758 est
596 3709 804 3778 prorogatum
823 3694 863 3756 ad
881 3695 1019 3776 primam
1044 3692 1129 3753 diem
1147 3689 1347 3772 judiciariam
1365 3689 1469 3771 primo

201 3815 403 3885 sequentem,
428 3802 460 3864 in
492 3823 558 3886 quo
589 3802 729 3866 termino
762 3800 904 3885 prefatus
930 3799 1111 3882 Stephanus
1144 3797 1264 3880 juratus
1288 3797 1394 3860 eidem
1420 3817 1467 3858 re-

201 3909 363 3990 spondere
387 3909 559 3972 tenebitur.

308 4015 387 4076 ltem
419 4015 566 4076 Andreas
590 4027 679 4076 sutor
711 4027 821 4076 contra
854 4013 1055 4076 Demetrium
1088 4029 1240 4088 rasorem,
1269 4008 1394 4092 pridem
1420 4009 1466 4092 ju-

200 4137 318 4202 ratum,
343 4123 449 4205 primo
475 4123 589 4185 citatus
613 4141 680 4184 non
708 4123 897 4204 comparuit.

308 4228 386 4290 ltem
412 4229 530 4291 Paulus
561 4243 650 4291 sutor
681 4242 792 4291 contra
820 4225 1054 4307 Margaretham
1087 4222 1386 4305 Babychewycham
1420 4241 1466 4284 se·

200 4336 310 4398 cundo
335 4337 448 4398 citatus
472 4356 537 4398 non
563 4335 754 4419 comparuit.

308 4441 387 4504 ltem
412 4441 564 4504 Nicolaus
582 4441 710 4526 Poeych
735 4456 844 4504 eontra
862 4439 1046 4502 Emericum
1064 4433 1301 4498 Trwbchichne
1318 4432 1459 4496 secundo

199 4550 316 4612 citatus
341 4569 406 4612 non
430 4549 620 4634 comparuit.

308 4657 386 4719 ltem
409 4655 501 4737 jurati
527 4655 793 4739 adjudicaverunt
817 4673 945 4716 causam
965 4651 1046 4714 inter
1071 4650 1245 4714 Martinam
1271 4648 1463 4729 Hungarum

148 4827 152 4838 ,
197 4777 230 4826 et
254 4762 411 4826 Mathiam
443 4762 615 4844 pancheler
639 4761 766 4824 racione
800 4758 1018 4842 quorumdam
1050 4756 1225 4839 pullorum,
1257 4767 1291 4816 ut
1324 4752 1465 4835 prelatus

198 4869 337 4932 Mathias
369 4870 518 4952 pancelar
550 4869 735 4930 terciusmet
766 4866 982 4948 juramentum
1016 4863 1176 4946 deponere
1209 4861 1324 4922 debeat
1356 4861 1386 4920 in
1413 4880 1464 4938 eu,

196 4977 285 5058 quod
311 4976 378 5058 ipse
403 4995 462 5037 nec
486 4973 610 5038 familia
626 4994 682 5036 sua
708 4975 794 5056 ipsos
818 4973 925 5054 pullos
943 4991 1008 5032 non
1029 4970 1171 5033 comedit
1195 4983 1254 5030 nec
1270 4967 1330 5028 sibi
1351 4965 1463 5047 damp-

197 5103 275 5144 num
302 5083 334 5144 in
360 5083 480 5144 eisdem
507 5068 592 5144 fecit.

1360 5181 1393 5224 rt
