3694 5782
397 582 460 646 270
771 566 857 624 Anno
881 563 972 642 1465.
998 599 1039 607 -
1062 579 1090 624 r.
1114 565 1273 626 decernam.

503 776 579 836 Item
605 795 730 836 causam
747 776 828 836 inter
843 775 1032 836 Thomasko
1045 774 1184 857 juratum
1198 790 1228 838 et
1242 777 1323 838 inter
1339 777 1503 838 Thomam
1522 776 1652 860 Glazyo,

397 885 481 943 cives
506 883 588 943 dicte
607 882 753 959 civitatis,
778 882 906 943 racione
931 883 1091 964 sepcionis
1108 883 1275 945 cuiusdam
1293 884 1449 964 particule
1473 885 1558 946 curie
1575 885 1652 945 eius-

395 988 467 1048 dem
487 987 674 1049 Thomasko
700 1009 756 1070 per
780 989 919 1050 eundem
938 989 1100 1052 Thomam
1127 989 1264 1073 Glazyn,
1282 992 1405 1072 etquis
1430 991 1497 1072 ipse
1515 991 1655 1054 Thomas

395 1115 452 1176 per
477 1095 615 1156 eundem
642 1094 831 1157 Thomasko
864 1097 990 1157 racione
1025 1097 1124 1177 ipsius
1163 1098 1246 1180 sepis
1278 1099 1457 1179 paracionis
1482 1098 1656 1180 prohibitus

398 1201 560 1279 extitisset,
586 1216 616 1262 et
640 1221 697 1282 per
721 1201 841 1282 juratos
866 1201 992 1264 easdem
1019 1223 1111 1285 sepes
1139 1205 1323 1286 deponendi
1349 1205 1557 1266 commissum
1583 1206 1654 1265 exti-

396 1308 494 1385 tisset,
521 1308 552 1368 in
578 1306 661 1368 facto
686 1308 824 1389 duplicis
850 1310 997 1390 potencie
1027 1325 1137 1372 contra
1170 1311 1274 1392 ipsum
1300 1311 1489 1373 Thomasko
1515 1327 1561 1372 est
1585 1331 1654 1373 con-

397 1414 516 1488 victus3
541 1413 580 1474 de
606 1433 671 1494 quo
696 1413 815 1489 judicio
840 1415 907 1496 ipse
933 1415 1079 1476 Thomas
1105 1415 1229 1499 Glazyn
1263 1437 1328 1480 non
1355 1432 1525 1480 contentus
1548 1419 1586 1478 ad
1611 1437 1654 1478 se·

397 1521 504 1581 niores
528 1521 702 1602 appellavit
727 1520 858 1600 judices.

504 1627 579 1687 Item
605 1627 681 1707 quia
699 1627 849 1690 mulieres
867 1627 1065 1710 infrascripte
1083 1630 1234 1692 videlicet
1251 1631 1335 1692 Dora
1356 1631 1656 1713 Kwhynachycbna,

397 1753 454 1794 nec
480 1753 543 1793 non
570 1734 708 1794 Barbara
726 1735 852 1812 clauda,
878 1735 1055 1818 Elyzabeth
1081 1735 1144 1797 filia
1164 1737 1409 1820 Matheycbych,
1435 1738 1576 1820 Ialsycza
1594 1736 1655 1798 fitia

395 1840 554 1917 Tancecz,
580 1841 681 1902 EIena
700 1841 959 1924 Mezonosychna
977 1858 1008 1903 et
1027 1843 1227 1924 Margaretha
1245 1844 1353 1904 relicta
1372 1843 1504 1924 Georgii
1523 1845 1656 1905 Zwonar

394 1947 426 2007 in
453 1945 623 2007 manifesto
648 1947 834 2008 meretricio
858 1963 888 2009 et
905 1949 1050 2030 pluribus
1068 1949 1233 2010 maleficiis
1249 1965 1322 2010 sunt
1346 1963 1481 2032 reperte,
1506 1969 1568 2030 que
1585 1950 1655 2010 licet

396 2065 526 2133 propter
550 2053 735 2114 huiusmodi
754 2073 862 2115 earum
888 2055 971 2116 mala
994 2053 1075 2116 facta
1100 2075 1216 2135 penam
1235 2075 1331 2136 quam
1350 2056 1575 2116 demeruerant
1593 2055 1652 2136 pati

393 2159 587 2235 debuissent,
619 2173 724 2221 tamen
758 2161 833 2241 quia
859 2181 916 2240 pro
940 2161 985 2223 eis
1008 2162 1101 2222 nobis
1133 2175 1179 2223 est
1210 2163 1425 2244 supplicatum
1461 2182 1517 2244 per
1550 2163 1654 2244 plures

395 2267 525 2346 probos,
561 2266 714 2327 discretos
745 2282 775 2328 et
811 2268 963 2329 honestos
996 2269 1080 2328 viros
1114 2283 1149 2329 ut
1183 2269 1259 2351 ipsis
1290 2271 1428 2350 graciam
1462 2267 1654 2342 fecissemus,

393 2373 531 2456 ideoque
559 2395 616 2438 nos
641 2377 856 2456 peticionibus
881 2377 1070 2438 eorumdem
1097 2378 1240 2439 inclinati
1258 2379 1354 2438 talem
1377 2378 1517 2457 graciam
1543 2377 1589 2439 eis
1612 2375 1652 2436 fe·

395 2481 508 2559 cimus,
534 2495 567 2542 ut
591 2482 658 2563 ipse
684 2482 723 2543 de
747 2496 854 2543 'cetero
879 2497 910 2544 et
934 2484 1147 2565 peramplius
1171 2484 1209 2544 ad
1236 2484 1396 2545 civitatem
1422 2498 1453 2545 et
1477 2484 1546 2545 eius
1570 2483 1654 2544 terri·

395 2587 525 2665 torium,
550 2588 605 2650 sed
637 2603 760 2649 tantum
787 2602 833 2650 est
864 2589 909 2650 eis
932 2590 1039 2670 gracia
1072 2589 1164 2669 facta,
1197 2591 1285 2671 quod
1319 2611 1382 2652 non
1408 2590 1528 2652 debent
1553 2609 1654 2651 carere

393 2695 552 2756 territorio
585 2694 668 2757 dicte
701 2695 847 2774 civitatis,
879 2696 934 2757 sed
967 2697 990 2757 si
1026 2698 1158 2758 ulterius
1193 2699 1224 2758 in
1257 2697 1419 2759 talismodi
1450 2697 1541 2758 Iactis
1566 2697 1656 2758 malis

393 2801 707 2881 comprehendentur
731 2803 905 2883 punientur
929 2803 1014 2886 juxta
1039 2823 1149 2865 earum
1173 2804 1338 2866 demerita.

554 3037 647 3110 Faria
677 3049 774 3112 sexta
805 3045 956 3130 proxima
986 3051 1063 3131 post
1096 3043 1218 3115 festum
1248 3042 1345 3114 Elene
1374 3046 1494 3130 regine.

931 3197 996 3274 (251.
1022 3201 1115 3270 matt).

499 3332 576 3395 Item
603 3333 738 3395 Mathias
764 3336 982 3420 Kerzowaych
1008 3353 1117 3400 contra
1143 3339 1312 3420 providam
1336 3341 1504 3401 mulierem
1536 3339 1650 3422 Rybta·

395 3459 488 3522 rycza
513 3439 702 3501 secundario
727 3442 839 3502 citatus
864 3443 894 3502 in
921 3443 1041 3522 judicio
1066 3465 1130 3506 non
1154 3447 1336 3526 comparuit
1360 3465 1466 3508 coram
1494 3446 1596 3507 nobis.

500 3545 577 3606 Item
603 3566 730 3607 causam
757 3547 889 3628 Georgii
914 3551 1081 3632 scutiparis
1099 3531 1226 3616 racione
1251 3553 1503 3616 circumcisionis
1527 3565 1650 3612 monete

392 3673 576 3733 grossorum
602 3655 799 3715 Venetorum
824 3656 909 3736 apud
928 3656 1031 3736 ipsum
1058 3675 1192 3741 reperte,
1210 3661 1302 3740 jurati
1327 3660 1563 3740 adjudicarunt,
1580 3659 1651 3739 quia

393 3759 486 3840 capiti
507 3761 575 3820 eius
599 3760 638 3820 ad
655 3761 849 3842 peticionem
875 3765 1046 3842 Augustini
1073 3767 1229 3847 capitanei
1256 3781 1303 3828 est
1326 3766 1545 3828 misericordia
1564 3763 1652 3840 facta,

394 3865 466 3926 ideo
492 3867 557 3946 ipse
576 3866 679 3948 jurare
700 3867 862 3928 tenebitur
878 3870 1062 3932 terciusmet
1085 3872 1117 3933 in
1135 3893 1187 3934 ara
1212 3887 1318 3934 sancte
1336 3872 1450 3934 Crucis
1474 3871 1551 3932 feria
1569 3883 1651 3931 sexta

393 3971 542 4050 proxime·
562 3986 706 4049 ventura,
731 3974 818 4053 quod
853 3974 920 4055 ipse
952 3976 1052 4057 ipsam
1078 3993 1241 4040 monetam
1274 4000 1338 4040 non
1373 3978 1572 4041 circumcidit
1605 3975 1653 4035 hic

394 4077 424 4136 in
451 4077 535 4138 dicta
560 4078 688 4140 civitate
721 4079 780 4139 nisi
807 4081 836 4140 in
872 4081 1043 4144 Ostroseez
1077 4104 1149 4146 curn
1182 4087 1374 4168 quibusdam
1399 4085 1556 4147 consociis
1580 4083 1653 4143 suis.

499 4183 575 4244 Item
601 4183 663 4246 alie
688 4205 781 4246 cause
808 4203 978 4268 prorogate
1002 4203 1076 4252 sunt
1100 4191 1139 4252 ad
1169 4191 1311 4255 futurum
1337 4192 1503 4274 judicium.

498 4289 575 4350 Item
610 4291 723 4353 Berlek
749 4291 906 4376 Chaykyn
938 4315 997 4377 pro
1026 4317 1090 4358 non
1125 4301 1347 4381 comparencia
1380 4297 1468 4379 quod
1493 4297 1654 4378 captivare

393 4391 467 4455 fecit
491 4397 698 4458 Ambrosium
723 4418 895 4479 preconem
922 4415 969 4463 est
1002 4405 1167 4466 convictus
1192 4406 1223 4466 in
1250 4406 1387 4488 birsagio
1412 4405 1498 4486 juxta
1524 4423 1654 4465 consve-

392 4500 537 4562 tudinem
562 4503 646 4564 sedis
671 4504 770 4586 ipsius
794 4506 941 4570 civitatis.

499 4607 575 4670 Item
601 4611 676 4690 quia
701 4613 891 4674 Ambrosius
915 4615 993 4676 alias
1018 4636 1113 4698 preco
1139 4631 1245 4681 nostre
1270 4621 1510 4682 communitatis
1536 4633 1583 4682 est
1607 4638 1655 4680 re-

393 4713 568 4796 prehensus
592 4716 622 4775 in
650 4716 821 4779 manifesto
847 4717 1009 4783 furticinio
1035 4737 1065 4784 et
1090 4723 1149 4785 fuit
1166 4739 1275 4807 captus
1300 4740 1329 4787 et
1354 4728 1579 4804 incarceratus,
1604 4725 1653 4787 cui

394 4821 610 4882 misericordia
644 4823 715 4884 talis
747 4838 778 4886 et
809 4826 890 4888 adeo
915 4843 961 4889 cst
993 4827 1073 4891 facta
1107 4831 1146 4892 ad
1178 4833 1372 4912 peticionem
1405 4833 1548 4915 plurium
1582 4851 1654 4914 pro-

394 4928 507 4986 borum
533 4927 685 5006 virorum,
710 4933 797 5011 quod
831 4934 920 4994 side
953 4950 1059 4996 cetero
1085 4937 1116 4997 in
1149 4936 1332 4999 huiusmodi
1357 4938 1518 5000 maleficio
1543 4939 1654 5020 depre-

394 5032 511 5092 hensus
536 5032 640 5113 inerit,
666 5056 781 5118 penam
808 5059 904 5120 quarn
931 5055 964 5100 ut
988 5044 1060 5104 talis
1085 5047 1237 5106 meruerit
1261 5047 1404 5127 pacietur
