<?xml version="1.0" encoding="UTF-8"?>
<!DOCTYPE html PUBLIC "-//W3C//DTD XHTML 1.0 Transitional//EN"
    "http://www.w3.org/TR/xhtml1/DTD/xhtml1-transitional.dtd">
<html xmlns="http://www.w3.org/1999/xhtml" xml:lang="en" lang="en">
 <head>
  <title>
</title>
<meta http-equiv="Content-Type" content="text/html;charset=utf-8" />
  <meta name='ocr-system' content='tesseract 3.04.00' />
  <meta name='ocr-capabilities' content='ocr_page ocr_carea ocr_par ocr_line ocrx_word'/>
</head>
<body>
  <div class='ocr_page' id='page_1' title='image "./monumentahistor13laszgoog_0105.png"; bbox 0 0 3738 5786; ppageno 0'>
   <div class='ocr_carea' id='block_1_1' title="bbox 599 557 1089 637">
    <p class='ocr_par' dir='ltr' id='par_1_1' title="bbox 599 557 1089 637">
     <span class='ocr_line' id='line_1_1' title="bbox 599 557 1089 637; baseline 0 -19"><span class='ocrx_word' id='word_1_1' title='bbox 599 560 796 637; x_wconf 76' lang='lat' dir='ltr'>Anno1452.</span> <span class='ocrx_word' id='word_1_2' title='bbox 823 593 865 602; x_wconf 93' lang='lat'><em>-</em></span> <span class='ocrx_word' id='word_1_3' title='bbox 888 573 917 619; x_wconf 87' lang='lat'>1.</span> <span class='ocrx_word' id='word_1_4' title='bbox 934 557 1089 635; x_wconf 65' lang='lat' dir='ltr'>januarii.</span> 
     </span>
    </p>
   </div>
   <div class='ocr_carea' id='block_1_2' title="bbox 209 771 1529 5114">
    <p class='ocr_par' dir='ltr' id='par_1_2' title="bbox 209 771 1480 1069">
     <span class='ocr_line' id='line_1_2' title="bbox 211 771 1480 852; baseline -0.003 -16"><span class='ocrx_word' id='word_1_5' title='bbox 211 775 297 836; x_wconf 91' lang='lat' dir='ltr'>curie</span> <span class='ocrx_word' id='word_1_6' title='bbox 321 793 396 835; x_wconf 90' lang='lat' dir='ltr'>cum</span> <span class='ocrx_word' id='word_1_7' title='bbox 421 772 579 836; x_wconf 88' lang='lat' dir='ltr'>hedificiis</span> <span class='ocrx_word' id='word_1_8' title='bbox 603 787 634 834; x_wconf 90' lang='lat' dir='ltr'>et</span> <span class='ocrx_word' id='word_1_9' title='bbox 658 772 780 835; x_wconf 90' lang='lat' dir='ltr'>cunctis</span> <span class='ocrx_word' id='word_1_10' title='bbox 808 772 873 833; x_wconf 92' lang='lat' dir='ltr'>suis</span> <span class='ocrx_word' id='word_1_11' title='bbox 906 771 1100 832; x_wconf 75' lang='lat' dir='ltr'>utilitatibus</span> <span class='ocrx_word' id='word_1_12' title='bbox 1124 785 1154 832; x_wconf 94' lang='lat' dir='ltr'>et</span> <span class='ocrx_word' id='word_1_13' title='bbox 1179 771 1386 852; x_wconf 82' lang='lat' dir='ltr'>pertinenciis</span> <span class='ocrx_word' id='word_1_14' title='bbox 1410 772 1480 833; x_wconf 91' lang='lat' dir='ltr'>uni·</span> 
     </span>
     <span class='ocr_line' id='line_1_3' title="bbox 209 876 1477 963; baseline -0.002 -23"><span class='ocrx_word' id='word_1_15' title='bbox 209 881 307 943; x_wconf 80' lang='lat' dir='ltr'>versis</span> <span class='ocrx_word' id='word_1_16' title='bbox 331 879 463 963; x_wconf 89' lang='lat' dir='ltr'>prefatis</span> <span class='ocrx_word' id='word_1_17' title='bbox 487 880 588 942; x_wconf 88' lang='lat' dir='ltr'>Elcne</span> <span class='ocrx_word' id='word_1_18' title='bbox 613 879 721 941; x_wconf 88' lang='lat' dir='ltr'>relicte</span> <span class='ocrx_word' id='word_1_19' title='bbox 753 891 784 940; x_wconf 90' lang='lat' dir='ltr'>et</span> <span class='ocrx_word' id='word_1_20' title='bbox 806 878 972 941; x_wconf 84' lang='lat' dir='ltr'>Demetrio</span> <span class='ocrx_word' id='word_1_21' title='bbox 1005 876 1073 938; x_wconf 87' lang='lat' dir='ltr'>lilio</span> <span class='ocrx_word' id='word_1_22' title='bbox 1100 877 1198 960; x_wconf 91' lang='lat' dir='ltr'>ipsius</span> <span class='ocrx_word' id='word_1_23' title='bbox 1231 878 1369 939; x_wconf 90' lang='lat' dir='ltr'>condam</span> <span class='ocrx_word' id='word_1_24' title='bbox 1395 879 1477 940; x_wconf 82' lang='lat' dir='ltr'>Petri</span> 
     </span>
     <span class='ocr_line' id='line_1_4' title="bbox 213 984 1478 1069; baseline -0.002 -20"><span class='ocrx_word' id='word_1_25' title='bbox 213 987 351 1069; x_wconf 89' lang='lat' dir='ltr'>agricole</span> <span class='ocrx_word' id='word_1_26' title='bbox 361 1006 464 1068; x_wconf 90' lang='lat' dir='ltr'>acper</span> <span class='ocrx_word' id='word_1_27' title='bbox 483 985 689 1067; x_wconf 91' lang='lat' dir='ltr'>eosipsorum</span> <span class='ocrx_word' id='word_1_28' title='bbox 700 985 873 1047; x_wconf 89' lang='lat' dir='ltr'>heredibus</span> <span class='ocrx_word' id='word_1_29' title='bbox 886 984 1220 1066; x_wconf 89' lang='lat' dir='ltr'>statuimusperpetuo</span> <span class='ocrx_word' id='word_1_30' title='bbox 1239 984 1478 1066; x_wconf 86' lang='lat' dir='ltr'>possidendam.</span> 
     </span>
    </p>

    <p class='ocr_par' dir='ltr' id='par_1_3' title="bbox 210 1089 1529 2562">
     <span class='ocr_line' id='line_1_5' title="bbox 316 1089 1479 1175; baseline -0.003 -21"><span class='ocrx_word' id='word_1_31' title='bbox 316 1093 396 1155; x_wconf 90' lang='lat' dir='ltr'>Item</span> <span class='ocrx_word' id='word_1_32' title='bbox 421 1093 497 1175; x_wconf 84' lang='lat' dir='ltr'>quia</span> <span class='ocrx_word' id='word_1_33' title='bbox 521 1091 698 1173; x_wconf 86' lang='lat' dir='ltr'>Gregorius</span> <span class='ocrx_word' id='word_1_34' title='bbox 722 1091 826 1153; x_wconf 89' lang='lat' dir='ltr'>dictus</span> <span class='ocrx_word' id='word_1_35' title='bbox 847 1089 1023 1173; x_wconf 89' lang='lat' dir='ltr'>Wychecz,</span> <span class='ocrx_word' id='word_1_36' title='bbox 1041 1090 1095 1171; x_wconf 92' lang='lat' dir='ltr'>qui</span> <span class='ocrx_word' id='word_1_37' title='bbox 1121 1102 1251 1172; x_wconf 90' lang='lat' dir='ltr'>propter</span> <span class='ocrx_word' id='word_1_38' title='bbox 1275 1091 1402 1172; x_wconf 86' lang='lat' dir='ltr'>aliquos</span> <span class='ocrx_word' id='word_1_39' title='bbox 1426 1110 1479 1152; x_wconf 86' lang='lat' dir='ltr'>ex·</span> 
     </span>
     <span class='ocr_line' id='line_1_6' title="bbox 213 1195 1529 1281; baseline -0.004 -19"><span class='ocrx_word' id='word_1_40' title='bbox 213 1219 317 1262; x_wconf 87' lang='lat' dir='ltr'>cessus</span> <span class='ocrx_word' id='word_1_41' title='bbox 340 1219 416 1261; x_wconf 92' lang='lat' dir='ltr'>suos</span> <span class='ocrx_word' id='word_1_42' title='bbox 439 1198 500 1261; x_wconf 91' lang='lat' dir='ltr'>fuit</span> <span class='ocrx_word' id='word_1_43' title='bbox 532 1199 756 1278; x_wconf 83' lang='lat' dir='ltr'>incarceratus,</span> <span class='ocrx_word' id='word_1_44' title='bbox 780 1216 838 1281; x_wconf 90' lang='lat' dir='ltr'>pro</span> <span class='ocrx_word' id='word_1_45' title='bbox 872 1216 937 1278; x_wconf 94' lang='lat' dir='ltr'>quo</span> <span class='ocrx_word' id='word_1_46' title='bbox 970 1197 1046 1258; x_wconf 90' lang='lat' dir='ltr'>certi</span> <span class='ocrx_word' id='word_1_47' title='bbox 1079 1195 1227 1258; x_wconf 90' lang='lat' dir='ltr'>homines</span> <span class='ocrx_word' id='word_1_48' title='bbox 1249 1196 1343 1279; x_wconf 95' lang='lat' dir='ltr'>probi</span> <span class='ocrx_word' id='word_1_49' title='bbox 1368 1211 1399 1258; x_wconf 90' lang='lat' dir='ltr'>et</span> <span class='ocrx_word' id='word_1_50' title='bbox 1422 1195 1479 1258; x_wconf 93' lang='lat' dir='ltr'>ho·</span> <span class='ocrx_word' id='word_1_51' title='bbox 1525 1266 1529 1272; x_wconf 31' lang='lat'>¹</span> 
     </span>
     <span class='ocr_line' id='line_1_7' title="bbox 213 1302 1477 1388; baseline -0.003 -20"><span class='ocrx_word' id='word_1_52' title='bbox 213 1307 291 1368; x_wconf 89' lang='lat' dir='ltr'>nesti</span> <span class='ocrx_word' id='word_1_53' title='bbox 317 1305 510 1388; x_wconf 83' lang='lat' dir='ltr'>infrascripti</span> <span class='ocrx_word' id='word_1_54' title='bbox 535 1303 665 1367; x_wconf 91' lang='lat' dir='ltr'>fuerunt</span> <span class='ocrx_word' id='word_1_55' title='bbox 688 1325 783 1388; x_wconf 90' lang='lat' dir='ltr'>super</span> <span class='ocrx_word' id='word_1_56' title='bbox 816 1324 854 1366; x_wconf 89' lang='lat' dir='ltr'>eo</span> <span class='ocrx_word' id='word_1_57' title='bbox 879 1303 1093 1382; x_wconf 89' lang='lat' dir='ltr'>fideiussores,</span> <span class='ocrx_word' id='word_1_58' title='bbox 1118 1316 1153 1364; x_wconf 93' lang='lat' dir='ltr'>ut</span> <span class='ocrx_word' id='word_1_59' title='bbox 1177 1302 1216 1364; x_wconf 89' lang='lat' dir='ltr'>de</span> <span class='ocrx_word' id='word_1_60' title='bbox 1242 1322 1365 1364; x_wconf 88' lang='lat' dir='ltr'>carcere</span> <span class='ocrx_word' id='word_1_61' title='bbox 1391 1321 1477 1364; x_wconf 88' lang='lat' dir='ltr'>cotn-</span> 
     </span>
     <span class='ocr_line' id='line_1_8' title="bbox 214 1409 1478 1494; baseline -0.002 -20"><span class='ocrx_word' id='word_1_62' title='bbox 214 1413 301 1474; x_wconf 87' lang='lat' dir='ltr'>muni</span> <span class='ocrx_word' id='word_1_63' title='bbox 327 1411 388 1475; x_wconf 93' lang='lat' dir='ltr'>fuit</span> <span class='ocrx_word' id='word_1_64' title='bbox 411 1413 547 1474; x_wconf 90' lang='lat' dir='ltr'>emissus</span> <span class='ocrx_word' id='word_1_65' title='bbox 570 1431 671 1494; x_wconf 90' lang='lat' dir='ltr'>usque</span> <span class='ocrx_word' id='word_1_66' title='bbox 697 1413 736 1473; x_wconf 92' lang='lat' dir='ltr'>ad</span> <span class='ocrx_word' id='word_1_67' title='bbox 769 1411 909 1494; x_wconf 89' lang='lat' dir='ltr'>primurn</span> <span class='ocrx_word' id='word_1_68' title='bbox 944 1409 1100 1490; x_wconf 89' lang='lat' dir='ltr'>judicium</span> <span class='ocrx_word' id='word_1_69' title='bbox 1126 1409 1272 1492; x_wconf 86' lang='lat' dir='ltr'>proxime</span> <span class='ocrx_word' id='word_1_70' title='bbox 1297 1429 1478 1488; x_wconf 91' lang='lat' dir='ltr'>occurrens,</span> 
     </span>
     <span class='ocr_line' id='line_1_9' title="bbox 214 1515 1477 1597; baseline -0.002 -17"><span class='ocrx_word' id='word_1_71' title='bbox 214 1533 243 1581; x_wconf 89' lang='lat' dir='ltr'>et</span> <span class='ocrx_word' id='word_1_72' title='bbox 266 1519 394 1582; x_wconf 88' lang='lat' dir='ltr'>interim</span> <span class='ocrx_word' id='word_1_73' title='bbox 420 1532 466 1581; x_wconf 89' lang='lat' dir='ltr'>est</span> <span class='ocrx_word' id='word_1_74' title='bbox 490 1533 635 1581; x_wconf 88' lang='lat' dir='ltr'>mortuus</span> <span class='ocrx_word' id='word_1_75' title='bbox 659 1531 690 1581; x_wconf 92' lang='lat' dir='ltr'>et</span> <span class='ocrx_word' id='word_1_76' title='bbox 714 1517 849 1580; x_wconf 86' lang='lat' dir='ltr'>decessit</span> <span class='ocrx_word' id='word_1_77' title='bbox 879 1519 918 1579; x_wconf 91' lang='lat' dir='ltr'>ab</span> <span class='ocrx_word' id='word_1_78' title='bbox 944 1516 1003 1578; x_wconf 89' lang='lat' dir='ltr'>hac</span> <span class='ocrx_word' id='word_1_79' title='bbox 1034 1515 1105 1578; x_wconf 93' lang='lat' dir='ltr'>luce</span> <span class='ocrx_word' id='word_1_80' title='bbox 1129 1516 1311 1597; x_wconf 89' lang='lat' dir='ltr'>temporali,</span> <span class='ocrx_word' id='word_1_81' title='bbox 1337 1516 1477 1597; x_wconf 90' lang='lat' dir='ltr'>ideoque</span> 
     </span>
     <span class='ocr_line' id='line_1_10' title="bbox 213 1622 1478 1708; baseline -0.003 -20"><span class='ocrx_word' id='word_1_82' title='bbox 213 1645 269 1688; x_wconf 87' lang='lat' dir='ltr'>nos</span> <span class='ocrx_word' id='word_1_83' title='bbox 286 1624 419 1688; x_wconf 88' lang='lat' dir='ltr'>eosdem</span> <span class='ocrx_word' id='word_1_84' title='bbox 436 1624 640 1687; x_wconf 86' lang='lat' dir='ltr'>fideiussores</span> <span class='ocrx_word' id='word_1_85' title='bbox 657 1625 756 1708; x_wconf 89' lang='lat' dir='ltr'>ipsius</span> <span class='ocrx_word' id='word_1_86' title='bbox 777 1623 925 1706; x_wconf 87' lang='lat' dir='ltr'>Gregorii</span> <span class='ocrx_word' id='word_1_87' title='bbox 943 1622 1108 1706; x_wconf 89' lang='lat' dir='ltr'>Wychecz</span> <span class='ocrx_word' id='word_1_88' title='bbox 1125 1622 1294 1685; x_wconf 88' lang='lat' dir='ltr'>videlicet:</span> <span class='ocrx_word' id='word_1_89' title='bbox 1312 1622 1478 1684; x_wconf 89' lang='lat' dir='ltr'>Vrbanum</span> 
     </span>
     <span class='ocr_line' id='line_1_11' title="bbox 213 1729 1477 1814; baseline -0.002 -22"><span class='ocrx_word' id='word_1_90' title='bbox 213 1733 354 1795; x_wconf 83' lang='lat' dir='ltr'>villicum</span> <span class='ocrx_word' id='word_1_91' title='bbox 380 1733 551 1814; x_wconf 89' lang='lat' dir='ltr'>antiquum</span> <span class='ocrx_word' id='word_1_92' title='bbox 576 1732 637 1793; x_wconf 80' lang='lat' dir='ltr'>vici</span> <span class='ocrx_word' id='word_1_93' title='bbox 663 1731 866 1808; x_wconf 91' lang='lat' dir='ltr'>Latinorum,</span> <span class='ocrx_word' id='word_1_94' title='bbox 883 1729 1075 1792; x_wconf 89' lang='lat' dir='ltr'>Michaelem</span> <span class='ocrx_word' id='word_1_95' title='bbox 1102 1729 1294 1790; x_wconf 89' lang='lat' dir='ltr'>modernum</span> <span class='ocrx_word' id='word_1_96' title='bbox 1321 1729 1477 1807; x_wconf 87' lang='lat' dir='ltr'>villicum,</span> 
     </span>
     <span class='ocr_line' id='line_1_12' title="bbox 213 1835 1478 1919; baseline -0.005 -17"><span class='ocrx_word' id='word_1_97' title='bbox 213 1840 415 1902; x_wconf 89' lang='lat' dir='ltr'>Clementem</span> <span class='ocrx_word' id='word_1_98' title='bbox 440 1839 479 1900; x_wconf 91' lang='lat' dir='ltr'>dc</span> <span class='ocrx_word' id='word_1_99' title='bbox 504 1840 576 1902; x_wconf 90' lang='lat' dir='ltr'>vico</span> <span class='ocrx_word' id='word_1_100' title='bbox 600 1838 727 1917; x_wconf 90' lang='lat' dir='ltr'>eodem,</span> <span class='ocrx_word' id='word_1_101' title='bbox 746 1837 924 1919; x_wconf 81' lang='lat' dir='ltr'>Georgium</span> <span class='ocrx_word' id='word_1_102' title='bbox 947 1852 978 1898; x_wconf 90' lang='lat' dir='ltr'>et</span> <span class='ocrx_word' id='word_1_103' title='bbox 995 1835 1203 1898; x_wconf 90' lang='lat' dir='ltr'>Dominicum</span> <span class='ocrx_word' id='word_1_104' title='bbox 1228 1835 1357 1916; x_wconf 81' lang='lat' dir='ltr'>juratos,</span> <span class='ocrx_word' id='word_1_105' title='bbox 1384 1836 1478 1897; x_wconf 87' lang='lat' dir='ltr'>Eme·</span> 
     </span>
     <span class='ocr_line' id='line_1_13' title="bbox 213 1941 1477 2027; baseline -0.004 -20"><span class='ocrx_word' id='word_1_106' title='bbox 213 1945 312 2008; x_wconf 91' lang='lat' dir='ltr'>ricum</span> <span class='ocrx_word' id='word_1_107' title='bbox 337 1946 507 2027; x_wconf 91' lang='lat' dir='ltr'>antiquum</span> <span class='ocrx_word' id='word_1_108' title='bbox 532 1945 677 2006; x_wconf 89' lang='lat' dir='ltr'>villicum</span> <span class='ocrx_word' id='word_1_109' title='bbox 701 1944 800 2027; x_wconf 89' lang='lat' dir='ltr'>ipsius</span> <span class='ocrx_word' id='word_1_110' title='bbox 824 1944 885 2004; x_wconf 89' lang='lat' dir='ltr'>vici</span> <span class='ocrx_word' id='word_1_111' title='bbox 915 1943 1103 2004; x_wconf 91' lang='lat' dir='ltr'>Latinorum</span> <span class='ocrx_word' id='word_1_112' title='bbox 1128 1963 1165 2003; x_wconf 91' lang='lat' dir='ltr'>ac</span> <span class='ocrx_word' id='word_1_113' title='bbox 1182 1941 1352 2003; x_wconf 90' lang='lat' dir='ltr'>Nicolaum</span> <span class='ocrx_word' id='word_1_114' title='bbox 1371 1941 1477 2003; x_wconf 88' lang='lat' dir='ltr'>Cheh·</span> 
     </span>
     <span class='ocr_line' id='line_1_14' title="bbox 212 2046 1476 2133; baseline -0.005 -19"><span class='ocrx_word' id='word_1_115' title='bbox 212 2055 340 2132; x_wconf 86' lang='lat' dir='ltr'>koncm,</span> <span class='ocrx_word' id='word_1_116' title='bbox 373 2051 574 2114; x_wconf 84' lang='lat' dir='ltr'>Anthonium</span> <span class='ocrx_word' id='word_1_117' title='bbox 608 2049 820 2133; x_wconf 87' lang='lat' dir='ltr'>Thermsych,</span> <span class='ocrx_word' id='word_1_118' title='bbox 851 2049 1031 2112; x_wconf 73' lang='lat' dir='ltr'>iohannem</span> <span class='ocrx_word' id='word_1_119' title='bbox 1062 2046 1223 2109; x_wconf 84' lang='lat' dir='ltr'>Werchelr</span> <span class='ocrx_word' id='word_1_120' title='bbox 1255 2061 1285 2108; x_wconf 88' lang='lat' dir='ltr'>et</span> <span class='ocrx_word' id='word_1_121' title='bbox 1309 2047 1476 2109; x_wconf 90' lang='lat' dir='ltr'>Vrbanum</span> 
     </span>
     <span class='ocr_line' id='line_1_15' title="bbox 212 2153 1478 2237; baseline -0.004 -17"><span class='ocrx_word' id='word_1_122' title='bbox 212 2159 363 2220; x_wconf 89' lang='lat' dir='ltr'>claudum</span> <span class='ocrx_word' id='word_1_123' title='bbox 388 2173 419 2219; x_wconf 89' lang='lat' dir='ltr'>et</span> <span class='ocrx_word' id='word_1_124' title='bbox 443 2158 524 2219; x_wconf 90' lang='lat' dir='ltr'>alios</span> <span class='ocrx_word' id='word_1_125' title='bbox 557 2156 823 2219; x_wconf 86' lang='lat' dir='ltr'>confideiussores</span> <span class='ocrx_word' id='word_1_126' title='bbox 858 2175 970 2218; x_wconf 88' lang='lat' dir='ltr'>eorum</span> <span class='ocrx_word' id='word_1_127' title='bbox 995 2155 1122 2216; x_wconf 90' lang='lat' dir='ltr'>racione</span> <span class='ocrx_word' id='word_1_128' title='bbox 1157 2154 1256 2237; x_wconf 90' lang='lat' dir='ltr'>ipsius</span> <span class='ocrx_word' id='word_1_129' title='bbox 1280 2153 1478 2215; x_wconf 84' lang='lat' dir='ltr'>fideiussoris</span> 
     </span>
     <span class='ocr_line' id='line_1_16' title="bbox 212 2260 1477 2346; baseline -0.006 -18"><span class='ocrx_word' id='word_1_130' title='bbox 212 2266 374 2328; x_wconf 90' lang='lat' dir='ltr'>caucionis</span> <span class='ocrx_word' id='word_1_131' title='bbox 398 2264 599 2326; x_wconf 90' lang='lat' dir='ltr'>reddidimus</span> <span class='ocrx_word' id='word_1_132' title='bbox 623 2263 691 2325; x_wconf 90' lang='lat' dir='ltr'>fore</span> <span class='ocrx_word' id='word_1_133' title='bbox 724 2263 901 2346; x_wconf 84' lang='lat' dir='ltr'>expeditos,</span> <span class='ocrx_word' id='word_1_134' title='bbox 935 2260 1085 2344; x_wconf 87' lang='lat' dir='ltr'>pacificos</span> <span class='ocrx_word' id='word_1_135' title='bbox 1117 2275 1148 2322; x_wconf 89' lang='lat' dir='ltr'>et</span> <span class='ocrx_word' id='word_1_136' title='bbox 1172 2260 1360 2322; x_wconf 90' lang='lat' dir='ltr'>omnimode</span> <span class='ocrx_word' id='word_1_137' title='bbox 1385 2261 1477 2322; x_wconf 89' lang='lat' dir='ltr'>abso·</span> 
     </span>
     <span class='ocr_line' id='line_1_17' title="bbox 211 2367 1475 2452; baseline -0.004 -18"><span class='ocrx_word' id='word_1_138' title='bbox 211 2373 295 2434; x_wconf 89' lang='lat' dir='ltr'>lutos</span> <span class='ocrx_word' id='word_1_139' title='bbox 327 2392 365 2434; x_wconf 85' lang='lat' dir='ltr'>ex</span> <span class='ocrx_word' id='word_1_140' title='bbox 389 2391 548 2434; x_wconf 87' lang='lat' dir='ltr'>consensu</span> <span class='ocrx_word' id='word_1_141' title='bbox 578 2371 681 2432; x_wconf 90' lang='lat' dir='ltr'>tocius</span> <span class='ocrx_word' id='word_1_142' title='bbox 715 2369 956 2432; x_wconf 89' lang='lat' dir='ltr'>communitatis</span> <span class='ocrx_word' id='word_1_143' title='bbox 987 2389 1044 2452; x_wconf 89' lang='lat' dir='ltr'>per</span> <span class='ocrx_word' id='word_1_144' title='bbox 1076 2369 1248 2430; x_wconf 86' lang='lat' dir='ltr'>instantem</span> <span class='ocrx_word' id='word_1_145' title='bbox 1281 2367 1475 2450; x_wconf 88' lang='lat' dir='ltr'>peticionem</span> 
     </span>
     <span class='ocr_line' id='line_1_18' title="bbox 210 2478 1021 2562; baseline -0.001 -22"><span class='ocrx_word' id='word_1_146' title='bbox 210 2479 351 2562; x_wconf 88' lang='lat' dir='ltr'>plurium</span> <span class='ocrx_word' id='word_1_147' title='bbox 376 2480 553 2560; x_wconf 89' lang='lat' dir='ltr'>proborum</span> <span class='ocrx_word' id='word_1_148' title='bbox 578 2493 609 2539; x_wconf 91' lang='lat' dir='ltr'>et</span> <span class='ocrx_word' id='word_1_149' title='bbox 633 2478 842 2540; x_wconf 89' lang='lat' dir='ltr'>honestorum</span> <span class='ocrx_word' id='word_1_150' title='bbox 868 2478 1021 2539; x_wconf 86' lang='lat' dir='ltr'>virorum.</span> 
     </span>
    </p>

    <p class='ocr_par' dir='ltr' id='par_1_4' title="bbox 210 2581 1477 3838">
     <span class='ocr_line' id='line_1_19' title="bbox 316 2581 1476 2666; baseline -0.001 -20"><span class='ocrx_word' id='word_1_151' title='bbox 316 2585 393 2646; x_wconf 89' lang='lat' dir='ltr'>ltem</span> <span class='ocrx_word' id='word_1_152' title='bbox 419 2585 494 2666; x_wconf 91' lang='lat' dir='ltr'>quia</span> <span class='ocrx_word' id='word_1_153' title='bbox 520 2583 681 2665; x_wconf 85' lang='lat' dir='ltr'>Georgius</span> <span class='ocrx_word' id='word_1_154' title='bbox 704 2581 789 2645; x_wconf 89' lang='lat' dir='ltr'>lilius</span> <span class='ocrx_word' id='word_1_155' title='bbox 813 2583 951 2645; x_wconf 91' lang='lat' dir='ltr'>condam</span> <span class='ocrx_word' id='word_1_156' title='bbox 981 2583 1145 2645; x_wconf 91' lang='lat' dir='ltr'>Valentini</span> <span class='ocrx_word' id='word_1_157' title='bbox 1178 2583 1253 2645; x_wconf 92' lang='lat' dir='ltr'>dicti</span> <span class='ocrx_word' id='word_1_158' title='bbox 1279 2585 1395 2666; x_wconf 90' lang='lat' dir='ltr'>Peryn,</span> <span class='ocrx_word' id='word_1_159' title='bbox 1420 2585 1476 2665; x_wconf 92' lang='lat' dir='ltr'>qui</span> 
     </span>
     <span class='ocr_line' id='line_1_20' title="bbox 210 2687 1476 2773; baseline -0.001 -21"><span class='ocrx_word' id='word_1_160' title='bbox 210 2705 340 2773; x_wconf 91' lang='lat' dir='ltr'>propter</span> <span class='ocrx_word' id='word_1_161' title='bbox 372 2689 493 2753; x_wconf 90' lang='lat' dir='ltr'>furtum</span> <span class='ocrx_word' id='word_1_162' title='bbox 526 2689 731 2752; x_wconf 90' lang='lat' dir='ltr'>manifestum</span> <span class='ocrx_word' id='word_1_163' title='bbox 766 2687 825 2751; x_wconf 89' lang='lat' dir='ltr'>fuit</span> <span class='ocrx_word' id='word_1_164' title='bbox 861 2691 1084 2768; x_wconf 86' lang='lat' dir='ltr'>incarceratus,</span> <span class='ocrx_word' id='word_1_165' title='bbox 1118 2690 1206 2771; x_wconf 93' lang='lat' dir='ltr'>quod</span> <span class='ocrx_word' id='word_1_166' title='bbox 1238 2688 1358 2752; x_wconf 89' lang='lat' dir='ltr'>furtum</span> <span class='ocrx_word' id='word_1_167' title='bbox 1391 2691 1476 2751; x_wconf 92' lang='lat' dir='ltr'>idern</span> 
     </span>
     <span class='ocr_line' id='line_1_21' title="bbox 212 2795 1476 2878; baseline -0.001 -20"><span class='ocrx_word' id='word_1_168' title='bbox 212 2796 372 2878; x_wconf 86' lang='lat' dir='ltr'>Georgius</span> <span class='ocrx_word' id='word_1_169' title='bbox 403 2797 492 2859; x_wconf 90' lang='lat' dir='ltr'>solus</span> <span class='ocrx_word' id='word_1_170' title='bbox 523 2816 630 2859; x_wconf 88' lang='lat' dir='ltr'>coram</span> <span class='ocrx_word' id='word_1_171' title='bbox 655 2810 721 2858; x_wconf 92' lang='lat' dir='ltr'>tota</span> <span class='ocrx_word' id='word_1_172' title='bbox 753 2797 984 2858; x_wconf 88' lang='lat' dir='ltr'>communitate</span> <span class='ocrx_word' id='word_1_173' title='bbox 1018 2796 1050 2857; x_wconf 95' lang='lat' dir='ltr'>in</span> <span class='ocrx_word' id='word_1_174' title='bbox 1084 2795 1204 2878; x_wconf 82' lang='lat' dir='ltr'>judicio</span> <span class='ocrx_word' id='word_1_175' title='bbox 1229 2810 1277 2858; x_wconf 91' lang='lat' dir='ltr'>est</span> <span class='ocrx_word' id='word_1_176' title='bbox 1300 2795 1411 2874; x_wconf 90' lang='lat' dir='ltr'>fassus,</span> <span class='ocrx_word' id='word_1_177' title='bbox 1437 2795 1476 2857; x_wconf 94' lang='lat' dir='ltr'>de</span> 
     </span>
     <span class='ocr_line' id='line_1_22' title="bbox 211 2901 1477 2986; baseline -0.001 -22"><span class='ocrx_word' id='word_1_178' title='bbox 211 2923 334 2966; x_wconf 88' lang='lat' dir='ltr'>carcere</span> <span class='ocrx_word' id='word_1_179' title='bbox 359 2903 503 2986; x_wconf 89' lang='lat' dir='ltr'>predicto</span> <span class='ocrx_word' id='word_1_180' title='bbox 542 2917 701 2966; x_wconf 90' lang='lat' dir='ltr'>nocturno</span> <span class='ocrx_word' id='word_1_181' title='bbox 724 2916 869 2985; x_wconf 91' lang='lat' dir='ltr'>tempore</span> <span class='ocrx_word' id='word_1_182' title='bbox 901 2901 1026 2984; x_wconf 85' lang='lat' dir='ltr'>aufugit</span> <span class='ocrx_word' id='word_1_183' title='bbox 1049 2915 1080 2964; x_wconf 94' lang='lat' dir='ltr'>et</span> <span class='ocrx_word' id='word_1_184' title='bbox 1112 2903 1216 2984; x_wconf 91' lang='lat' dir='ltr'>ipsum</span> <span class='ocrx_word' id='word_1_185' title='bbox 1241 2922 1397 2964; x_wconf 88' lang='lat' dir='ltr'>carcerem</span> <span class='ocrx_word' id='word_1_186' title='bbox 1423 2903 1477 2963; x_wconf 90' lang='lat' dir='ltr'>de-</span> 
     </span>
     <span class='ocr_line' id='line_1_23' title="bbox 214 3007 1476 3092; baseline 0 -22"><span class='ocrx_word' id='word_1_187' title='bbox 214 3011 326 3073; x_wconf 85' lang='lat' dir='ltr'>struxit</span> <span class='ocrx_word' id='word_1_188' title='bbox 351 3023 381 3072; x_wconf 89' lang='lat' dir='ltr'>ct</span> <span class='ocrx_word' id='word_1_189' title='bbox 405 3009 563 3092; x_wconf 88' lang='lat' dir='ltr'>confregit</span> <span class='ocrx_word' id='word_1_190' title='bbox 587 3009 617 3071; x_wconf 93' lang='lat' dir='ltr'>in</span> <span class='ocrx_word' id='word_1_191' title='bbox 644 3009 783 3071; x_wconf 88' lang='lat' dir='ltr'>dedecus</span> <span class='ocrx_word' id='word_1_192' title='bbox 815 3023 845 3070; x_wconf 92' lang='lat' dir='ltr'>et</span> <span class='ocrx_word' id='word_1_193' title='bbox 869 3009 1046 3091; x_wconf 89' lang='lat' dir='ltr'>dampnum</span> <span class='ocrx_word' id='word_1_194' title='bbox 1078 3007 1171 3069; x_wconf 88' lang='lat' dir='ltr'>valde</span> <span class='ocrx_word' id='word_1_195' title='bbox 1204 3027 1377 3090; x_wconf 89' lang='lat' dir='ltr'>magnum;</span> <span class='ocrx_word' id='word_1_196' title='bbox 1402 3008 1476 3070; x_wconf 92' lang='lat' dir='ltr'>ideo</span> 
     </span>
     <span class='ocr_line' id='line_1_24' title="bbox 213 3112 1477 3200; baseline -0.002 -22"><span class='ocrx_word' id='word_1_197' title='bbox 213 3117 316 3200; x_wconf 88' lang='lat' dir='ltr'>ipsum</span> <span class='ocrx_word' id='word_1_198' title='bbox 350 3114 528 3198; x_wconf 91' lang='lat' dir='ltr'>Georgium</span> <span class='ocrx_word' id='word_1_199' title='bbox 559 3131 724 3198; x_wconf 88' lang='lat' dir='ltr'>tamquam</span> <span class='ocrx_word' id='word_1_200' title='bbox 759 3115 861 3177; x_wconf 90' lang='lat' dir='ltr'>furem</span> <span class='ocrx_word' id='word_1_201' title='bbox 895 3112 1100 3176; x_wconf 89' lang='lat' dir='ltr'>manifestum</span> <span class='ocrx_word' id='word_1_202' title='bbox 1133 3129 1164 3176; x_wconf 92' lang='lat' dir='ltr'>et</span> <span class='ocrx_word' id='word_1_203' title='bbox 1189 3113 1421 3176; x_wconf 91' lang='lat' dir='ltr'>confractorem</span> <span class='ocrx_word' id='word_1_204' title='bbox 1446 3127 1477 3176; x_wconf 92' lang='lat' dir='ltr'>et</span> 
     </span>
     <span class='ocr_line' id='line_1_25' title="bbox 212 3222 1475 3306; baseline -0.002 -22"><span class='ocrx_word' id='word_1_205' title='bbox 212 3223 439 3286; x_wconf 87' lang='lat' dir='ltr'>destructorem</span> <span class='ocrx_word' id='word_1_206' title='bbox 470 3223 603 3285; x_wconf 87' lang='lat' dir='ltr'>carceris</span> <span class='ocrx_word' id='word_1_207' title='bbox 634 3223 768 3306; x_wconf 90' lang='lat' dir='ltr'>predicti</span> <span class='ocrx_word' id='word_1_208' title='bbox 793 3222 825 3283; x_wconf 93' lang='lat' dir='ltr'>in</span> <span class='ocrx_word' id='word_1_209' title='bbox 857 3241 986 3304; x_wconf 89' lang='lat' dir='ltr'>presens</span> <span class='ocrx_word' id='word_1_210' title='bbox 1019 3223 1187 3284; x_wconf 82' lang='lat' dir='ltr'>laternum</span> <span class='ocrx_word' id='word_1_211' title='bbox 1218 3235 1363 3283; x_wconf 85' lang='lat' dir='ltr'>nostrum</span> <span class='ocrx_word' id='word_1_212' title='bbox 1388 3241 1475 3283; x_wconf 91' lang='lat' dir='ltr'>com-</span> 
     </span>
     <span class='ocr_line' id='line_1_26' title="bbox 215 3326 1474 3411; baseline 0 -21"><span class='ocrx_word' id='word_1_213' title='bbox 215 3349 312 3392; x_wconf 86' lang='lat' dir='ltr'>mune</span> <span class='ocrx_word' id='word_1_214' title='bbox 336 3328 472 3391; x_wconf 90' lang='lat' dir='ltr'>lecimus</span> <span class='ocrx_word' id='word_1_215' title='bbox 487 3330 685 3411; x_wconf 89' lang='lat' dir='ltr'>proscribere</span> <span class='ocrx_word' id='word_1_216' title='bbox 701 3343 867 3410; x_wconf 89' lang='lat' dir='ltr'>tamquam</span> <span class='ocrx_word' id='word_1_217' title='bbox 884 3329 1048 3390; x_wconf 91' lang='lat' dir='ltr'>notorium</span> <span class='ocrx_word' id='word_1_218' title='bbox 1063 3326 1303 3390; x_wconf 89' lang='lat' dir='ltr'>malefactorem</span> <span class='ocrx_word' id='word_1_219' title='bbox 1328 3329 1474 3390; x_wconf 90' lang='lat' dir='ltr'>commit-</span> 
     </span>
     <span class='ocr_line' id='line_1_27' title="bbox 212 3434 1475 3518; baseline 0 -22"><span class='ocrx_word' id='word_1_220' title='bbox 212 3449 312 3498; x_wconf 89' lang='lat' dir='ltr'>tentes</span> <span class='ocrx_word' id='word_1_221' title='bbox 325 3435 443 3515; x_wconf 90' lang='lat' dir='ltr'>eidem,</span> <span class='ocrx_word' id='word_1_222' title='bbox 461 3447 496 3497; x_wconf 91' lang='lat' dir='ltr'>ut</span> <span class='ocrx_word' id='word_1_223' title='bbox 512 3435 561 3517; x_wconf 91' lang='lat' dir='ltr'>(si)</span> <span class='ocrx_word' id='word_1_224' title='bbox 575 3435 614 3496; x_wconf 92' lang='lat' dir='ltr'>de</span> <span class='ocrx_word' id='word_1_225' title='bbox 632 3449 738 3497; x_wconf 89' lang='lat' dir='ltr'>cetero</span> <span class='ocrx_word' id='word_1_226' title='bbox 754 3449 784 3496; x_wconf 91' lang='lat' dir='ltr'>et</span> <span class='ocrx_word' id='word_1_227' title='bbox 797 3455 852 3516; x_wconf 89' lang='lat' dir='ltr'>per</span> <span class='ocrx_word' id='word_1_228' title='bbox 869 3434 1007 3518; x_wconf 88' lang='lat' dir='ltr'>amplius</span> <span class='ocrx_word' id='word_1_229' title='bbox 1023 3434 1062 3496; x_wconf 90' lang='lat' dir='ltr'>ad</span> <span class='ocrx_word' id='word_1_230' title='bbox 1080 3435 1240 3496; x_wconf 89' lang='lat' dir='ltr'>civitatem</span> <span class='ocrx_word' id='word_1_231' title='bbox 1260 3435 1372 3496; x_wconf 89' lang='lat' dir='ltr'>eteius</span> <span class='ocrx_word' id='word_1_232' title='bbox 1387 3435 1475 3496; x_wconf 90' lang='lat' dir='ltr'>terri·</span> 
     </span>
     <span class='ocr_line' id='line_1_28' title="bbox 213 3540 1473 3624; baseline -0.001 -22"><span class='ocrx_word' id='word_1_233' title='bbox 213 3541 328 3604; x_wconf 89' lang='lat' dir='ltr'>torium</span> <span class='ocrx_word' id='word_1_234' title='bbox 355 3541 442 3604; x_wconf 88' lang='lat' dir='ltr'>idem</span> <span class='ocrx_word' id='word_1_235' title='bbox 469 3540 628 3624; x_wconf 91' lang='lat' dir='ltr'>Georgius</span> <span class='ocrx_word' id='word_1_236' title='bbox 646 3540 696 3604; x_wconf 87' lang='lat' dir='ltr'>fur</span> <span class='ocrx_word' id='word_1_237' title='bbox 720 3542 884 3603; x_wconf 89' lang='lat' dir='ltr'>intraverit</span> <span class='ocrx_word' id='word_1_238' title='bbox 909 3555 939 3602; x_wconf 91' lang='lat' dir='ltr'>et</span> <span class='ocrx_word' id='word_1_239' title='bbox 957 3541 988 3602; x_wconf 93' lang='lat' dir='ltr'>in</span> <span class='ocrx_word' id='word_1_240' title='bbox 1004 3541 1166 3602; x_wconf 88' lang='lat' dir='ltr'>territorio</span> <span class='ocrx_word' id='word_1_241' title='bbox 1191 3553 1299 3602; x_wconf 91' lang='lat' dir='ltr'>nostro</span> <span class='ocrx_word' id='word_1_242' title='bbox 1324 3560 1379 3602; x_wconf 92' lang='lat' dir='ltr'>seu</span> <span class='ocrx_word' id='word_1_243' title='bbox 1398 3541 1473 3601; x_wconf 89' lang='lat' dir='ltr'>civi·</span> 
     </span>
     <span class='ocr_line' id='line_1_29' title="bbox 212 3645 1473 3731; baseline -0.002 -21"><span class='ocrx_word' id='word_1_244' title='bbox 212 3663 273 3710; x_wconf 90' lang='lat' dir='ltr'>tate</span> <span class='ocrx_word' id='word_1_245' title='bbox 298 3648 441 3731; x_wconf 89' lang='lat' dir='ltr'>predicta</span> <span class='ocrx_word' id='word_1_246' title='bbox 466 3661 632 3731; x_wconf 88' lang='lat' dir='ltr'>reppertus</span> <span class='ocrx_word' id='word_1_247' title='bbox 649 3661 680 3710; x_wconf 92' lang='lat' dir='ltr'>et</span> <span class='ocrx_word' id='word_1_248' title='bbox 705 3649 853 3710; x_wconf 91' lang='lat' dir='ltr'>inventus</span> <span class='ocrx_word' id='word_1_249' title='bbox 870 3647 974 3727; x_wconf 90' lang='lat' dir='ltr'>fuerit,</span> <span class='ocrx_word' id='word_1_250' title='bbox 999 3645 1085 3728; x_wconf 89' lang='lat' dir='ltr'>juxta</span> <span class='ocrx_word' id='word_1_251' title='bbox 1102 3667 1158 3708; x_wconf 89' lang='lat' dir='ltr'>sua</span> <span class='ocrx_word' id='word_1_252' title='bbox 1183 3646 1337 3708; x_wconf 91' lang='lat' dir='ltr'>demerita</span> <span class='ocrx_word' id='word_1_253' title='bbox 1356 3665 1473 3728; x_wconf 91' lang='lat' dir='ltr'>penam</span> 
     </span>
     <span class='ocr_line' id='line_1_30' title="bbox 212 3755 962 3838; baseline 0.004 -23"><span class='ocrx_word' id='word_1_254' title='bbox 212 3755 360 3838; x_wconf 88' lang='lat' dir='ltr'>supplicii</span> <span class='ocrx_word' id='word_1_255' title='bbox 385 3775 483 3838; x_wconf 88' lang='lat' dir='ltr'>quam</span> <span class='ocrx_word' id='word_1_256' title='bbox 509 3755 714 3834; x_wconf 90' lang='lat' dir='ltr'>demeruerit,</span> <span class='ocrx_word' id='word_1_257' title='bbox 739 3769 962 3835; x_wconf 87' lang='lat' dir='ltr'>consequetur.</span> 
     </span>
    </p>

    <p class='ocr_par' dir='ltr' id='par_1_5' title="bbox 210 3859 1476 5114">
     <span class='ocr_line' id='line_1_31' title="bbox 316 3859 1475 3944; baseline -0.003 -21"><span class='ocrx_word' id='word_1_258' title='bbox 316 3862 394 3923; x_wconf 90' lang='lat' dir='ltr'>ltem</span> <span class='ocrx_word' id='word_1_259' title='bbox 420 3863 495 3944; x_wconf 89' lang='lat' dir='ltr'>quia</span> <span class='ocrx_word' id='word_1_260' title='bbox 521 3861 659 3924; x_wconf 90' lang='lat' dir='ltr'>Michael</span> <span class='ocrx_word' id='word_1_261' title='bbox 685 3881 782 3944; x_wconf 90' lang='lat' dir='ltr'>preco</span> <span class='ocrx_word' id='word_1_262' title='bbox 811 3860 1051 3923; x_wconf 87' lang='lat' dir='ltr'>communitatis</span> <span class='ocrx_word' id='word_1_263' title='bbox 1075 3859 1179 3942; x_wconf 91' lang='lat' dir='ltr'>ipsum</span> <span class='ocrx_word' id='word_1_264' title='bbox 1205 3879 1362 3922; x_wconf 84' lang='lat' dir='ltr'>carcerem</span> <span class='ocrx_word' id='word_1_265' title='bbox 1389 3879 1475 3921; x_wconf 90' lang='lat' dir='ltr'>com-</span> 
     </span>
     <span class='ocr_line' id='line_1_32' title="bbox 213 3963 1475 4050; baseline -0.002 -21"><span class='ocrx_word' id='word_1_266' title='bbox 213 3987 343 4030; x_wconf 90' lang='lat' dir='ltr'>munem</span> <span class='ocrx_word' id='word_1_267' title='bbox 369 3981 401 4030; x_wconf 92' lang='lat' dir='ltr'>et</span> <span class='ocrx_word' id='word_1_268' title='bbox 424 3968 602 4050; x_wconf 90' lang='lat' dir='ltr'>predictum</span> <span class='ocrx_word' id='word_1_269' title='bbox 625 3967 802 4049; x_wconf 90' lang='lat' dir='ltr'>Georgium</span> <span class='ocrx_word' id='word_1_270' title='bbox 828 3967 931 4028; x_wconf 90' lang='lat' dir='ltr'>furem</span> <span class='ocrx_word' id='word_1_271' title='bbox 949 3979 979 4027; x_wconf 91' lang='lat' dir='ltr'>et</span> <span class='ocrx_word' id='word_1_272' title='bbox 1003 3963 1243 4028; x_wconf 88' lang='lat' dir='ltr'>malefactorem</span> <span class='ocrx_word' id='word_1_273' title='bbox 1262 3965 1345 4027; x_wconf 90' lang='lat' dir='ltr'>male</span> <span class='ocrx_word' id='word_1_274' title='bbox 1371 3979 1475 4026; x_wconf 89' lang='lat' dir='ltr'>custo·</span> 
     </span>
     <span class='ocr_line' id='line_1_33' title="bbox 213 4073 1474 4156; baseline -0.003 -20"><span class='ocrx_word' id='word_1_275' title='bbox 213 4075 341 4155; x_wconf 88' lang='lat' dir='ltr'>diendo,</span> <span class='ocrx_word' id='word_1_276' title='bbox 367 4093 423 4156; x_wconf 88' lang='lat' dir='ltr'>per</span> <span class='ocrx_word' id='word_1_277' title='bbox 448 4076 552 4156; x_wconf 90' lang='lat' dir='ltr'>ipsum</span> <span class='ocrx_word' id='word_1_278' title='bbox 579 4073 757 4155; x_wconf 89' lang='lat' dir='ltr'>Georgium</span> <span class='ocrx_word' id='word_1_279' title='bbox 782 4074 961 4156; x_wconf 91' lang='lat' dir='ltr'>predictum</span> <span class='ocrx_word' id='word_1_280' title='bbox 986 4092 1143 4134; x_wconf 90' lang='lat' dir='ltr'>carcerem</span> <span class='ocrx_word' id='word_1_281' title='bbox 1169 4091 1375 4134; x_wconf 91' lang='lat' dir='ltr'>communem</span> <span class='ocrx_word' id='word_1_282' title='bbox 1400 4091 1474 4132; x_wconf 91' lang='lat' dir='ltr'>con·</span> 
     </span>
     <span class='ocr_line' id='line_1_34' title="bbox 218 4179 1475 4264; baseline -0.003 -22"><span class='ocrx_word' id='word_1_283' title='bbox 218 4179 362 4264; x_wconf 88' lang='lat' dir='ltr'>frangere</span> <span class='ocrx_word' id='word_1_284' title='bbox 387 4195 418 4242; x_wconf 91' lang='lat' dir='ltr'>et</span> <span class='ocrx_word' id='word_1_285' title='bbox 441 4181 604 4242; x_wconf 88' lang='lat' dir='ltr'>destruere</span> <span class='ocrx_word' id='word_1_286' title='bbox 622 4181 767 4264; x_wconf 90' lang='lat' dir='ltr'>permisit</span> <span class='ocrx_word' id='word_1_287' title='bbox 792 4194 822 4242; x_wconf 92' lang='lat' dir='ltr'>et</span> <span class='ocrx_word' id='word_1_288' title='bbox 847 4199 911 4241; x_wconf 92' lang='lat' dir='ltr'>non</span> <span class='ocrx_word' id='word_1_289' title='bbox 937 4180 1082 4261; x_wconf 84' lang='lat' dir='ltr'>vigilavit</span> <span class='ocrx_word' id='word_1_290' title='bbox 1098 4181 1179 4241; x_wconf 89' lang='lat' dir='ltr'>sicut</span> <span class='ocrx_word' id='word_1_291' title='bbox 1204 4179 1315 4240; x_wconf 92' lang='lat' dir='ltr'>debuit</span> <span class='ocrx_word' id='word_1_292' title='bbox 1339 4197 1396 4239; x_wconf 89' lang='lat' dir='ltr'>nec</span> <span class='ocrx_word' id='word_1_293' title='bbox 1422 4198 1475 4240; x_wconf 93' lang='lat' dir='ltr'>cu·</span> 
     </span>
     <span class='ocr_line' id='line_1_35' title="bbox 214 4284 1473 4370; baseline -0.003 -22"><span class='ocrx_word' id='word_1_294' title='bbox 214 4288 355 4366; x_wconf 88' lang='lat' dir='ltr'>stodivit,</span> <span class='ocrx_word' id='word_1_295' title='bbox 380 4287 488 4369; x_wconf 89' lang='lat' dir='ltr'>sicque</span> <span class='ocrx_word' id='word_1_296' title='bbox 515 4288 618 4370; x_wconf 89' lang='lat' dir='ltr'>ipsum</span> <span class='ocrx_word' id='word_1_297' title='bbox 644 4288 805 4369; x_wconf 90' lang='lat' dir='ltr'>captivum</span> <span class='ocrx_word' id='word_1_298' title='bbox 836 4287 875 4348; x_wconf 93' lang='lat' dir='ltr'>de</span> <span class='ocrx_word' id='word_1_299' title='bbox 908 4287 977 4368; x_wconf 92' lang='lat' dir='ltr'>ipso</span> <span class='ocrx_word' id='word_1_300' title='bbox 1002 4306 1126 4347; x_wconf 87' lang='lat' dir='ltr'>carcerc</span> <span class='ocrx_word' id='word_1_301' title='bbox 1160 4285 1294 4346; x_wconf 87' lang='lat' dir='ltr'>evadere</span> <span class='ocrx_word' id='word_1_302' title='bbox 1320 4297 1350 4346; x_wconf 90' lang='lat' dir='ltr'>et</span> <span class='ocrx_word' id='word_1_303' title='bbox 1374 4284 1473 4344; x_wconf 85' lang='lat' dir='ltr'>auffu-</span> 
     </span>
     <span class='ocr_line' id='line_1_36' title="bbox 211 4391 1475 4478; baseline -0.003 -22"><span class='ocrx_word' id='word_1_304' title='bbox 211 4414 285 4474; x_wconf 86' lang='lat' dir='ltr'>gerc</span> <span class='ocrx_word' id='word_1_305' title='bbox 310 4394 473 4478; x_wconf 88' lang='lat' dir='ltr'>permisit;</span> <span class='ocrx_word' id='word_1_306' title='bbox 492 4394 644 4474; x_wconf 90' lang='lat' dir='ltr'>idemque</span> <span class='ocrx_word' id='word_1_307' title='bbox 663 4393 800 4455; x_wconf 87' lang='lat' dir='ltr'>Michael</span> <span class='ocrx_word' id='word_1_308' title='bbox 818 4413 914 4476; x_wconf 91' lang='lat' dir='ltr'>preco</span> <span class='ocrx_word' id='word_1_309' title='bbox 931 4393 1005 4455; x_wconf 91' lang='lat' dir='ltr'>licet</span> <span class='ocrx_word' id='word_1_310' title='bbox 1023 4413 1080 4475; x_wconf 90' lang='lat' dir='ltr'>pro</span> <span class='ocrx_word' id='word_1_311' title='bbox 1099 4392 1282 4453; x_wconf 87' lang='lat' dir='ltr'>huiusmodi</span> <span class='ocrx_word' id='word_1_312' title='bbox 1308 4411 1364 4453; x_wconf 91' lang='lat' dir='ltr'>sua</span> <span class='ocrx_word' id='word_1_313' title='bbox 1381 4391 1475 4473; x_wconf 91' lang='lat' dir='ltr'>culpa</span> 
     </span>
     <span class='ocr_line' id='line_1_37' title="bbox 212 4497 1473 4581; baseline -0.003 -19"><span class='ocrx_word' id='word_1_314' title='bbox 212 4515 243 4562; x_wconf 92' lang='lat' dir='ltr'>et</span> <span class='ocrx_word' id='word_1_315' title='bbox 256 4499 486 4563; x_wconf 88' lang='lat' dir='ltr'>malefaccione</span> <span class='ocrx_word' id='word_1_316' title='bbox 505 4501 710 4562; x_wconf 90' lang='lat' dir='ltr'>dimembrari</span> <span class='ocrx_word' id='word_1_317' title='bbox 726 4499 889 4562; x_wconf 90' lang='lat' dir='ltr'>debuisset</span> <span class='ocrx_word' id='word_1_318' title='bbox 902 4513 1055 4581; x_wconf 90' lang='lat' dir='ltr'>tanquam</span> <span class='ocrx_word' id='word_1_319' title='bbox 1074 4519 1184 4560; x_wconf 88' lang='lat' dir='ltr'>servus</span> <span class='ocrx_word' id='word_1_320' title='bbox 1201 4497 1350 4576; x_wconf 85' lang='lat' dir='ltr'>infidelis,</span> <span class='ocrx_word' id='word_1_321' title='bbox 1367 4511 1473 4560; x_wconf 89' lang='lat' dir='ltr'>tamen</span> 
     </span>
     <span class='ocr_line' id='line_1_38' title="bbox 211 4603 1476 4690; baseline -0.004 -22"><span class='ocrx_word' id='word_1_322' title='bbox 211 4607 285 4688; x_wconf 88' lang='lat' dir='ltr'>quia</span> <span class='ocrx_word' id='word_1_323' title='bbox 309 4627 366 4690; x_wconf 89' lang='lat' dir='ltr'>per</span> <span class='ocrx_word' id='word_1_324' title='bbox 390 4606 560 4688; x_wconf 91' lang='lat' dir='ltr'>religiosos</span> <span class='ocrx_word' id='word_1_325' title='bbox 584 4621 615 4668; x_wconf 91' lang='lat' dir='ltr'>et</span> <span class='ocrx_word' id='word_1_326' title='bbox 639 4607 793 4668; x_wconf 89' lang='lat' dir='ltr'>discretos</span> <span class='ocrx_word' id='word_1_327' title='bbox 817 4607 902 4668; x_wconf 90' lang='lat' dir='ltr'>viros</span> <span class='ocrx_word' id='word_1_328' title='bbox 927 4606 1084 4688; x_wconf 90' lang='lat' dir='ltr'>plurimos</span> <span class='ocrx_word' id='word_1_329' title='bbox 1108 4606 1201 4666; x_wconf 91' lang='lat' dir='ltr'>nobis</span> <span class='ocrx_word' id='word_1_330' title='bbox 1225 4623 1283 4686; x_wconf 90' lang='lat' dir='ltr'>pro</span> <span class='ocrx_word' id='word_1_331' title='bbox 1308 4624 1346 4666; x_wconf 92' lang='lat' dir='ltr'>eo</span> <span class='ocrx_word' id='word_1_332' title='bbox 1372 4603 1476 4664; x_wconf 88' lang='lat' dir='ltr'>taliter</span> 
     </span>
     <span class='ocr_line' id='line_1_39' title="bbox 210 4709 1474 4795; baseline -0.002 -23"><span class='ocrx_word' id='word_1_333' title='bbox 210 4713 425 4795; x_wconf 89' lang='lat' dir='ltr'>supplicatum</span> <span class='ocrx_word' id='word_1_334' title='bbox 459 4726 516 4790; x_wconf 93' lang='lat' dir='ltr'>est,</span> <span class='ocrx_word' id='word_1_335' title='bbox 549 4727 583 4776; x_wconf 90' lang='lat' dir='ltr'>ut</span> <span class='ocrx_word' id='word_1_336' title='bbox 607 4713 667 4775; x_wconf 94' lang='lat' dir='ltr'>sibi</span> <span class='ocrx_word' id='word_1_337' title='bbox 699 4714 839 4794; x_wconf 86' lang='lat' dir='ltr'>graciam</span> <span class='ocrx_word' id='word_1_338' title='bbox 869 4727 900 4773; x_wconf 91' lang='lat' dir='ltr'>et</span> <span class='ocrx_word' id='word_1_339' title='bbox 931 4712 1185 4774; x_wconf 90' lang='lat' dir='ltr'>misericordiam</span> <span class='ocrx_word' id='word_1_340' title='bbox 1218 4709 1319 4772; x_wconf 88' lang='lat' dir='ltr'>facere</span> <span class='ocrx_word' id='word_1_341' title='bbox 1353 4709 1474 4791; x_wconf 88' lang='lat' dir='ltr'>dignati</span> 
     </span>
     <span class='ocr_line' id='line_1_40' title="bbox 210 4815 1473 4901; baseline -0.003 -22"><span class='ocrx_word' id='word_1_342' title='bbox 210 4817 391 4898; x_wconf 90' lang='lat' dir='ltr'>fuissemus,</span> <span class='ocrx_word' id='word_1_343' title='bbox 417 4820 558 4901; x_wconf 91' lang='lat' dir='ltr'>ideoque</span> <span class='ocrx_word' id='word_1_344' title='bbox 591 4839 649 4880; x_wconf 90' lang='lat' dir='ltr'>nos</span> <span class='ocrx_word' id='word_1_345' title='bbox 681 4818 786 4881; x_wconf 90' lang='lat' dir='ltr'>eidem</span> <span class='ocrx_word' id='word_1_346' title='bbox 813 4818 962 4879; x_wconf 87' lang='lat' dir='ltr'>Michaeli</span> <span class='ocrx_word' id='word_1_347' title='bbox 995 4819 1125 4900; x_wconf 87' lang='lat' dir='ltr'>preconi</span> <span class='ocrx_word' id='word_1_348' title='bbox 1158 4831 1314 4899; x_wconf 90' lang='lat' dir='ltr'>quantum</span> <span class='ocrx_word' id='word_1_349' title='bbox 1340 4815 1379 4876; x_wconf 92' lang='lat' dir='ltr'>ad</span> <span class='ocrx_word' id='word_1_350' title='bbox 1404 4834 1473 4897; x_wconf 91' lang='lat' dir='ltr'>per-</span> 
     </span>
     <span class='ocr_line' id='line_1_41' title="bbox 210 4921 1475 5007; baseline -0.006 -19"><span class='ocrx_word' id='word_1_351' title='bbox 210 4945 322 4988; x_wconf 90' lang='lat' dir='ltr'>sonam</span> <span class='ocrx_word' id='word_1_352' title='bbox 348 4941 378 4988; x_wconf 90' lang='lat' dir='ltr'>et</span> <span class='ocrx_word' id='word_1_353' title='bbox 403 4941 498 5007; x_wconf 88' lang='lat' dir='ltr'>caput</span> <span class='ocrx_word' id='word_1_354' title='bbox 522 4946 616 4988; x_wconf 90' lang='lat' dir='ltr'>suurn</span> <span class='ocrx_word' id='word_1_355' title='bbox 639 4926 735 4987; x_wconf 89' lang='lat' dir='ltr'>talem</span> <span class='ocrx_word' id='word_1_356' title='bbox 761 4925 900 5006; x_wconf 89' lang='lat' dir='ltr'>graciam</span> <span class='ocrx_word' id='word_1_357' title='bbox 926 4939 956 4986; x_wconf 91' lang='lat' dir='ltr'>et</span> <span class='ocrx_word' id='word_1_358' title='bbox 988 4925 1242 4986; x_wconf 89' lang='lat' dir='ltr'>misericordiam</span> <span class='ocrx_word' id='word_1_359' title='bbox 1272 4921 1415 4996; x_wconf 88' lang='lat' dir='ltr'>fecimus,</span> <span class='ocrx_word' id='word_1_360' title='bbox 1441 4936 1475 4982; x_wconf 91' lang='lat' dir='ltr'>ut</span> 
     </span>
     <span class='ocr_line' id='line_1_42' title="bbox 211 5031 1473 5114; baseline -0.004 -21"><span class='ocrx_word' id='word_1_361' title='bbox 211 5033 279 5114; x_wconf 92' lang='lat' dir='ltr'>ipse</span> <span class='ocrx_word' id='word_1_362' title='bbox 303 5032 528 5094; x_wconf 87' lang='lat' dir='ltr'>Michaeluna</span> <span class='ocrx_word' id='word_1_363' title='bbox 554 5052 626 5093; x_wconf 91' lang='lat' dir='ltr'>cum</span> <span class='ocrx_word' id='word_1_364' title='bbox 652 5049 750 5092; x_wconf 85' lang='lat' dir='ltr'>uxore</span> <span class='ocrx_word' id='word_1_365' title='bbox 775 5050 829 5092; x_wconf 90' lang='lat' dir='ltr'>sua</span> <span class='ocrx_word' id='word_1_366' title='bbox 864 5031 1019 5111; x_wconf 90' lang='lat' dir='ltr'>legittima</span> <span class='ocrx_word' id='word_1_367' title='bbox 1051 5031 1183 5091; x_wconf 90' lang='lat' dir='ltr'>nomine</span> <span class='ocrx_word' id='word_1_368' title='bbox 1210 5031 1321 5107; x_wconf 91' lang='lat' dir='ltr'>Elena,</span> <span class='ocrx_word' id='word_1_369' title='bbox 1346 5049 1409 5110; x_wconf 91' lang='lat' dir='ltr'>que</span> <span class='ocrx_word' id='word_1_370' title='bbox 1434 5031 1473 5088; x_wconf 92' lang='lat' dir='ltr'>ab</span> 
     </span>
    </p>
   </div>
   <div class='ocr_carea' id='block_1_3' title="bbox 0 0 1874 5786">
    <p class='ocr_par' dir='ltr' id='par_1_6' title="bbox 0 0 1874 5786">
     <span class='ocr_line' id='line_1_43' title="bbox 0 0 1874 5786; baseline 0 0"><span class='ocrx_word' id='word_1_371' title='bbox 0 0 1874 5786; x_wconf 95' lang='lat' dir='ltr'> </span> 
     </span>
    </p>
   </div>
  </div>
 </body>
</html>
