3838 5786
646 557 732 613 Anao
755 568 844 632 1472.
870 589 910 597 —
935 553 965 616 ό.
987 557 1155 615 novembris.
1471 576 1534 634 413

372 767 449 827 ltem
475 765 569 847 jurati
597 765 788 828 invenerunt
811 785 869 847 pro
895 765 951 826 illo
977 785 1061 846 equo
1087 765 1242 826 iohannis
1268 766 1384 828 Bolsak
1410 766 1534 846 judicis,

269 893 364 954 quem
389 872 501 934 debuit
526 872 667 954 recipcre
693 873 817 934 Bencze
842 871 936 953 judex
966 887 996 934 et
1021 871 1131 932 debuit
1168 873 1242 932 dare
1268 871 1454 934 hominibus
1478 874 1534 935 do·

269 979 345 1040 mini
371 979 469 1040 Blasii
488 979 632 1061 Magyar,
657 979 731 1059 quia
756 997 821 1039 non
839 977 942 1039 voluit
964 976 1079 1038 habere
1097 977 1196 1038 alium
1215 997 1334 1060 equum
1360 979 1414 1040 sed
1434 979 1535 1061 ipsius

267 1085 397 1164 Bolsalr,
428 1085 568 1147 eundem
601 1103 722 1166 equum
755 1084 969 1146 communitas
1000 1097 1067 1145 tota
1098 1085 1241 1147 eiusdem
1274 1086 1411 1148 civitatis
1439 1086 1535 1148 debet

266 1191 392 1253 solvere
417 1191 476 1274 ipsi
502 1189 640 1252 lohanni
666 1189 791 1254 Bolsak.

373 1315 449 1377 ltem
477 1334 604 1377 causam
631 1315 712 1378 inter
736 1315 936 1376 Anthonium
963 1329 993 1376 et
1016 1315 1155 1376 Blasium
1181 1314 1367 1399 Ztenychlty
1391 1329 1422 1378 et
1447 1315 1531 1376 Lau·

267 1422 411 1484 rencium
438 1422 556 1504 Sporar
573 1422 702 1484 racione
727 1422 825 1483 debiti
851 1441 917 1503 quo
939 1421 998 1504 ipsi
1017 1421 1201 1484 Anthonius
1225 1434 1255 1483 et
1274 1421 1397 1482 Blasius
1414 1421 1535 1502 judices

266 1529 396 1590 racione
419 1528 665 1610 quatuordecim
683 1528 751 1590 llor.
777 1529 857 1608 auri,
882 1549 964 1610 quos
982 1529 1041 1610 ipsi
1060 1543 1173 1590 mutuo
1190 1542 1379 1610 receperunt
1399 1529 1429 1590 in
1447 1530 1533 1590 curia

267 1634 415 1696 Romana
439 1635 618 1697 abeodem
644 1635 824 1697 Laurencio
849 1649 879 1696 et
900 1635 1059 1696 dederunt
1086 1635 1164 1718 Elye
1189 1636 1341 1718 plebano,
1366 1637 1462 1696 ambo
1480 1635 1533 1695 de·

267 1742 342 1802 bent
366 1741 491 1804 solvere
516 1755 547 1804 et
571 1755 758 1804 contentum
783 1741 916 1804 reddere
951 1742 1055 1824 ipsum
1083 1742 1296 1804 Laurencium
1322 1761 1423 1823 usque
1448 1755 1533 1803 octa-

267 1867 342 1908 vum
367 1847 473 1924 diem;
498 1861 529 1909 et
552 1848 682 1910 tandem
707 1862 781 1931 post
812 1848 937 1931 lapsum
965 1848 1065 1930 ipsius
1097 1849 1201 1910 octavi
1227 1848 1290 1910 diei
1315 1868 1416 1930 usque
1441 1848 1533 1929 quin·

268 1952 431 2016 decimum
456 1954 541 2016 diem
575 1955 640 2037 ipse
668 1955 791 2016 Blasius
815 1953 1002 2038 Ztenychlry
1035 1955 1138 2037 ipsum
1169 1955 1369 2016 Anthonium
1395 1954 1533 2035 judicem

267 2073 453 2122 contentum
487 2060 619 2122 reddere
661 2059 700 2121 de
732 2075 854 2143 septem
891 2059 960 2123 flor.
997 2061 1203 2142 porcionem;
1240 2061 1279 2122 de
1312 2080 1377 2142 quo
1411 2061 1532 2141 judicio

265 2165 441 2246 juratorum
466 2167 534 2250 ipse
558 2167 684 2228 Blasius
701 2187 765 2229 non
791 2180 971 2247 contentus,
989 2167 1125 2228 eandem
1154 2186 1282 2230 causam
1307 2167 1481 2250 appellavit
1499 2167 1530 2228 in

265 2272 463 2354 presenciam
489 2273 653 2335 seniorum
679 2273 833 2352 judicum.

371 2397 450 2459 Item
474 2417 603 2460 causam
629 2398 711 2460 inter
735 2398 850 2481 Elyam
876 2397 1016 2460 fusorem
1043 2415 1270 2480 campanarum
1296 2411 1326 2458 et
1350 2398 1431 2459 inter
1457 2397 1527 2458 Bla-

264 2504 346 2564 sium
379 2503 519 2584 judicem
551 2505 763 2589 Ztoymylych
795 2506 923 2567 racione
956 2505 1162 2568 arestacionis
1193 2524 1300 2566 rerum
1333 2523 1463 2566 suarum
1499 2505 1530 2564 in

265 2611 466 2690 possessione
491 2610 735 2693 Kalmanchehy
765 2611 893 2674 racione
927 2611 1002 2672 certi
1028 2611 1127 2674 debiti
1160 2611 1260 2693 ipsius
1285 2611 1381 2671 Blasii
1407 2609 1531 2691 judicis,

265 2716 321 2796 qui
346 2717 439 2778 aliter
462 2717 522 2778 nisi
547 2717 587 2778 ad
620 2716 852 2779 fideiussoriam
887 2719 1074 2780 caucionem
1107 2717 1225 2779 abinde
1250 2717 1384 2778 emissus
1407 2714 1477 2794 luit,
1502 2729 1533 2778 ct

265 2821 340 2902 quia
365 2822 431 2905 ipse
458 2823 556 2906 Elyas
580 2822 706 2884 nullum
733 2823 864 2884 evidens
887 2823 1107 2885 testimonium
1133 2843 1189 2884 seu
1213 2823 1322 2884 literas
1346 2824 1385 2883 ab
1411 2821 1467 2883 illo
1485 2820 1531 2902 ju-

265 2927 334 2989 dice
359 2928 447 2990 illius
470 2929 532 2990 loci
558 2929 589 2990 in
615 2949 680 3010 quo
705 2943 752 2991 est
776 2945 930 2992 arestatns
960 2931 1053 2992 nobis
1086 2949 1149 2991 non
1175 2929 1336 3012 produxit,
1362 2949 1438 3010 ergo
1464 2929 1531 3011 ipse

267 3033 363 3115 Elyas
386 3034 491 3096 adhuc
509 3036 644 3117 receptis
661 3036 760 3096 literis
783 3037 897 3118 judicis
911 3051 1017 3098 nostre
1036 3036 1277 3098 communitatis
1294 3035 1390 3096 debet
1414 3055 1529 3117 appor-

264 3154 329 3202 tare
355 3141 462 3202 literas
487 3144 526 3203 ab
560 3142 616 3204 illo
649 3142 754 3222 judice
787 3144 953 3224 quomodo
986 3157 1018 3205 ct
1049 3143 1186 3224 qualiter
1218 3157 1248 3204 et
1273 3161 1330 3224 pro
1355 3161 1421 3223 quo
1447 3140 1529 3203 lacto

265 3248 330 3330 ipse
357 3249 453 3332 Elyas
486 3247 545 3311 luit
576 3263 730 3312 arestatus
762 3270 819 3330 pro
853 3249 936 3312 lacto
970 3251 1069 3332 ipsius
1104 3249 1198 3311 Blasii
1232 3248 1357 3329 judicis,
1391 3263 1421 3309 et
1453 3249 1529 3310 dum

264 3356 445 3437 apportabit
469 3356 576 3418 literas
601 3369 632 3418 et
655 3357 804 3438 quitquid
830 3357 880 3418 vel
905 3371 1061 3438 quantum
1091 3357 1267 3438 dampnum
1293 3355 1435 3438 pacietur
1460 3355 1529 3436 ipse

266 3461 372 3546 Elyas‚
397 3463 463 3544 ipse
488 3463 613 3525 Blasius
637 3463 742 3525 eidem
769 3463 849 3546 Elye
874 3463 999 3525 solvere
1023 3463 1195 3525 tenebitur.

371 3585 448 3648 ltcm
473 3607 602 3649 causam
628 3587 709 3649 inter
727 3585 854 3650 fratrem
874 3588 1047 3648 Matrinum
1066 3587 1231 3648 custodem
1258 3585 1411 3668 (claustri)
1429 3586 1528 3647 sancti

267 3690 426 3754 Francisci
460 3707 490 3756 et
523 3695 604 3756 inter
635 3695 836 3756 Anthonium
871 3693 1076 3775 jobagionem
1111 3693 1200 3754 Pauli
1229 3691 1380 3754 aurifabri
1406 3691 1445 3753 de
1471 3693 1529 3752 Ρο-

265 3799 375 3882 bresya
401 3800 528 3861 racione
561 3801 739 3882 empcionis
771 3800 936 3861 cuiusdam
970 3819 1064 3862 vacce
1096 3798 1261 3881 deperdite
1286 3812 1317 3859 et
1341 3818 1397 3880 per
1423 3799 1528 3880 ipsum

265 3903 466 3966 Anthonium
492 3926 550 3988 pro
577 3906 710 3968 dimidia
737 3907 871 3988 septima
891 3907 996 3988 pensis
1020 3921 1136 3988 empse,
1156 3925 1252 3986 quam
1272 3905 1405 3984 Egidius
1430 3905 1529 3965 carni-

264 4009 314 4072 fex
338 4032 428 4073 suam
455 4033 522 4076 esse
547 4013 684 4092 dicebat,
718 4034 775 4096 pro
800 4033 863 4095 qua
897 4034 992 4075 vacca
1017 4014 1083 4094 ipse
1117 4011 1300 4074 Anthonius
1333 4012 1529 4093 proclamare

264 4137 328 4180 non
355 4118 429 4180 fecit
454 4119 485 4180 in
511 4120 576 4202 ipsa
612 4121 738 4182 civitate
771 4139 828 4182 nec
862 4120 963 4202 ipsam
996 4119 1135 4180 enodare
1168 4119 1258 4179 cuius
1284 4117 1403 4196 luisset,
1429 4118 1528 4199 ipsam

264 4246 392 4288 vaccam
418 4227 513 4288 debet
538 4227 654 4290 habere
679 4227 831 4288 dominus
856 4227 1012 4288 Martinus
1036 4239 1142 4287 custos
1166 4245 1224 4308 pro
1260 4245 1323 4306 qua
1348 4224 1473 4304 juravit,
1499 4241 1529 4285 et

264 4333 417 4414 pecunias
440 4353 499 4417 pro
524 4354 584 4416 qua
611 4355 667 4417 per
692 4335 796 4417 ipsum
822 4347 928 4416 empta
957 4332 1017 4394 fuit
1042 4332 1139 4410 judici
1172 4351 1244 4392 cum
1270 4331 1380 4414 juratis
1404 4332 1529 4392 solvere

264 4452 294 4500 et
318 4459 376 4521 pro
401 4439 520 4502 delicto
545 4441 576 4501 in
602 4461 726 4502 carcerc
750 4439 867 4522 puniri.

370 4563 447 4626 ltem
470 4565 608 4626 Barbara
641 4564 757 4626 ancilla
781 4585 837 4626 seu
862 4584 938 4626 coca
965 4565 1049 4625 Luce
1076 4562 1236 4646 Ribarych
1262 4583 1319 4645 pro
1344 4563 1528 4644 suspicione

263 4670 428 4732 cuiusdam
453 4673 560 4734 tunice
578 4684 608 4732 et
625 4671 695 4732 aliis
712 4672 806 4732 rebus
831 4669 931 4732 furate
961 4671 1068 4732 uxoris
1087 4669 1172 4732 Galli
1192 4669 1359 4752 Kodelych
1378 4670 1408 4730 in
1427 4668 1527 4730 domo

263 4776 420 4854 eiusdem,
443 4777 537 4860 jurati
561 4778 666 4840 taliter
698 4778 900 4856 invenerunt,
933 4777 1021 4858 quod
1054 4777 1121 4859 ipsa
1147 4777 1286 4838 Barbara
1311 4777 1413 4858 jurare
1438 4789 1527 4837 tene·

264 4884 350 4946 bitur
374 4885 538 4946 terciamet
564 4883 708 4966 personis
732 4885 792 4945 sibi
817 4884 976 4946 similibus
1002 4882 1078 4944 leria
1104 4896 1189 4945 sexta
1215 4883 1360 4964 proxime
1384 4896 1528 4960 ventura,

264 4991 294 5052 in
321 5011 374 5052 ara
398 5006 505 5053 sancte
530 4991 654 5070 Crucis,
679 4991 766 5072 quod
793 4991 859 5073 ipsa
885 4991 1020 5052 eandem
1050 4989 1192 5051 tunicam
1219 5009 1283 5051 non
1309 4989 1473 5068 subtraxit,
1498 5003 1528 5050 et
