3644 5788
426 513 483 576 172
810 498 1011 574 Ann01459.
1036 531 1076 544 -
1100 511 1151 560 20.
1175 499 1289 572 aprilis.

521 707 598 768 Item
624 707 776 769 dominus
800 707 939 768 Michael
956 707 1100 768 Zernche
1125 724 1156 770 et
1180 709 1312 777 domina
1331 709 1531 790 Margaretha
1548 711 1678 772 racione

414 812 582 874 cuiusdam
608 813 788 874 testamenti
813 813 952 875 verbalis
976 813 1114 875 condam
1140 815 1235 876 Kwse
1259 815 1370 878 relicte
1394 816 1531 878 condam
1557 817 1678 878 Mathis

414 919 569 999 Gwdocz,
593 920 656 982 tale
679 920 902 982 testimonium
934 920 1178 1002 perhibuerunt,
1210 935 1244 983 ut
1276 921 1354 983 dum
1379 921 1500 1004 prelata
1525 923 1622 986 Kwsa
1647 925 1677 985 in

413 1025 562 1088 extremis
586 1026 650 1088 vite
674 1045 730 1087 sue
747 1026 935 1108 temporalis
958 1026 1146 1106 laborasset,
1169 1040 1246 1092 tuuc
1265 1028 1331 1110 ipsa
1349 1029 1556 1092 medietatem
1574 1030 1679 1091 cuius·

413 1133 487 1195 dam
511 1134 603 1194 vinee
629 1153 684 1195 sue
709 1133 829 1215 legavit
853 1133 916 1196 filie
933 1154 988 1195 sue
1012 1148 1084 1216 post
1109 1155 1180 1197 eam
1205 1137 1277 1198 vive
1300 1137 1490 1216 remanenti,
1517 1138 1677 1219 reliquam

411 1261 487 1302 vero
501 1240 707 1302 medietatem
721 1261 779 1323 pro
797 1241 985 1302 animatam
1003 1241 1104 1324 ipsius
1122 1243 1241 1304 Mathis
1259 1263 1357 1325 quam
1373 1264 1430 1306 sua
1447 1245 1526 1324 dari,
1541 1245 1675 1306 domum

412 1361 518 1409 autem
542 1367 634 1409 suam
658 1347 776 1432 legavit
799 1347 897 1409 vendi
922 1362 953 1410 et
977 1349 1092 1412 exinde
1117 1350 1225 1412 debita
1254 1351 1397 1428 exsolvi3
1421 1352 1511 1433 quod
1533 1353 1677 1414 testimo-

411 1454 501 1515 nium
526 1468 573 1515 est
597 1467 806 1536 acceptatum.

518 1559 595 1621 Item
620 1560 783 1622 lohannes
800 1560 966 1642 Banychin
984 1561 1112 1623 racione
1131 1561 1300 1624 cuiusdam
1322 1562 1492 1645 juramenti
1517 1585 1574 1647 per
1590 1585 1677 1627 com·

411 1666 612 1748 posicionem
631 1665 714 1728 inter
730 1666 835 1748 ipsum
853 1687 890 1728 ac
907 1668 1027 1728 Lucam
1048 1681 1190 1729 sutorem
1208 1667 1335 1747 factam,
1353 1669 1442 1751 quod
1460 1669 1676 1752 juramentum

411 1772 479 1854 ipse
504 1772 667 1854 deponere
691 1773 839 1850 debebat,
874 1773 934 1855 ipsi
967 1773 1025 1835 rite
1057 1773 1220 1853 relaxavit,
1245 1776 1295 1836 cui
1320 1789 1352 1836 et
1382 1795 1442 1838 nos
1466 1777 1571 1859 ipsum
1597 1779 1676 1839 rela-

412 1880 567 1942 ravimus.

515 1986 593 2048 Item
618 1986 710 2068 jurati
736 1985 1002 2066 adjudicaverunt
1033 2007 1161 2049 causam
1187 1988 1269 2050 inter
1288 1987 1469 2049 'dominum
1495 1988 1676 2050 Barnabam

411 2104 442 2153 et
467 2091 556 2153 Hans
581 2091 675 2174 Cynk
699 2093 828 2154 racione
853 2092 982 2154 cuidam
1006 2092 1123 2154 domus
1147 2113 1203 2174 per
1231 2094 1337 2175 ipsum
1363 2092 1453 2154 Hans
1477 2092 1572 2176 Cynk
1598 2095 1676 2156 alias

411 2201 450 2258 ab
475 2199 544 2280 ipso
569 2198 703 2261 domino
729 2199 876 2261 Barnaba
898 2199 1067 2281 apreciate,
1092 2220 1129 2261 ex
1154 2219 1219 2281 quo
1244 2202 1311 2282 ipse
1336 2200 1488 2261 dominus
1512 2202 1675 2263 Barnabas

408 2307 513 2387 ipsum
539 2307 628 2368 Hans
653 2307 747 2390 Cynk
771 2321 866 2390 prout
890 2307 950 2368 sibi
975 2307 1165 2389 promiserat
1189 2327 1252 2368 non
1278 2307 1391 2387 tenuit,
1416 2307 1489 2370 ideo
1514 2308 1581 2391 ipse
1607 2329 1672 2371 non

409 2425 536 2474 tenetur
559 2413 619 2474 sibi
643 2414 827 2496 persolvere
851 2414 994 2495 precium
1019 2413 1119 2495 ipsius
1144 2414 1269 2476 domus.

514 2518 594 2580 Item
628 2517 721 2599 jurati
753 2518 1018 2598 adjudicaverunt
1058 2539 1186 2581 causam
1219 2521 1301 2582 inter
1333 2519 1472 2602 prefatos
1504 2521 1674 2583 dominum

409 2627 588 2688 Barnabam
614 2645 649 2687 ac
674 2626 778 2708 ipsum
805 2627 894 2687 Hans
920 2626 1014 2709 Cynk
1033 2627 1161 2688 racione
1186 2629 1401 2708 quarumdam
1428 2629 1594 2690 literarum
1619 2649 1675 2711 per

408 2734 513 2814 ipsum
539 2734 571 2794 in
597 2733 665 2815 ipsa
697 2732 796 2795 domo
828 2733 1052 2816 repositarum,
1085 2753 1148 2814 que
1180 2735 1213 2794 in
1238 2734 1352 2796 eadem
1383 2747 1457 2796 sunt
1480 2735 1614 2816 perdite,
1640 2749 1674 2797 ut

408 2839 475 2920 ipse
501 2839 591 2900 Hans
615 2838 709 2922 Cynk
734 2853 847 2900 octavo
873 2838 924 2899 die
949 2839 1079 2921 propria
1103 2840 1135 2900 in
1167 2859 1305 2922 persona
1329 2839 1546 2922 juramentum
1573 2839 1672 2923 depo·

408 2963 484 3006 nere
509 2943 639 3006 debebit
670 2945 726 3006 tali
750 2943 861 3024 modo,
893 2945 982 3026 quod
1014 2945 1081 3026 ipse
1114 2944 1251 3028 prelatas
1282 2947 1390 3008 literas
1413 2946 1473 3008 sibi
1497 2966 1557 3008 nec
1583 2947 1672 3008 dedit

408 3050 448 3111 ad
473 3051 740 3130 conservandum,
764 3071 827 3112 nec·
847 3052 914 3134 ipse
938 3071 991 3113 eas
1014 3070 1080 3134 quo
1105 3051 1303 3114 devenerunt
1326 3053 1407 3115 scire
1431 3065 1545 3134 potest.

512 3157 590 3218 Item
616 3157 767 3219 dominus
791 3159 900 3220 Abbas
924 3171 1034 3220 contra
1051 3158 1195 3220 relictam
1221 3159 1357 3242 Stefflyn
1375 3159 1592 3241 jurameutum
1617 3159 1672 3220 de·

407 3262 516 3342 posuit
539 3263 570 3323 in
596 3282 646 3341 e0,
672 3264 759 3344 quod
792 3262 933 3346 prefatus
962 3263 1098 3347 Stefflyn
1123 3265 1183 3347 ipsi
1209 3265 1344 3326 domino
1376 3266 1483 3327 abbati
1508 3285 1575 3326 non
1600 3265 1672 3348 plus

408 3387 504 3448 quam
530 3369 703 3430 duodecim
727 3371 835 3452 pensis
866 3371 1074 3432 denariorum
1098 3385 1128 3432 et
1152 3371 1269 3433 XXIIII
1304 3371 1443 3433 denariis
1466 3371 1506 3432 ad
1532 3385 1672 3453 quatuor

407 3472 558 3554 florenos,
582 3494 664 3556 quos
689 3477 755 3557 ipse
780 3476 840 3537 sibi
865 3477 1079 3558 obligabatur,
1105 3477 1254 3540 dedisset.

512 3580 589 3642 Item
623 3582 823 3663 Margaretha
855 3583 972 3657 mulier
1009 3582 1225 3664 juramentum
1258 3583 1346 3665 quod
1379 3583 1496 3646 habere
1529 3585 1668 3647 debebat

407 3700 516 3748 contra
539 3707 673 3768 pugnas,
698 3701 793 3769 prout
816 3688 929 3750 debuit
945 3689 1116 3770 deposuit,
1145 3709 1241 3771 quam
1277 3710 1335 3751 nos
1359 3691 1515 3752 mittimus
1533 3692 1667 3772 quitam.

512 3793 589 3854 Item
604 3795 729 3855 Marcus
742 3814 798 3876 per
812 3793 977 3856 Grandam
995 3809 1041 3857 est
1054 3796 1203 3857 dimissus
1220 3817 1278 3877 pro
1291 3797 1483 3878 juramento,
1496 3798 1586 3878 quod
1601 3799 1667 3880 ipse

406 3897 566 3979 deponere
592 3900 729 3962 debebat
752 3901 880 3962 racione
910 3901 1076 3963 cuiusdam
1101 3904 1235 3984 argenti,
1267 3904 1323 3964 tali
1348 3905 1458 3982 modu,
1482 3917 1516 3965 ut
1541 3905 1609 3986 ipsa
1636 3906 1667 3965 in

405 4001 485 4065 festo
511 4006 596 4066 beati
622 4004 754 4087 Georgii
788 4008 924 4068 martiris
956 4028 1040 4069 nunc
1072 4009 1217 4090 proxIme
1254 4009 1392 4072 affuturo
1417 4010 1523 4071 eidem
1557 4012 1667 4072 Marco

404 4110 515 4172 decem
540 4131 654 4192 pensas
678 4113 883 4174 denariorum
913 4114 988 4175 dare
1013 4115 1153 4178 debebit.

350 4203 352 4208 ’
510 4219 588 4280 Item
614 4220 701 4281 Elias
718 4235 923 4302 campanator
941 4234 1051 4283 contra
1073 4221 1250 4304 Georgium
1268 4236 1424 4286 rectorem
1449 4225 1535 4286 scole
1561 4227 1666 4308 prImo

404 4325 516 4386 citatus
540 4346 606 4387 non
632 4327 821 4408 comparuit.

466 4559 563 4634 Festa
592 4571 689 4634 sexta
717 4567 871 4652 proxima
900 4575 978 4637 ante
1005 4567 1126 4638 Iestnm
1154 4568 1245 4638 beati
1275 4567 1406 4656 Georgii
1437 4572 1603 4641 martina.

924 4721 989 4794 (20.
1013 4722 1140 4794 aprilis).

404 4885 425 4917 a
511 4859 586 4918 Item
613 4859 700 4918 Elias
724 4875 930 4940 campanator
963 4875 1072 4922 contra
1106 4862 1282 4944 Georgium
1309 4877 1463 4925 rectorem
1496 4865 1584 4927 scole
1615 4887 1664 4927 se-

403 4964 510 5026 cundo
535 4965 648 5028 citatus
672 4985 736 5028 non
762 4967 950 5050 comparuit.
