3644 5788
806 573 893 629 Anno
918 568 1012 649 1458.
1035 605 1079 615 —
1101 568 1154 632 28.
1171 573 1254 647 julii.

397 799 436 840 eo
461 781 568 841 literas
592 801 664 842 suas
689 783 787 858 dedit,
812 783 900 862 qnod
926 783 1033 844 omnia
1060 783 1209 864 dampna,
1235 799 1440 861 nocumenta,
1466 783 1579 862 injurie
1606 804 1662 865 per

398 907 456 946 nos
482 889 531 948 vel
557 889 705 948 concives
730 905 855 950 nostros
878 890 1070 970 cuicumque
1096 891 1193 968 illata,
1225 891 1287 950 sint
1311 891 1419 952 sedata
1445 906 1475 951 et
1500 891 1661 971 expedita,

396 993 471 1054 ideo
496 993 624 1054 racione
649 995 748 1076 ipsius
780 1009 881 1056 ateste
906 1015 962 1076 per
994 994 1151 1076 prelatum
1177 997 1355 1058 Jankonem
1388 1015 1575 1077 arcuparem
1601 997 1661 1078 ipsi

397 1099 536 1160 lohanni
561 1101 601 1162 de
619 1100 794 1162 Errvenche
821 1100 912 1178 lactc,
930 1102 1034 1182 ipsum
1058 1103 1236 1164 Janlronem
1255 1122 1441 1184 arcuparem
1459 1102 1663 1164 reddidimus

395 1221 424 1268 et
449 1208 670 1268 commisimus
695 1228 730 1268 ac
759 1207 948 1289 reliquimus
977 1209 1087 1290 vigore
1111 1224 1142 1270 et
1172 1223 1361 1271 auctortate
1386 1210 1525 1291 ipsarum
1551 1210 1660 1271 litera-

395 1332 465 1373 rum
491 1313 647 1394 regalium
674 1315 800 1394 quitum
825 1330 855 1376 et
879 1315 1073 1396 expeditum.

501 1418 578 1482 ltem
594 1420 692 1482 iidem
708 1420 974 1501 adjudicaverunt
991 1441 1117 1482 causam
1137 1422 1352 1503 supradictam
1370 1423 1452 1482 inter
1470 1421 1658 1484 Conradum

395 1527 526 1587 Rawsar
544 1527 684 1606 judicem
703 1539 733 1589 et
753 1527 940 1609 Symonem,
958 1529 1046 1609 quod
1071 1548 1166 1610 super
1183 1548 1390 1610 quocumque
1415 1526 1555 1610 prefatus
1572 1527 1659 1589 Con-

393 1634 490 1694 radus
514 1633 646 1694 Ravvsar
671 1633 748 1694 feria
773 1647 858 1696 sexta
893 1635 1037 1716 proxima
1070 1634 1285 1714 juramentum
1319 1635 1482 1716 deponere
1515 1634 1658 1710 debebit,

392 1739 454 1800 hoc
480 1737 621 1820 prelatus
646 1739 769 1822 Symon
796 1740 922 1802 ltalicus
946 1741 1005 1802 sibi
1031 1742 1200 1823 persolvet.

483 1975 578 2049 Faria
608 1988 704 2048 sexta
734 1981 887 2068 proxima
925 1991 999 2068 post
1029 1981 1150 2054 festum
1181 1979 1272 2050 Anne
1302 1981 1422 2050 matris
1452 1979 1567 2050 llarie.

932 2128 1000 2211 (28.
1018 2132 1120 2208 julat).

500 2272 577 2334 Item
604 2272 679 2354 quia
704 2272 846 2333 Marinus
863 2271 947 2334 filius
969 2273 1079 2334 Klario
1097 2273 1136 2334 de
1160 2273 1288 2354 Segnia,
1306 2273 1431 2354 pridem
1455 2271 1550 2352 judex
1580 2291 1657 2333 con-

396 2379 539 2460 citisque
565 2395 682 2458 noster,
707 2379 746 2440 ad
772 2393 910 2440 nostram
929 2379 1139 2460 personaliter
1167 2379 1298 2440 veniens
1321 2379 1531 2460 presenciam,
1560 2379 1655 2440 nobis

392 2506 431 2547 eo
455 2486 554 2548 modo
579 2485 759 2568 significare
784 2487 907 2546 curavit
930 2485 1103 2566 querulose
1128 2501 1158 2547 et
1187 2485 1445 2564 lamentabiliter,
1470 2499 1504 2546 ut
1529 2505 1592 2546 una
1618 2486 1655 2546 li·

389 2606 456 2654 tera
480 2613 535 2654 sua
561 2592 770 2674 privilegialis
804 2611 862 2674 pro
894 2605 982 2674 parte
1007 2592 1055 2653 sui
1087 2611 1182 2674 super
1206 2593 1347 2673 quadam
1380 2592 1472 2653 vinea
1498 2591 1529 2653 in
1564 2593 1656 2653 terri·

349 2691 354 2698 ’
390 2698 473 2760 torio
498 2699 634 2760 civitatis
652 2698 793 2779 predicte
811 2698 892 2759 inter
913 2698 1040 2759 vineam
1065 2697 1220 2760 Anthonii
1246 2696 1397 2779 lutifiguli
1414 2701 1453 2759 ab
1478 2717 1542 2760 una
1566 2697 1655 2759 vide-

392 2805 465 2866 licet
489 2826 506 2865 a
530 2805 783 2886 septemtrionali
809 2817 897 2885 parte
925 2824 961 2865 ac
993 2804 1112 2865 Radler
1136 2805 1175 2865 ab
1207 2804 1306 2866 altera
1331 2803 1482 2866 videlicet
1515 2805 1657 2866 ameri-

393 2911 515 2972 dionali
535 2925 634 2993 parte,
659 2911 796 2991 desuper
820 2931 837 2970 a
862 2909 913 2971 via
937 2911 1101 2971 communi
1119 2912 1158 2972 ab
1177 2909 1367 2972 occidentali
1393 2923 1424 2970 et
1449 2907 1529 2972 infra
1552 2930 1656 2992 usque

391 3019 432 3079 ad
457 3018 591 3080 fluvium
628 3031 771 3078 nostrum
809 3017 959 3078 metalem
996 3017 1103 3079 habita
1137 3031 1167 3078 et
1203 3017 1367 3096 existente,
1400 3037 1432 3077 se
1464 3018 1654 3096 extendens,

392 3124 516 3186 dudum
541 3123 685 3185 conlecta
710 3137 741 3184 et
769 3136 915 3185 emanata
948 3123 1116 3185 casualiter
1147 3125 1187 3184 ab
1212 3144 1250 3185 eo
1283 3124 1448 3205 deperdita
1474 3137 1505 3185 et
1536 3125 1656 3210 amissa

395 3230 505 3292 fuisset
530 3244 560 3292 et
584 3231 753 3306 extitisset3
779 3243 809 3290 et
830 3229 904 3310 quia
930 3229 1041 3292 eadem
1060 3230 1150 3291 litera
1168 3231 1267 3312 ipsius
1285 3231 1401 3292 Marini
1425 3230 1540 3310 judicis
1558 3231 1656 3313 privi⁸

390 3337 515 3418 legialis
539 3355 634 3419 super
667 3335 779 3396 cadem
812 3335 904 3396 vinea
939 3356 994 3397 sua
1028 3335 1151 3396 dudum
1184 3335 1328 3398 confecta
1362 3351 1393 3398 et
1417 3351 1564 3398 emanata
1596 3356 1656 3420 pro

391 3457 479 3524 parte
503 3443 550 3503 sui
576 3457 609 3502 ut
641 3441 808 3524 prefertur,
844 3443 884 3502 ad
909 3443 1025 3503 trinam
1051 3441 1211 3504 forensem
1230 3457 1262 3504 et
1286 3443 1449 3524 publicam
1474 3443 1655 3524 proclama·

390 3550 516 3610 cionem
543 3569 599 3630 per
624 3569 681 3609 nos
705 3569 741 3609 err
760 3549 886 3610 instanti
913 3549 1012 3630 ipsius
1037 3549 1153 3610 Marini
1170 3549 1285 3628 judicis
1308 3550 1480 3631 peticione,
1504 3570 1561 3632 per
1578 3571 1656 3612 eum

390 3655 483 3716 nobis
515 3656 661 3737 superius
685 3675 741 3736 per
774 3674 928 3736 precones
959 3670 1085 3716 nostros
1117 3675 1305 3716 communes
1337 3654 1404 3718 fieri
1437 3657 1656 3736 commissam,

390 3761 505 3822 nullibi
531 3761 666 3822 inveniri
685 3761 799 3842 potuit,
824 3776 854 3821 et
879 3761 920 3822 ob
938 3761 1000 3822 hoc
1024 3761 1109 3822 idem
1130 3762 1271 3823 Marinus
1284 3762 1380 3843 judex
1405 3781 1463 3823 nos
1487 3761 1657 3824 humiliter

390 3884 420 3929 er
445 3868 671 3929 instantissime
696 3887 790 3949 super
815 3888 853 3928 eo
885 3868 1069 3950 postulavit,
1094 3883 1127 3928 ut
1152 3887 1210 3928 nos
1242 3867 1377 3929 eandem
1409 3868 1534 3930 vineam
1561 3889 1657 3930 suam

389 3976 419 4034 in
438 3975 598 4036 vicinitate
619 3974 799 4055 supradicta
810 3974 961 4052 habitam,
981 3974 1011 4034 in
1030 3975 1120 4034 cuius
1137 3974 1230 4035 vinee
1244 3974 1390 4036 dominio
1408 3974 1494 4035 idem
1510 3975 1658 4036 Marinus

388 4101 404 4141 a
431 4080 486 4141 diu
510 4081 686 4162 retrolapso
711 4095 856 4162 tempore
881 4100 946 4160 quo
971 4099 1109 4161 eampro
1135 4095 1217 4141 certa
1238 4080 1449 4162 pecuniarum
1474 4081 1659 4161 quantitate

388 4201 628 4269 comparaverat
652 4203 682 4247 et
707 4207 807 4268 usque
832 4207 917 4247 nunc
942 4186 1072 4268 pacifice
1100 4187 1243 4268 possedit
1267 4201 1298 4248 et
1321 4187 1496 4269 permansit
1520 4189 1656 4249 nemine

389 4295 515 4375 penitus
540 4293 789 4370 contradicente,
813 4293 913 4354 literis
941 4293 1056 4354 nostris
1080 4293 1173 4353 novis
1205 4293 1460 4374 privilegialibus
1491 4293 1654 4358 ratificare

387 4417 418 4462 et
435 4399 623 4461 confirmare
648 4400 854 4480 dignaremur
878 4414 1033 4480 perpetuo
1058 4399 1304 4480 possidendam
1330 4414 1360 4462 et
1385 4401 1459 4461 ideo
1484 4421 1544 4462 nos
1568 4402 1655 4483 peti·

388 4507 535 4568 sionibus
553 4507 696 4567 eiusdem
724 4506 838 4567 Marini
857 4505 971 4586 judicis
985 4521 1148 4587 tamquam
1167 4505 1258 4586 justis
1275 4521 1305 4568 et
1322 4507 1537 4588 juriconsonis
1555 4507 1658 4590 digne

388 4613 545 4674 exauditis
570 4627 600 4672 et
617 4613 773 4689 admissis,
792 4612 966 4693 predictam
985 4613 1112 4673 vineam
1129 4631 1220 4672 suam
1245 4631 1318 4674 curn
1336 4613 1488 4674 omnibus
1505 4613 1658 4676 eiusdem

388 4718 581 4778 utilitatibus
605 4719 709 4778 eidem
736 4719 861 4778 Marino
887 4717 983 4796 judici
1010 4718 1164 4798 premisso
1194 4718 1373 4799 empcionis
1398 4719 1492 4780 titulo
1517 4719 1581 4781 sibi
1609 4722 1660 4782 in-

388 4825 552 4885 cumbenti
577 4843 612 4884 ac
637 4844 692 4904 per
716 4843 789 4884 eum
815 4825 880 4884 suis
903 4823 1075 4884 heredibus
1092 4823 1191 4885 literis
1212 4825 1327 4886 nostris
1351 4825 1443 4885 novis
1467 4825 1658 4907 privilegia-

390 4932 475 4990 libus
499 4929 758 4991 confirmavimus
783 4929 851 5009 jure
885 4945 1039 5011 perpetuo
1065 4944 1095 4992 et
1127 4931 1378 4992 irrevocabiliter
1410 4931 1659 5012 possidendam,

386 5037 557 5106 tenendam
582 5039 699 5122 pariter
721 5052 752 5098 et
777 5037 955 5099 habendam
981 5057 1016 5097 ac
1040 5036 1125 5118 juxta
1162 5037 1386 5099 condicionem
1413 5037 1550 5099 civitatis
1578 5059 1657 5121 pre·
