3852 5814
398 494 462 574 476
783 496 869 552 Anno
891 491 982 570 1478.
1009 527 1049 536 -
1072 495 1102 553 ό.
1127 493 1296 554 nouembn's.

509 705 584 766 ltem
612 726 738 767 causam
766 707 846 766 inter
871 705 1048 786 Georgium
1067 707 1209 768 Zalaricz
1235 722 1264 766 et
1293 705 1482 766 Michaelem
1502 706 1660 766 seniorem

401 809 539 890 juratum
565 813 693 874 racione
725 812 890 874 cuiusdam
925 813 1010 893 equi,
1042 813 1134 894 jurati
1167 812 1430 895 adjudicaverunt
1462 811 1550 893 quod
1575 812 1660 872 idem

401 915 560 996 Georgius
583 919 687 980 solvat
711 919 853 1000 precium
879 918 953 1000 equi
983 919 1047 980 illis
1077 919 1188 1000 juratis
1219 920 1274 1001 qui
1299 918 1359 979 sibi
1393 918 1563 1000 porciones
1586 937 1661 978 suas

399 1041 464 1084 uon
489 1025 679 1087 dimiserunt
703 1039 735 1086 et
758 1025 802 1088 sic
827 1044 947 1106 equum
972 1025 1114 1108 recipiat.

505 1131 583 1193 ltem
605 1151 732 1192 causam
753 1132 833 1194 iuter
850 1131 1015 1193 dominam
1034 1133 1152 1194 Nesam
1169 1145 1350 1193 consortem
1367 1131 1493 1192 Nicolai
1512 1131 1659 1193 Horuath

400 1250 430 1297 et
455 1236 653 1320 Stephanum
679 1238 838 1300 literatum
861 1237 1054 1298 modernum
1078 1238 1216 1319 juratum
1235 1237 1362 1299 racione
1386 1237 1552 1298 cuiusdam
1582 1237 1659 1300 lide·

401 1343 534 1405 iussorie
559 1363 617 1425 pro
641 1344 750 1406 decem
777 1343 845 1406 lior.
864 1363 921 1426 per
938 1344 1058 1426 juratos
1082 1344 1308 1425 adjudicatam,
1322 1343 1408 1406 idem
1425 1344 1557 1405 domina
1574 1345 1657 1406 Nesa

400 1447 440 1509 de
465 1447 584 1528 judicio
610 1450 786 1530 juratorum
811 1471 875 1512 non
901 1465 1050 1513 contenta
1072 1451 1113 1512 ad
1129 1452 1271 1512 seniores
1295 1449 1418 1530 judices
1435 1450 1569 1511 eandem
1588 1471 1660 1512 cau-

398 1575 463 1616 sam
490 1557 674 1638 appellavit.

504 1663 580 1724 Item
607 1665 637 1724 in
671 1662 755 1724 lacto
787 1663 934 1724 similiter
965 1663 1109 1725 eiusdem
1142 1677 1173 1725 et
1204 1662 1337 1744 Georgii
1362 1664 1505 1726 Zalaricz
1529 1665 1658 1725 racione

397 1767 545 1832 similiter
568 1769 732 1831 cuiusdam
760 1768 959 1831 fideiussorie
986 1789 1044 1851 pro
1072 1770 1184 1831 decem
1209 1769 1278 1832 flor.
1311 1789 1368 1851 per
1391 1769 1511 1852 juratos
1535 1770 1659 1850 adjudi-

399 1887 512 1954 catam,
537 1876 622 1937 idem
649 1877 781 1937 domina
799 1877 881 1937 Nesa
906 1876 945 1935 de
970 1876 1090 1956 judicio
1108 1876 1283 1957 juratorum
1302 1896 1366 1936 non
1391 1891 1540 1938 contenta
1558 1877 1658 1958 ipsam

397 1999 523 2041 causam
549 1983 589 2042 ad
614 1984 756 2044 seniores
781 1982 901 2062 judices
925 1983 1108 2064 appellavit.

505 2087 579 2149 ltem
596 2109 722 2150 causam
743 2091 823 2152 inter
840 2089 1014 2150 Doroteam
1033 2108 1164 2149 uxorem
1183 2089 1338 2149 lobannis
1356 2089 1476 2171 Polyalt
1493 2104 1524 2151 et
1542 2088 1658 2151 Katha-

397 2192 499 2254 rinam
526 2210 658 2256 matrem
685 2197 827 2256 eiusdem
855 2195 981 2255 racione
1006 2195 1221 2276 quorumdam
1239 2215 1380 2256 asserum
1406 2209 1543 2276 quatuor
1569 2196 1659 2276 plau-

397 2316 533 2363 strorum
560 2321 595 2362 ac
620 2302 782 2382 lignorum
815 2300 1014 2382 perjuratus
1045 2300 1272 2381 adjudicatam,
1306 2300 1391 2361 idem
1418 2301 1590 2362 Ketherina
1615 2302 1656 2361 de

397 2407 517 2488 judicio
541 2406 717 2487 juratorum
743 2427 808 2470 non
834 2419 982 2468 contenta
1012 2407 1112 2488 ipsam
1145 2425 1272 2468 causam
1297 2407 1337 2467 ad
1369 2408 1510 2468 seniores
1534 2407 1658 2488 judices

397 2513 579 2597 appellavit.

502 2619 580 2681 ltem
612 2620 757 2682 Andreas
788 2617 907 2702 (irater)
940 2619 1064 2681 domini
1098 2618 1252 2680 lobannis
1290 2619 1420 2681 racione
1451 2633 1481 2680 et
1512 2633 1660 2701 pretextu

395 2727 562 2788 cuiusdam
587 2747 643 2788 sue
669 2747 769 2788 avene
801 2727 1018 2806 juramentum
1051 2745 1144 2787 suum
1177 2726 1236 2788 rite
1261 2740 1292 2789 et
1322 2727 1477 2808 legittime
1509 2726 1661 2808 deposuit

396 2846 429 2893 ut
453 2833 574 2895 debuit.

501 2938 579 3000 ltem
612 2939 721 3001 relicta
754 2940 906 3000 Kussicza
938 2959 995 3020 per
1025 2940 1154 3002 Petrum
1185 2960 1296 3022 sporar
1327 2940 1432 3022 primo
1464 2939 1557 3000 citata
1591 2958 1658 3000 non

395 3048 577 3128 comparuit
601 3067 659 3109 nec
683 3061 925 3129 procuratorem
950 3047 1143 3128 legittimum
1169 3067 1263 3110 suum
1287 3047 1382 3110 misit.

500 3153 576 3214 ltem
592 3153 757 3214 Dionisius
774 3166 884 3231 sartor,
905 3153 1087 3214 Demetrius
1102 3167 1201 3232 sutor,
1219 3155 1328 3216 relicta
1346 3153 1469 3215 Mathie
1483 3153 1659 3234 Simunycz

395 3273 503 3320 contra
530 3259 662 3321 Gallum
687 3259 825 3342 juratum
851 3259 1042 3321 secundario
1065 3280 1129 3321 non
1159 3262 1247 3322 venit
1271 3280 1329 3322 nec
1353 3259 1533 3342 comparuit
1556 3279 1593 3320 ac
1617 3260 1659 3319 si·

395 3365 514 3426 militer
539 3366 728 3428 Valentinus
752 3379 841 3427 sutor
864 3385 930 3427 non
959 3367 1145 3447 comparuit.

465 3601 560 3673 Faria
589 3611 686 3675 sexta
714 3601 867 3692 proxima
896 3613 973 3674 ante
993 3602 1115 3674 lestum
1144 3601 1234 3675 beati
1262 3602 1399 3674 llartini
1429 3605 1585 3692 episcopi.

898 3752 944 3835 (ό.
968 3757 1149 3834 novembris).

500 3895 576 3956 Item
602 3915 729 3958 causam
756 3896 837 3957 inter
855 3897 975 3958 Lucam
1000 3896 1149 3957 Ribaricz
1166 3909 1197 3958 et
1222 3896 1401 3958 Jobannem
1428 3897 1590 3958 literatum
1607 3917 1658 3958 ra·

394 4002 486 4062 cione
511 4003 624 4082 viginti
650 4003 756 4063 minus
780 4023 845 4063 uno
877 4001 958 4082 flor.‚
983 4017 1014 4063 et
1045 4022 1103 4084 pro
1134 4003 1297 4082 sexaginta
1328 4002 1453 4080 solidis,
1475 4001 1569 4082 jurati
1601 4002 1658 4062 ad-

394 4107 627 4188 judicaverunt,
652 4110 739 4190 quod
765 4109 844 4170 illud
878 4109 994 4190 pignus
1019 4108 1107 4190 quod
1140 4111 1179 4170 ab
1204 4109 1320 4170 eodem
1352 4109 1498 4170 iohanne
1529 4109 1658 4171 literato

395 4213 489 4275 habet
514 4235 546 4274 se
572 4215 674 4276 Lucas
699 4216 847 4276 Ribaricz
871 4215 1024 4292 exsolvat,
1050 4228 1081 4276 et
1109 4215 1162 4276 ille
1187 4215 1299 4297 ciphus
1322 4231 1491 4297 argenteus
1515 4236 1658 4297 proquo

395 4320 480 4380 idem
506 4320 667 4382 lohannes
691 4321 817 4400 juravit,
842 4322 901 4382 sibi
932 4322 1017 4382 Luce
1035 4321 1182 4382 Ribaricz
1207 4323 1239 4382 in
1264 4323 1366 4404 ipsam
1391 4341 1572 4404 sumpmam
1598 4323 1658 4384 flo-

394 4446 544 4487 renorum
570 4427 652 4507 jurat
676 4441 706 4487 et
731 4427 783 4489 fiat
808 4448 872 4488 non
899 4429 998 4509 ipsius
1026 4428 1152 4509 pignus.

500 4533 576 4594 ltem
609 4553 736 4594 causam
770 4535 851 4594 inter
883 4533 1075 4614 Gregorium
1110 4534 1287 4595 institorem
1316 4549 1346 4594 et
1378 4534 1540 4595 Andream
1566 4554 1656 4595 arcu-

392 4659 501 4721 parem
528 4640 655 4702 racione
687 4639 853 4702 cuiusdam
886 4654 969 4702 mete
993 4660 1088 4722 parve
1121 4641 1202 4700 inter
1234 4641 1342 4701 vineas
1375 4641 1528 4722 ipsorum,
1560 4640 1655 4720 jurati

393 4745 669 4827 adjudicaverunt,
694 4748 781 4828 quod
807 4747 893 4808 idem
916 4747 1061 4808 Andreas
1085 4767 1218 4828 arcupar
1243 4747 1386 4808 infrinxit
1411 4749 1511 4830 ipsam
1538 4761 1656 4809 metam

394 4874 466 4914 cum
492 4874 554 4914 una
579 4854 726 4935 potencia
752 4869 782 4916 et
807 4873 880 4914 cum
904 4854 1043 4915 secunda
1068 4853 1190 4935 aperire
1216 4853 1311 4914 debet
1335 4867 1366 4915 et
1389 4866 1525 4917 tenetur.

500 4961 576 5022 Item
602 4982 694 5022 causa
719 4982 756 5022 ex
785 4975 873 5045 parte
908 4960 1040 5042 Georgii
1073 4960 1215 5022 Zalaricz
1248 4959 1402 5022 carnificis
1434 4980 1491 5043 pro
1515 4959 1656 5042 quadam
