3738 5786
375 496 413 576 58
750 498 949 574 Ann01453.
975 532 1015 539 —-
1037 511 1070 573 9.
1094 497 1260 556 novembris.

375 605 551 612 --————
564 604 642 611 *-
912 604 1287 610 --—-——-—--—-—
1301 605 1333 610 ...-
1350 604 1471 610 ..---
1501 603 1636 609 ---

562 717 658 790 Feria
697 721 805 791 tercia
842 726 919 807 post
955 719 1079 792 festum
1108 717 1310 790 Natiuitatis
1339 718 1453 789 Ilarie.

861 877 922 951 (11.
945 873 1131 950 septembris).

478 1014 555 1075 Item
575 1012 728 1076 Clemens
750 1014 789 1075 de
809 1014 930 1095 Posega
948 1013 1046 1075 tercio
1064 1033 1098 1074 se
1109 1014 1255 1094 personis
1271 1013 1331 1074 sibi
1349 1013 1509 1074 similibus
1526 1025 1638 1074 contra

373 1121 566 1202 Gregorium
585 1121 749 1202 Jagichich
767 1135 881 1184 octavo
899 1121 951 1182 die
968 1140 1063 1202 super
1086 1141 1173 1182 aram
1190 1134 1299 1183 sancte
1317 1107 1429 1182 Crucis
1446 1120 1479 1181 in
1504 1120 1636 1182 ecclesia

372 1228 455 1289 beati
481 1227 580 1290 Marci
606 1228 812 1310 ewangeliste
830 1227 933 1309 jurare
962 1228 1123 1289 tenebitur
1146 1247 1203 1309 per
1219 1226 1496 1309 adjudicacionem
1521 1227 1637 1304 jurato·

371 1353 440 1396 rum
459 1354 620 1415 supereo,
640 1347 674 1395 ut
699 1335 766 1416 lpse
783 1334 933 1415 pecunias
951 1335 1049 1416 ipsius
1072 1333 1230 1414 Gregorii,
1256 1353 1335 1414 quas
1351 1335 1420 1416 ipse
1436 1345 1547 1394 contra
1564 1352 1636 1394 eum

372 1441 585 1524 proponebat,
603 1460 667 1502 non
685 1441 900 1518 subtraxisset,
917 1441 972 1501 sed
998 1441 1029 1502 in
1048 1441 1139 1502 totali
1156 1440 1286 1502 accione
1304 1440 1403 1523 ipsius
1419 1441 1459 1501 sit
1476 1439 1636 1502 innoxius.

477 1547 555 1609 Item
588 1565 668 1609 uxor
701 1545 814 1629 prefati
839 1547 1018 1610 Clementis
1049 1547 1195 1608 similiter
1226 1549 1323 1610 tercia
1355 1567 1388 1609 se
1412 1547 1559 1631 personis
1581 1567 1638 1630 per

373 1651 651 1732 adjudicacionem
676 1653 852 1733 juratorum
878 1669 993 1715 octavo
1020 1654 1071 1715 die
1096 1653 1199 1734 jurare
1227 1653 1388 1716 tenebitur
1412 1673 1508 1736 super
1533 1673 1572 1715 eo
1596 1655 1636 1714 si·

370 1760 500 1837 militer,
526 1773 559 1821 ut
583 1760 650 1843 ipsa
676 1760 823 1822 slmiliter
848 1760 949 1842 ipsam
974 1761 1144 1842 pecunIam
1177 1760 1252 1822 dicti
1279 1759 1427 1842 Gregorii
1453 1760 1636 1843 Jagychych

371 1885 436 1927 non
461 1867 676 1945 subtraxisset,
701 1867 757 1927 sed
782 1866 812 1926 in
842 1867 932 1928 totali
966 1867 1096 1928 accione
1122 1866 1222 1948 ipsius
1247 1865 1395 1948 Gregorii
1428 1867 1468 1928 sit
1492 1867 1634 1929 innoxia.

476 1991 554 2052 Item
580 1991 681 2051 Elena
704 2011 784 2052 uxor
810 1989 895 2053 Galli
921 1990 1003 2052 dicta
1033 1990 1268 2074 Zukalowycza
1292 1991 1360 2053 sola
1384 2009 1417 2052 se
1442 1992 1475 2052 in
1500 2011 1636 2074 persona

371 2117 426 2158 sua
451 2097 555 2178 jurare
579 2098 740 2160 tenebitur
764 2111 875 2170 contra
900 2098 1076 2180 predictam
1095 2117 1227 2158 uxorem
1253 2097 1354 2180 ipsius
1378 2097 1558 2161 Clementis
1582 2118 1636 2160 oc-

368 2218 443 2266 tavo
468 2205 520 2266 die
544 2224 639 2286 super
664 2225 751 2266 aram
777 2225 872 2287 super
897 2224 946 2284 en,
971 2219 1006 2267 ut
1029 2206 1096 2287 ipsa
1121 2217 1194 2266 octo
1224 2224 1340 2287 pensas
1364 2205 1571 2267 denariorum
1596 2207 1635 2266 ab

370 2312 483 2374 eadem
507 2332 606 2374 uxore
631 2313 731 2394 ipsius
758 2311 935 2375 Clementis
968 2331 1025 2373 nec
1050 2313 1228 2395 decepisset
1260 2331 1318 2374 nec
1342 2312 1525 2394 deceptorie
1550 2331 1634 2374 rece·

371 2422 479 2503 pisaet.

476 2527 553 2589 Item
587 2528 774 2590 Franciscus
805 2541 894 2588 sutor
934 2546 1006 2588 cum
1041 2546 1139 2588 uxore
1171 2526 1270 2608 ipsius
1302 2539 1411 2588 contra
1450 2525 1634 2587 Emericum

371 2633 482 2696 Skerta
507 2635 612 2715 prImo
637 2634 723 2696 citati
747 2653 812 2695 non
837 2646 1097 2715 comparuerunt.

476 2759 553 2820 Item
578 2759 762 2820 Anthonius
786 2758 1005 2842 Joffanowych
1024 2772 1132 2820 contra
1159 2757 1343 2841 Philippum
1369 2770 1512 2821 sutorem
1530 2758 1635 2841 prImo

370 2865 484 2927 citatus
508 2885 574 2928 non
598 2865 789 2948 comparuit.
853 2861 854 2865 ’

396 3066 492 3140 Feria
522 3075 621 3140 sexta
648 3071 802 3158 proxima
831 3077 909 3140 ante
938 3069 1060 3140 festum
1093 3071 1203 3140 sancti
1231 3069 1370 3140 Martini
1400 3070 1546 3157 episcopi
1575 3075 1609 3140 et

888 3193 1103 3265 confessoris.

878 3346 922 3422 (9.
946 3346 1132 3422 novembris).

475 3484 553 3547 Item
580 3484 717 3546 Michael
741 3483 881 3567 frenipar
914 3505 1078 3548 successor
1101 3485 1258 3568 Bdudych
1291 3500 1402 3548 contra
1426 3485 1634 3548 Franciscum

369 3590 562 3674 sreniparem
587 3591 692 3673 primo
717 3592 830 3652 citatus
854 3611 919 3653 non
945 3591 1135 3674 comparuit.

474 3697 551 3758 Item
577 3697 765 3759 Franciscus
797 3710 885 3759 sutor
915 3717 1014 3778 gener
1039 3697 1204 3781 Horwoye
1237 3698 1365 3761 Thome
1390 3699 1496 3782 prImo
1521 3700 1635 3762 citatus

368 3824 432 3866 non
459 3805 638 3886 comparuit
661 3817 771 3866 contra
797 3803 995 3886 Stephanum
1020 3803 1171 3886 juratum.
1349 3793 1351 3798 ⁵

474 3911 550 3972 Item
577 3910 752 3992 Gregorius
776 3912 886 3994 Zayko
917 3909 1096 3992 lutifigulus
1128 3925 1237 3974 contra
1270 3911 1452 3974 Barnabam
1477 3933 1633 3994 generum

368 4016 459 4078 Turk
483 4017 588 4100 prImo
613 4017 726 4078 citatus
750 4037 815 4079 non
841 4018 1031 4100 comparuit.

474 4123 552 4184 Item
586 4123 769 4184 Anthonius
802 4123 1023 4206 Joffanowych
1055 4139 1165 4187 contra
1199 4125 1386 4208 Philippum
1418 4141 1562 4192 sutorem
1586 4149 1633 4190 se-

368 4230 474 4290 cundo
499 4230 611 4291 citatus
636 4249 701 4290 non
726 4230 915 4310 comparuit.

473 4335 551 4396 Item
576 4336 702 4396 Marcus
726 4334 865 4396 carnifex
889 4334 973 4396 hlius
995 4335 1105 4398 Gurak
1129 4351 1239 4400 contra
1258 4338 1450 4402 benedictus
1475 4340 1633 4404 Kratheh·

367 4440 503 4523 noxvych
528 4441 634 4522 primo
658 4442 771 4502 citatus
796 4461 860 4503 non
884 4443 1074 4524 comparuit.

386 4615 391 4622 .
474 4547 550 4608 Item
569 4547 680 4608 Petrus
704 4548 833 4630 Dragyn
854 4561 962 4611 contra
978 4549 1173 4630 Gregorium
1191 4552 1364 4636 Jagichych
1389 4554 1496 4636 pslmo
1521 4555 1634 4617 citatus

367 4673 432 4714 non
457 4653 647 4734 comparuit.

473 4759 550 4820 Item
577 4761 694 4822 Paulus
718 4760 802 4822 filius
820 4763 948 4824 MattIni
975 4764 1183 4847 Kusarenych
1201 4766 1319 4848 jurabit
1343 4768 1443 4830 tercio
1468 4789 1501 4831 se
1518 4783 1633 4831 octavo

369 4862 420 4924 die
445 4885 649 4946 superarem
676 4880 785 4928 contra
811 4867 1012 4931 Clementem
1031 4871 1204 4952 agricolam
1229 4893 1400 4957 supereo,
1426 4889 1460 4937 ut
1477 4875 1544 4957 ipse
1563 4876 1634 4938 illas

368 4969 409 5030 IX
436 4989 550 5051 pensas
575 4971 790 5050 denariorum,
816 4993 895 5055 quas
919 4975 984 5056 ipse
1014 4973 1166 5040 Clemens
1196 4979 1255 5040 sibi
1282 5000 1338 5062 per
1362 4981 1467 5063 ipsum
1496 4981 1632 5045 Paulum
