3818 5786
589 549 786 625 Ann01451.
814 582 855 592 -
879 559 925 624 17.
950 549 1110 608 decembre.
1442 567 1482 630 27

219 653 370 660 ——.—---..
392 655 510 660 ———

267 763 366 839 Faria
395 775 493 840 sexta
522 770 677 856 proxima
706 776 783 858 post
821 767 944 840 fastum
972 769 1070 840 beate
1099 768 1196 842 lucie
1225 769 1368 856 virginis
1397 775 1430 840 et

692 895 848 964 martiris
877 891 1012 964 Christi.

721 1047 781 1124 (17.
805 1046 980 1122 decembris).

324 1187 402 1250 Item
426 1189 503 1270 quia
528 1189 586 1250 viri
611 1188 738 1271 providi
770 1201 801 1250 et
824 1188 949 1250 honesti
975 1185 1143 1269 Philippus
1174 1185 1343 1249 aurifaber.
1368 1190 1480 1268 (deest).

217 1325 220 1332 ·
325 1294 404 1356 Item
428 1295 503 1377 quia
529 1297 587 1358 viri
620 1295 746 1378 providi
776 1309 807 1357 et
839 1294 964 1357 honesti
994 1293 1111 1356 Paulus
1140 1292 1301 1356 aurifaber
1326 1307 1356 1356 et
1380 1294 1482 1357 Bene-

218 1402 323 1464 dictus
355 1403 502 1464 similiter
534 1401 694 1465 aurifaber
726 1402 840 1464 sororii
871 1402 994 1464 scilicet
1025 1401 1163 1462 condam
1196 1400 1360 1463 Benedicti
1390 1401 1482 1482 jurati

217 1509 310 1570 aliter
336 1507 439 1570 Bensa
463 1509 567 1572 vocati
591 1508 649 1571 filii
671 1509 809 1570 condam
827 1507 1003 1592 Mychaelis
1028 1507 1218 1586 Sebastiani,
1235 1507 1267 1569 in
1293 1507 1435 1590 ipsorum
1454 1521 1484 1569 et

218 1617 394 1698 probarum
419 1635 455 1677 ac
479 1615 685 1678 honestarum
711 1615 916 1678 dominarum
933 1614 1048 1677 Vrsule
1070 1614 1179 1676 uxoris
1203 1614 1361 1694 legittime
1385 1613 1485 1696 ipsius

218 1721 309 1783 Pauli
335 1721 489 1785 aurifabri
513 1743 548 1785 ac
573 1724 711 1786 Barbare
736 1724 843 1786 uxoris
875 1723 1032 1804 legittime
1057 1721 1170 1806 prefati
1203 1723 1368 1785 Benedicti
1400 1723 1483 1784 auri·

218 1826 309 1906 fabri,
334 1827 473 1891 filiarum
504 1831 625 1893 scilicet
655 1830 790 1914 predicti
813 1829 989 1913 Mychaelis
1020 1829 1210 1909 Sebastiani,
1235 1830 1391 1913 personis,
1423 1849 1482 1913 pro

219 1955 303 1997 nunc
328 1954 436 1998 coram
462 1937 556 1999 nobis
580 1937 810 2020 competendo,
834 1937 866 1998 id
892 1956 965 1999 cum
986 1935 1157 2000 sufficienti
1182 1949 1213 1999 et
1237 1935 1402 2018 fidedigno
1427 1957 1483 1999 no·

218 2055 358 2104 atrorum
384 2043 566 2106 concivium
591 2044 777 2106 testimonio
802 2043 833 2105 in
859 2043 934 2106 sede
958 2057 1065 2106 nostra
1097 2042 1264 2125 judiciaria
1289 2043 1371 2106 clare
1397 2062 1483 2106 com·

219 2149 397 2230 probarunt
422 2169 529 2211 coram
555 2151 658 2230 nobis,
683 2164 719 2213 ut
742 2151 819 2212 dum
845 2149 985 2232 prefatus
1014 2149 1207 2212 Benedictus
1230 2149 1352 2231 juratus
1376 2149 1407 2210 in
1433 2169 1484 2211 ex-

218 2255 327 2316 tremis
350 2256 415 2317 vite
433 2276 489 2317 sue
512 2257 700 2339 temporalis
718 2257 905 2337 laborasset,
925 2271 1000 2320 tunc
1018 2257 1085 2339 ipse
1109 2256 1262 2319 directam
1288 2269 1319 2318 et
1336 2256 1484 2338 equalem

219 2361 424 2424 medietatem
450 2363 616 2424 cuiusdam
641 2363 757 2426 domus
789 2377 912 2426 murate
942 2377 974 2426 et
997 2361 1088 2424 fundi
1114 2383 1149 2425 ac
1179 2363 1330 2425 stacionis
1361 2374 1485 2424 mutate

220 2479 250 2528 et
272 2467 380 2529 celarii
406 2468 552 2532 similiter
569 2469 686 2532 murati
702 2470 912 2548 subterranei,
936 2489 994 2532 nec
1017 2489 1081 2531 non
1100 2467 1324 2531 hedificiorum
1350 2469 1484 2531 indicta

220 2572 344 2635 civitate
371 2575 452 2638 inter
478 2575 611 2639 domum
636 2577 778 2658 ligneam
802 2590 834 2638 et
851 2576 989 2638 fundum
1013 2597 1050 2638 ac
1074 2575 1221 2639 hedificia
1247 2575 1394 2658 Dyonisii
1420 2595 1484 2636 sar-

219 2680 306 2759 toris,
330 2681 456 2763 pridem
481 2681 575 2763 jurati
600 2684 806 2765 concivisque
831 2683 942 2762 nostri,
966 2685 1006 2744 ab
1035 2684 1159 2745 oriente
1184 2695 1215 2746 et
1239 2683 1321 2744 inter
1346 2680 1482 2744 fundum

220 2803 354 2848 vacuum
388 2789 500 2870 prefati
525 2789 616 2852 Pauli
649 2787 800 2852 aurifabri
831 2809 866 2852 ac
899 2791 980 2852 inter
1012 2787 1148 2852 fundum
1173 2803 1204 2851 et
1235 2789 1369 2850 domum
1402 2787 1482 2851 libe-

222 2911 327 2954 rorum
352 2914 409 2956 seu
434 2915 653 2958 successorum
671 2897 809 2960 condam
832 2897 1007 2960 Alexandri
1029 2917 1047 2959 a
1072 2895 1275 2958 meridionali
1300 2908 1400 2978 parte,
1425 2914 1483 2957 nec

221 3016 285 3060 non
311 2999 394 3061 inter
418 3000 497 3063 duas
530 3002 598 3064 vias
621 3023 676 3064 seu
708 3003 829 3085 plateas
861 3022 1060 3082 communes,
1092 3021 1189 3064 unam
1214 3023 1231 3063 a
1256 3001 1485 3084 septemtrione

223 3117 252 3166 ct
274 3105 371 3167 aliam
396 3107 436 3168 ab
460 3107 628 3170 occidente
652 3108 737 3187 sitas,
762 3107 869 3171 habite
894 3123 924 3170 et
949 3109 1129 3188 existentes,
1154 3109 1234 3170 duaa
1258 3107 1407 3170 videlicet
1430 3127 1484 3168 cu·

222 3211 281 3272 rias
304 3225 336 3274 et
358 3231 458 3274 unam
483 3229 629 3296 quartam
654 3215 740 3277 curie
766 3215 798 3276 in
824 3235 857 3278 se
887 3217 1099 3296 continentes,
1123 3215 1310 3299 porcionem
1336 3214 1486 3276 videlicet

221 3337 323 3398 auam,
347 3337 445 3380 unam
470 3319 621 3382 videlicet
643 3321 871 3384 tantummodo
903 3323 1024 3384 curiam
1049 3335 1080 3384 et
1104 3340 1200 3384 unam
1227 3335 1374 3384 octavam
1399 3321 1485 3383 curie

222 3423 251 3485 in
277 3445 310 3485 se
336 3425 567 3506 continentem,
590 3445 663 3488 cum
688 3427 754 3489 suis
778 3427 970 3491 utilitatibus
994 3441 1025 3490 et
1047 3429 1254 3511 pertinenciis
1277 3427 1433 3490 universis
1449 3447 1486 3489 ac

223 3531 352 3594 totalem
378 3533 567 3614 porcionem
591 3553 682 3596 suam
701 3534 862 3596 vinealem
888 3535 919 3596 in
938 3535 1028 3597 vinea
1055 3535 1170 3597 Korito
1194 3549 1305 3597 vocata
1332 3533 1486 3613 habitam,

224 3636 326 3718 ipsum
350 3638 472 3700 scilicet
496 3639 706 3702 Benedictum
738 3639 877 3720 juratum
906 3639 974 3722 jure
1004 3640 1187 3703 divisionali
1210 3640 1383 3704 literatorie
1408 3659 1484 3702 con-

224 3759 416 3825 cernentem,
440 3765 512 3807 curn
536 3747 602 3808 suis
624 3747 771 3809 similiter
804 3747 993 3810 utilitatibus
1025 3761 1055 3809 et
1078 3748 1285 3830 pertinenciis
1317 3747 1485 3826 universis,

224 3849 374 3930 predictis
399 3851 501 3914 Paulo
526 3851 688 3915 aurifabro
716 3867 747 3915 et
779 3852 955 3915 Eenedicto
986 3853 1133 3916 similiter
1165 3853 1328 3916 aurifabro
1353 3865 1384 3916 et
1414 3873 1485 3934 pre·

225 3954 296 4018 fatis
318 3958 473 4020 uxoribus
497 3977 622 4037 eorum,
647 3959 778 4021 sororiis
810 3959 961 4023 videlicet
988 3975 1018 4022 et
1040 3961 1204 4022 sororibus
1228 3962 1293 4023 suis
1317 3960 1486 4042 legavisset

225 4075 254 4124 et
277 4063 449 4127 dimisisset
471 4067 577 4129 taliter
593 4079 749 4149 perpetuo
771 4067 991 4148 possidendas,
1016 4081 1051 4130 ut
1079 4068 1138 4149 ipsi
1167 4068 1280 4130 sororii
1306 4080 1337 4129 et
1360 4085 1486 4128 sorores

225 4168 323 4249 ipsius
347 4169 512 4234 Benedicti
537 4171 631 4255 jurati
661 4172 768 4235 debita
802 4173 946 4234 eiusdem
978 4172 1143 4236 Benedicti
1177 4173 1270 4254 jurati
1303 4173 1485 4255 persolvere

225 4273 397 4353 deberent;
422 4277 561 4360 ideoque
587 4297 646 4341 nos
679 4279 839 4362 predictas
871 4279 1041 4360 porciones
1065 4279 1164 4361 ipsius
1196 4279 1361 4341 Benedicti
1393 4278 1486 4360 jurati

225 4381 255 4441 in
279 4381 422 4463 predicta
448 4383 546 4446 domo
571 4400 694 4447 murata
720 4399 750 4447 et
775 4383 877 4447 fundo
902 4405 938 4446 ac
966 4385 1107 4448 stacione
1132 4399 1163 4448 et
1187 4387 1305 4448 celario
1329 4405 1365 4448 ac
1396 4384 1485 4446 hedi·

225 4487 301 4550 ficiis
325 4507 361 4550 ac
386 4489 418 4551 in
443 4489 586 4572 predicta
618 4491 711 4553 vinea
744 4490 879 4571 habitas,
911 4511 984 4554 cum
1008 4491 1074 4554 suis
1106 4492 1312 4575 pertinenciis
1334 4491 1486 4575 predictis

225 4595 352 4656 sororiis
376 4609 408 4657 et
432 4596 596 4657 sororibus
620 4597 720 4679 ipsius
742 4597 907 4659 Benedicti
932 4597 1026 4676 jurati
1044 4617 1079 4660 ac
1105 4617 1160 4680 per
1184 4618 1239 4660 eos
1263 4599 1406 4681 ipsorum
1431 4597 1486 4658 he-

228 4701 354 4764 redibus
371 4701 471 4764 modo
489 4703 642 4784 premisso
658 4703 830 4765 statuimus
848 4718 1003 4786 perpetuo
1022 4704 1232 4786 possidendas
1256 4719 1286 4766 et
1303 4704 1485 4785 quomodo·

227 4827 362 4889 cumque
387 4808 549 4871 voluerint
573 4809 799 4891 disponendas.

330 4914 408 4977 ltem
427 4913 573 4976 Thomas
596 4914 741 4994 Cheden,
759 4929 794 4978 ut
818 4929 914 4995 actor,
939 4915 979 4977 ad
1002 4917 1190 4978 instanciam
1209 4917 1338 5000 Mathye
1363 4918 1470 4980 molen

230 5019 378 5084 dinatoris
402 5022 434 5083 in
452 5041 579 5084 causam
601 5022 735 5098 attracti,
761 5043 797 5083 ex
816 5022 1043 5085 commissione
1068 5037 1173 5085 nostra
1192 5023 1355 5104 judiciaria
1386 5024 1483 5085 nostri

230 5126 259 5187 in
281 5128 480 5211 presenciam
504 5147 689 5210 comparere
716 5129 846 5209 debens,
871 5129 935 5212 jam
960 5129 1034 5191 bina
1059 5130 1128 5192 vice
1153 5150 1218 5192 non
1244 5131 1432 5212 comparuit.
