<?xml version="1.0" encoding="UTF-8"?>
<!DOCTYPE html PUBLIC "-//W3C//DTD XHTML 1.0 Transitional//EN"
    "http://www.w3.org/TR/xhtml1/DTD/xhtml1-transitional.dtd">
<html xmlns="http://www.w3.org/1999/xhtml" xml:lang="en" lang="en">
 <head>
  <title>
</title>
<meta http-equiv="Content-Type" content="text/html;charset=utf-8" />
  <meta name='ocr-system' content='tesseract 3.04.00' />
  <meta name='ocr-capabilities' content='ocr_page ocr_carea ocr_par ocr_line ocrx_word'/>
</head>
<body>
  <div class='ocr_page' id='page_1' title='image "./monumentahistor13laszgoog_0422.png"; bbox 0 0 3838 5786; ppageno 0'>
   <div class='ocr_carea' id='block_1_1' title="bbox 435 523 1701 3582">
    <p class='ocr_par' dir='ltr' id='par_1_1' title="bbox 436 523 1700 924">
     <span class='ocr_line' id='line_1_1' title="bbox 439 523 1322 603; baseline 0 -21"><span class='ocrx_word' id='word_1_1' title='bbox 439 523 500 603; x_wconf 85' lang='lat'>362</span> <span class='ocrx_word' id='word_1_2' title='bbox 814 527 899 580; x_wconf 84' lang='lat' dir='ltr'>Anno</span> <span class='ocrx_word' id='word_1_3' title='bbox 922 537 1012 600; x_wconf 78' lang='lat'><em>1470.</em></span> <span class='ocrx_word' id='word_1_4' title='bbox 1039 557 1077 566; x_wconf 89' lang='lat'>-</span> <span class='ocrx_word' id='word_1_5' title='bbox 1104 539 1150 599; x_wconf 76' lang='lat'>13.</span> <span class='ocrx_word' id='word_1_6' title='bbox 1168 523 1322 598; x_wconf 82' lang='lat' dir='ltr'>J&#39;crnuarr&#39;r&#39;.</span> 
     </span>
     <span class='ocr_line' id='line_1_2' title="bbox 437 733 1700 817; baseline -0.002 -21"><span class='ocrx_word' id='word_1_7' title='bbox 437 733 519 796; x_wconf 84' lang='lat' dir='ltr'>facto</span> <span class='ocrx_word' id='word_1_8' title='bbox 545 735 728 817; x_wconf 88' lang='lat' dir='ltr'>calumpnie</span> <span class='ocrx_word' id='word_1_9' title='bbox 754 749 862 796; x_wconf 91' lang='lat' dir='ltr'>contra</span> <span class='ocrx_word' id='word_1_10' title='bbox 888 735 992 817; x_wconf 89' lang='lat' dir='ltr'>ipsum</span> <span class='ocrx_word' id='word_1_11' title='bbox 1022 737 1157 797; x_wconf 86' lang='lat' dir='ltr'>condam</span> <span class='ocrx_word' id='word_1_12' title='bbox 1185 735 1398 817; x_wconf 86' lang='lat' dir='ltr'>Symwnych;</span> <span class='ocrx_word' id='word_1_13' title='bbox 1423 733 1462 796; x_wconf 93' lang='lat' dir='ltr'>de</span> <span class='ocrx_word' id='word_1_14' title='bbox 1487 755 1552 816; x_wconf 91' lang='lat' dir='ltr'>quo</span> <span class='ocrx_word' id='word_1_15' title='bbox 1578 734 1700 814; x_wconf 93' lang='lat' dir='ltr'>judicio</span> 
     </span>
     <span class='ocr_line' id='line_1_3' title="bbox 436 841 1645 924; baseline 0 -22"><span class='ocrx_word' id='word_1_16' title='bbox 436 842 579 924; x_wconf 89' lang='lat' dir='ltr'>ipsorum</span> <span class='ocrx_word' id='word_1_17' title='bbox 604 842 778 922; x_wconf 80' lang='lat' dir='ltr'>juratorum</span> <span class='ocrx_word' id='word_1_18' title='bbox 805 863 869 903; x_wconf 94' lang='lat' dir='ltr'>non</span> <span class='ocrx_word' id='word_1_19' title='bbox 895 856 1062 903; x_wconf 90' lang='lat' dir='ltr'>contentus</span> <span class='ocrx_word' id='word_1_20' title='bbox 1086 844 1126 903; x_wconf 91' lang='lat' dir='ltr'>ad</span> <span class='ocrx_word' id='word_1_21' title='bbox 1150 843 1291 902; x_wconf 84' lang='lat' dir='ltr'>seniores</span> <span class='ocrx_word' id='word_1_22' title='bbox 1316 842 1490 924; x_wconf 89' lang='lat' dir='ltr'>appellavit</span> <span class='ocrx_word' id='word_1_23' title='bbox 1514 841 1645 922; x_wconf 89' lang='lat' dir='ltr'>judices.</span> 
     </span>
    </p>

    <p class='ocr_par' dir='ltr' id='par_1_2' title="bbox 435 947 1701 2838">
     <span class='ocr_line' id='line_1_4' title="bbox 542 947 1700 1030; baseline -0.001 -22"><span class='ocrx_word' id='word_1_24' title='bbox 542 949 619 1009; x_wconf 94' lang='lat' dir='ltr'>ltem</span> <span class='ocrx_word' id='word_1_25' title='bbox 646 969 773 1010; x_wconf 90' lang='lat' dir='ltr'>causam</span> <span class='ocrx_word' id='word_1_26' title='bbox 800 949 880 1010; x_wconf 90' lang='lat' dir='ltr'>inter</span> <span class='ocrx_word' id='word_1_27' title='bbox 905 948 1093 1010; x_wconf 87' lang='lat' dir='ltr'>Thomasko</span> <span class='ocrx_word' id='word_1_28' title='bbox 1116 963 1271 1010; x_wconf 84' lang='lat' dir='ltr'>sartorem</span> <span class='ocrx_word' id='word_1_29' title='bbox 1288 963 1318 1008; x_wconf 92' lang='lat' dir='ltr'>et</span> <span class='ocrx_word' id='word_1_30' title='bbox 1335 947 1528 1030; x_wconf 84' lang='lat' dir='ltr'>Dyonisium</span> <span class='ocrx_word' id='word_1_31' title='bbox 1553 949 1700 1009; x_wconf 92' lang='lat' dir='ltr'>similiter</span> 
     </span>
     <span class='ocr_line' id='line_1_5' title="bbox 435 1055 1699 1136; baseline 0.001 -23"><span class='ocrx_word' id='word_1_32' title='bbox 435 1069 599 1134; x_wconf 82' lang='lat' dir='ltr'>sartorem,</span> <span class='ocrx_word' id='word_1_33' title='bbox 624 1057 783 1116; x_wconf 86' lang='lat' dir='ltr'>seniorem</span> <span class='ocrx_word' id='word_1_34' title='bbox 809 1055 958 1134; x_wconf 88' lang='lat' dir='ltr'>juratum,</span> <span class='ocrx_word' id='word_1_35' title='bbox 985 1076 1042 1134; x_wconf 92' lang='lat' dir='ltr'>pro</span> <span class='ocrx_word' id='word_1_36' title='bbox 1067 1055 1209 1136; x_wconf 89' lang='lat' dir='ltr'>dampno</span> <span class='ocrx_word' id='word_1_37' title='bbox 1238 1055 1349 1116; x_wconf 85' lang='lat' dir='ltr'>decem</span> <span class='ocrx_word' id='word_1_38' title='bbox 1375 1069 1406 1116; x_wconf 86' lang='lat' dir='ltr'>et</span> <span class='ocrx_word' id='word_1_39' title='bbox 1429 1069 1502 1116; x_wconf 93' lang='lat' dir='ltr'>octo</span> <span class='ocrx_word' id='word_1_40' title='bbox 1527 1055 1596 1116; x_wconf 90' lang='lat' dir='ltr'>flor.</span> <span class='ocrx_word' id='word_1_41' title='bbox 1621 1055 1699 1130; x_wconf 90' lang='lat' dir='ltr'>auri,</span> 
     </span>
     <span class='ocr_line' id='line_1_6' title="bbox 436 1153 1698 1243; baseline -0.001 -23"><span class='ocrx_word' id='word_1_42' title='bbox 436 1161 525 1240; x_wconf 93' lang='lat' dir='ltr'>quod</span> <span class='ocrx_word' id='word_1_43' title='bbox 550 1161 608 1221; x_wconf 90' lang='lat' dir='ltr'>sibi</span> <span class='ocrx_word' id='word_1_44' title='bbox 635 1161 761 1222; x_wconf 87' lang='lat' dir='ltr'>dicebat</span> <span class='ocrx_word' id='word_1_45' title='bbox 786 1161 942 1222; x_wconf 92' lang='lat' dir='ltr'>intullisse</span> <span class='ocrx_word' id='word_1_46' title='bbox 971 1181 1028 1242; x_wconf 92' lang='lat' dir='ltr'>per</span> <span class='ocrx_word' id='word_1_47' title='bbox 1060 1161 1199 1222; x_wconf 90' lang='lat' dir='ltr'>eundem</span> <span class='ocrx_word' id='word_1_48' title='bbox 1225 1160 1416 1243; x_wconf 86' lang='lat' dir='ltr'>Dyonisium</span> <span class='ocrx_word' id='word_1_49' title='bbox 1442 1174 1595 1221; x_wconf 83' lang='lat' dir='ltr'>sartorem</span> <span class='ocrx_word' id='word_1_50' title='bbox 1621 1153 1698 1220; x_wconf 81' lang='lat' dir='ltr'>tcm-</span> 
     </span>
     <span class='ocr_line' id='line_1_7' title="bbox 435 1266 1699 1349; baseline -0.001 -23"><span class='ocrx_word' id='word_1_51' title='bbox 435 1286 513 1347; x_wconf 92' lang='lat' dir='ltr'>pore</span> <span class='ocrx_word' id='word_1_52' title='bbox 538 1266 696 1346; x_wconf 79' lang='lat' dir='ltr'>judicatus</span> <span class='ocrx_word' id='word_1_53' title='bbox 720 1266 832 1349; x_wconf 88' lang='lat' dir='ltr'>prelati</span> <span class='ocrx_word' id='word_1_54' title='bbox 865 1267 1001 1328; x_wconf 88' lang='lat' dir='ltr'>condam</span> <span class='ocrx_word' id='word_1_55' title='bbox 1035 1268 1164 1328; x_wconf 84' lang='lat' dir='ltr'>Andree</span> <span class='ocrx_word' id='word_1_56' title='bbox 1190 1266 1396 1349; x_wconf 70' lang='lat' dir='ltr'>Symwnych,</span> <span class='ocrx_word' id='word_1_57' title='bbox 1430 1281 1556 1327; x_wconf 89' lang='lat' dir='ltr'>etcum</span> <span class='ocrx_word' id='word_1_58' title='bbox 1583 1267 1699 1327; x_wconf 86' lang='lat' dir='ltr'>eodem</span> 
     </span>
     <span class='ocr_line' id='line_1_8' title="bbox 436 1374 1697 1455; baseline -0.001 -22"><span class='ocrx_word' id='word_1_59' title='bbox 436 1374 564 1434; x_wconf 84' lang='lat' dir='ltr'>Andrca</span> <span class='ocrx_word' id='word_1_60' title='bbox 595 1375 701 1454; x_wconf 89' lang='lat' dir='ltr'>judice</span> <span class='ocrx_word' id='word_1_61' title='bbox 726 1389 797 1455; x_wconf 93' lang='lat' dir='ltr'>post</span> <span class='ocrx_word' id='word_1_62' title='bbox 829 1374 1035 1435; x_wconf 83' lang='lat' dir='ltr'>concordiam</span> <span class='ocrx_word' id='word_1_63' title='bbox 1068 1375 1148 1434; x_wconf 92' lang='lat' dir='ltr'>inter</span> <span class='ocrx_word' id='word_1_64' title='bbox 1184 1375 1286 1454; x_wconf 87' lang='lat' dir='ltr'>ipsum</span> <span class='ocrx_word' id='word_1_65' title='bbox 1320 1374 1513 1454; x_wconf 89' lang='lat' dir='ltr'>Dyonisium</span> <span class='ocrx_word' id='word_1_66' title='bbox 1545 1388 1697 1433; x_wconf 86' lang='lat' dir='ltr'>sartorem</span> 
     </span>
     <span class='ocr_line' id='line_1_9' title="bbox 437 1479 1695 1562; baseline -0.002 -22"><span class='ocrx_word' id='word_1_67' title='bbox 437 1501 508 1540; x_wconf 91' lang='lat' dir='ltr'>cum</span> <span class='ocrx_word' id='word_1_68' title='bbox 535 1481 604 1562; x_wconf 91' lang='lat' dir='ltr'>ipso</span> <span class='ocrx_word' id='word_1_69' title='bbox 629 1481 817 1542; x_wconf 89' lang='lat' dir='ltr'>Thomasko</span> <span class='ocrx_word' id='word_1_70' title='bbox 850 1479 974 1560; x_wconf 87' lang='lat' dir='ltr'>factam,</span> <span class='ocrx_word' id='word_1_71' title='bbox 1007 1495 1102 1562; x_wconf 92' lang='lat' dir='ltr'>prout</span> <span class='ocrx_word' id='word_1_72' title='bbox 1125 1481 1185 1541; x_wconf 92' lang='lat' dir='ltr'>hoc</span> <span class='ocrx_word' id='word_1_73' title='bbox 1215 1480 1246 1540; x_wconf 89' lang='lat' dir='ltr'>in</span> <span class='ocrx_word' id='word_1_74' title='bbox 1279 1479 1430 1540; x_wconf 90' lang='lat' dir='ltr'>catherno</span> <span class='ocrx_word' id='word_1_75' title='bbox 1454 1495 1563 1540; x_wconf 91' lang='lat' dir='ltr'>nostro</span> <span class='ocrx_word' id='word_1_76' title='bbox 1588 1499 1695 1559; x_wconf 91' lang='lat' dir='ltr'>supra-</span> 
     </span>
     <span class='ocr_line' id='line_1_10' title="bbox 436 1585 1696 1668; baseline -0.001 -23"><span class='ocrx_word' id='word_1_77' title='bbox 436 1586 522 1647; x_wconf 91' lang='lat' dir='ltr'>dicto</span> <span class='ocrx_word' id='word_1_78' title='bbox 547 1587 651 1648; x_wconf 80' lang='lat' dir='ltr'>existit</span> <span class='ocrx_word' id='word_1_79' title='bbox 679 1587 906 1668; x_wconf 88' lang='lat' dir='ltr'>conscriptum,</span> <span class='ocrx_word' id='word_1_80' title='bbox 931 1587 1023 1667; x_wconf 90' lang='lat' dir='ltr'>jurati</span> <span class='ocrx_word' id='word_1_81' title='bbox 1053 1586 1288 1666; x_wconf 79' lang='lat' dir='ltr'>adjudicarunt,</span> <span class='ocrx_word' id='word_1_82' title='bbox 1317 1585 1405 1667; x_wconf 89' lang='lat' dir='ltr'>quod</span> <span class='ocrx_word' id='word_1_83' title='bbox 1430 1587 1495 1668; x_wconf 91' lang='lat' dir='ltr'>ipse</span> <span class='ocrx_word' id='word_1_84' title='bbox 1523 1585 1696 1667; x_wconf 84' lang='lat' dir='ltr'>Dyonisius</span> 
     </span>
     <span class='ocr_line' id='line_1_11' title="bbox 436 1692 1694 1774; baseline -0.001 -22"><span class='ocrx_word' id='word_1_85' title='bbox 436 1707 538 1753; x_wconf 89' lang='lat' dir='ltr'>sartor</span> <span class='ocrx_word' id='word_1_86' title='bbox 563 1695 602 1754; x_wconf 92' lang='lat' dir='ltr'>ad</span> <span class='ocrx_word' id='word_1_87' title='bbox 628 1693 739 1754; x_wconf 87' lang='lat' dir='ltr'>leriam</span> <span class='ocrx_word' id='word_1_88' title='bbox 766 1709 885 1754; x_wconf 91' lang='lat' dir='ltr'>sextam</span> <span class='ocrx_word' id='word_1_89' title='bbox 911 1695 1089 1774; x_wconf 83' lang='lat' dir='ltr'>proximam</span> <span class='ocrx_word' id='word_1_90' title='bbox 1115 1693 1219 1772; x_wconf 80' lang='lat' dir='ltr'>jurare</span> <span class='ocrx_word' id='word_1_91' title='bbox 1245 1693 1275 1752; x_wconf 92' lang='lat' dir='ltr'>in</span> <span class='ocrx_word' id='word_1_92' title='bbox 1301 1712 1354 1752; x_wconf 90' lang='lat' dir='ltr'>ara</span> <span class='ocrx_word' id='word_1_93' title='bbox 1378 1705 1484 1754; x_wconf 91' lang='lat' dir='ltr'>sancte</span> <span class='ocrx_word' id='word_1_94' title='bbox 1510 1692 1623 1753; x_wconf 82' lang='lat' dir='ltr'>Crucis</span> <span class='ocrx_word' id='word_1_95' title='bbox 1647 1711 1694 1752; x_wconf 93' lang='lat' dir='ltr'>so-</span> 
     </span>
     <span class='ocr_line' id='line_1_12' title="bbox 438 1799 1698 1880; baseline -0.002 -21"><span class='ocrx_word' id='word_1_96' title='bbox 438 1799 553 1861; x_wconf 91' lang='lat' dir='ltr'>lusmet</span> <span class='ocrx_word' id='word_1_97' title='bbox 578 1799 681 1880; x_wconf 85' lang='lat' dir='ltr'>jurare</span> <span class='ocrx_word' id='word_1_98' title='bbox 704 1802 875 1878; x_wconf 86' lang='lat' dir='ltr'>tenebitur,</span> <span class='ocrx_word' id='word_1_99' title='bbox 901 1800 988 1880; x_wconf 93' lang='lat' dir='ltr'>quod</span> <span class='ocrx_word' id='word_1_100' title='bbox 1019 1801 1085 1880; x_wconf 92' lang='lat' dir='ltr'>ipse</span> <span class='ocrx_word' id='word_1_101' title='bbox 1111 1813 1181 1880; x_wconf 92' lang='lat' dir='ltr'>post</span> <span class='ocrx_word' id='word_1_102' title='bbox 1207 1799 1308 1880; x_wconf 85' lang='lat' dir='ltr'>ipsam</span> <span class='ocrx_word' id='word_1_103' title='bbox 1334 1799 1469 1879; x_wconf 84' lang='lat' dir='ltr'>primam</span> <span class='ocrx_word' id='word_1_104' title='bbox 1495 1799 1698 1860; x_wconf 90' lang='lat' dir='ltr'>concordiam</span> 
     </span>
     <span class='ocr_line' id='line_1_13' title="bbox 437 1905 1697 1988; baseline 0 -24"><span class='ocrx_word' id='word_1_105' title='bbox 437 1905 518 1965; x_wconf 92' lang='lat' dir='ltr'>inter</span> <span class='ocrx_word' id='word_1_106' title='bbox 544 1907 629 1988; x_wconf 93' lang='lat' dir='ltr'>ipsos</span> <span class='ocrx_word' id='word_1_107' title='bbox 654 1906 769 1968; x_wconf 84' lang='lat' dir='ltr'>factam</span> <span class='ocrx_word' id='word_1_108' title='bbox 794 1907 919 1968; x_wconf 92' lang='lat' dir='ltr'>nullum</span> <span class='ocrx_word' id='word_1_109' title='bbox 941 1907 1118 1986; x_wconf 90' lang='lat' dir='ltr'>dampnum</span> <span class='ocrx_word' id='word_1_110' title='bbox 1137 1906 1306 1985; x_wconf 71' lang='lat' dir='ltr'>irrogavit,</span> <span class='ocrx_word' id='word_1_111' title='bbox 1332 1921 1362 1966; x_wconf 90' lang='lat' dir='ltr'>et</span> <span class='ocrx_word' id='word_1_112' title='bbox 1389 1905 1466 1966; x_wconf 91' lang='lat' dir='ltr'>dum</span> <span class='ocrx_word' id='word_1_113' title='bbox 1484 1906 1587 1966; x_wconf 89' lang='lat' dir='ltr'>dictus</span> <span class='ocrx_word' id='word_1_114' title='bbox 1613 1905 1697 1986; x_wconf 82' lang='lat' dir='ltr'>Dyn-</span> 
     </span>
     <span class='ocr_line' id='line_1_14' title="bbox 437 2010 1698 2094; baseline 0 -23"><span class='ocrx_word' id='word_1_115' title='bbox 437 2011 537 2073; x_wconf 92' lang='lat' dir='ltr'>nisius</span> <span class='ocrx_word' id='word_1_116' title='bbox 562 2012 689 2090; x_wconf 88' lang='lat' dir='ltr'>jurabit,</span> <span class='ocrx_word' id='word_1_117' title='bbox 721 2015 788 2094; x_wconf 90' lang='lat' dir='ltr'>ipse</span> <span class='ocrx_word' id='word_1_118' title='bbox 814 2013 1003 2073; x_wconf 88' lang='lat' dir='ltr'>Thomasko</span> <span class='ocrx_word' id='word_1_119' title='bbox 1033 2012 1242 2072; x_wconf 87' lang='lat' dir='ltr'>convincetur</span> <span class='ocrx_word' id='word_1_120' title='bbox 1277 2013 1307 2072; x_wconf 97' lang='lat' dir='ltr'>in</span> <span class='ocrx_word' id='word_1_121' title='bbox 1336 2010 1418 2073; x_wconf 85' lang='lat' dir='ltr'>facto</span> <span class='ocrx_word' id='word_1_122' title='bbox 1443 2012 1644 2092; x_wconf 90' lang='lat' dir='ltr'>calumpnie;</span> <span class='ocrx_word' id='word_1_123' title='bbox 1670 2011 1698 2071; x_wconf 92' lang='lat' dir='ltr'>in</span> 
     </span>
     <span class='ocr_line' id='line_1_15' title="bbox 436 2117 1700 2200; baseline -0.001 -22"><span class='ocrx_word' id='word_1_124' title='bbox 436 2119 500 2178; x_wconf 92' lang='lat' dir='ltr'>alio</span> <span class='ocrx_word' id='word_1_125' title='bbox 526 2118 620 2196; x_wconf 87' lang='lat' dir='ltr'>lacto,</span> <span class='ocrx_word' id='word_1_126' title='bbox 654 2121 712 2200; x_wconf 92' lang='lat' dir='ltr'>ipsi</span> <span class='ocrx_word' id='word_1_127' title='bbox 746 2119 840 2198; x_wconf 76' lang='lat' dir='ltr'>iurati</span> <span class='ocrx_word' id='word_1_128' title='bbox 874 2119 949 2199; x_wconf 90' lang='lat' dir='ltr'>quia</span> <span class='ocrx_word' id='word_1_129' title='bbox 974 2119 1040 2199; x_wconf 93' lang='lat' dir='ltr'>ipsa</span> <span class='ocrx_word' id='word_1_130' title='bbox 1075 2137 1153 2178; x_wconf 88' lang='lat' dir='ltr'>uxor</span> <span class='ocrx_word' id='word_1_131' title='bbox 1181 2117 1370 2179; x_wconf 82' lang='lat' dir='ltr'>Thomaslro</span> <span class='ocrx_word' id='word_1_132' title='bbox 1403 2117 1619 2198; x_wconf 84' lang='lat' dir='ltr'>juramentum</span> <span class='ocrx_word' id='word_1_133' title='bbox 1645 2137 1700 2199; x_wconf 92' lang='lat' dir='ltr'>pro</span> 
     </span>
     <span class='ocr_line' id='line_1_16' title="bbox 436 2225 1701 2306; baseline -0.001 -22"><span class='ocrx_word' id='word_1_134' title='bbox 436 2225 585 2306; x_wconf 86' lang='lat' dir='ltr'>dampnis</span> <span class='ocrx_word' id='word_1_135' title='bbox 616 2225 675 2285; x_wconf 92' lang='lat' dir='ltr'>sibi</span> <span class='ocrx_word' id='word_1_136' title='bbox 699 2245 755 2306; x_wconf 86' lang='lat' dir='ltr'>per</span> <span class='ocrx_word' id='word_1_137' title='bbox 787 2240 966 2286; x_wconf 85' lang='lat' dir='ltr'>exactorem</span> <span class='ocrx_word' id='word_1_138' title='bbox 998 2225 1255 2284; x_wconf 90' lang='lat' dir='ltr'>mardurinarum</span> <span class='ocrx_word' id='word_1_139' title='bbox 1290 2225 1321 2284; x_wconf 92' lang='lat' dir='ltr'>in</span> <span class='ocrx_word' id='word_1_140' title='bbox 1354 2226 1449 2285; x_wconf 91' lang='lat' dir='ltr'>rebus</span> <span class='ocrx_word' id='word_1_141' title='bbox 1482 2240 1512 2285; x_wconf 93' lang='lat' dir='ltr'>et</span> <span class='ocrx_word' id='word_1_142' title='bbox 1545 2225 1701 2284; x_wconf 90' lang='lat' dir='ltr'>clenodiis</span> 
     </span>
     <span class='ocr_line' id='line_1_17' title="bbox 436 2329 1698 2414; baseline -0.001 -23"><span class='ocrx_word' id='word_1_143' title='bbox 436 2331 496 2392; x_wconf 90' lang='lat' dir='ltr'>sibi</span> <span class='ocrx_word' id='word_1_144' title='bbox 524 2329 623 2414; x_wconf 82' lang='lat' dir='ltr'>factis,</span> <span class='ocrx_word' id='word_1_145' title='bbox 642 2351 704 2412; x_wconf 91' lang='lat' dir='ltr'>que</span> <span class='ocrx_word' id='word_1_146' title='bbox 723 2331 862 2412; x_wconf 89' lang='lat' dir='ltr'>dampna</span> <span class='ocrx_word' id='word_1_147' title='bbox 881 2331 946 2412; x_wconf 91' lang='lat' dir='ltr'>ipse</span> <span class='ocrx_word' id='word_1_148' title='bbox 965 2331 1099 2391; x_wconf 92' lang='lat' dir='ltr'>condam</span> <span class='ocrx_word' id='word_1_149' title='bbox 1118 2332 1261 2390; x_wconf 78' lang='lat' dir='ltr'>Andreas</span> <span class='ocrx_word' id='word_1_150' title='bbox 1279 2330 1373 2410; x_wconf 79' lang='lat' dir='ltr'>judex</span> <span class='ocrx_word' id='word_1_151' title='bbox 1390 2351 1485 2412; x_wconf 90' lang='lat' dir='ltr'>super</span> <span class='ocrx_word' id='word_1_152' title='bbox 1502 2351 1534 2391; x_wconf 91' lang='lat' dir='ltr'>se</span> <span class='ocrx_word' id='word_1_153' title='bbox 1560 2350 1698 2410; x_wconf 90' lang='lat' dir='ltr'>assump-</span> 
     </span>
     <span class='ocr_line' id='line_1_18' title="bbox 436 2436 1699 2518; baseline -0.001 -21"><span class='ocrx_word' id='word_1_154' title='bbox 436 2451 518 2498; x_wconf 88' lang='lat' dir='ltr'>serat</span> <span class='ocrx_word' id='word_1_155' title='bbox 542 2438 601 2498; x_wconf 92' lang='lat' dir='ltr'>sibi</span> <span class='ocrx_word' id='word_1_156' title='bbox 627 2437 763 2516; x_wconf 84' lang='lat' dir='ltr'>solvere,</span> <span class='ocrx_word' id='word_1_157' title='bbox 801 2437 826 2496; x_wconf 91' lang='lat' dir='ltr'>si</span> <span class='ocrx_word' id='word_1_158' title='bbox 853 2436 985 2516; x_wconf 87' lang='lat' dir='ltr'>jurasset</span> <span class='ocrx_word' id='word_1_159' title='bbox 1010 2457 1088 2498; x_wconf 93' lang='lat' dir='ltr'>uxor</span> <span class='ocrx_word' id='word_1_160' title='bbox 1113 2457 1168 2497; x_wconf 90' lang='lat' dir='ltr'>sua</span> <span class='ocrx_word' id='word_1_161' title='bbox 1193 2452 1223 2497; x_wconf 88' lang='lat' dir='ltr'>et</span> <span class='ocrx_word' id='word_1_162' title='bbox 1247 2437 1462 2516; x_wconf 85' lang='lat' dir='ltr'>juramentum</span> <span class='ocrx_word' id='word_1_163' title='bbox 1488 2437 1699 2518; x_wconf 87' lang='lat' dir='ltr'>deposuisset,</span> 
     </span>
     <span class='ocr_line' id='line_1_19' title="bbox 437 2543 1697 2625; baseline -0.003 -21"><span class='ocrx_word' id='word_1_164' title='bbox 437 2558 468 2604; x_wconf 93' lang='lat' dir='ltr'>et</span> <span class='ocrx_word' id='word_1_165' title='bbox 492 2544 568 2625; x_wconf 92' lang='lat' dir='ltr'>quia</span> <span class='ocrx_word' id='word_1_166' title='bbox 593 2543 659 2624; x_wconf 89' lang='lat' dir='ltr'>ipsa</span> <span class='ocrx_word' id='word_1_167' title='bbox 685 2563 749 2604; x_wconf 92' lang='lat' dir='ltr'>non</span> <span class='ocrx_word' id='word_1_168' title='bbox 782 2543 907 2624; x_wconf 83' lang='lat' dir='ltr'>juravit,</span> <span class='ocrx_word' id='word_1_169' title='bbox 940 2563 1016 2623; x_wconf 87' lang='lat' dir='ltr'>ergo</span> <span class='ocrx_word' id='word_1_170' title='bbox 1049 2545 1115 2624; x_wconf 92' lang='lat' dir='ltr'>ipse</span> <span class='ocrx_word' id='word_1_171' title='bbox 1141 2543 1329 2604; x_wconf 81' lang='lat' dir='ltr'>Thomaslro</span> <span class='ocrx_word' id='word_1_172' title='bbox 1363 2545 1393 2604; x_wconf 96' lang='lat' dir='ltr'>in</span> <span class='ocrx_word' id='word_1_173' title='bbox 1427 2544 1518 2604; x_wconf 92' lang='lat' dir='ltr'>nullo</span> <span class='ocrx_word' id='word_1_174' title='bbox 1552 2543 1697 2625; x_wconf 90' lang='lat' dir='ltr'>impediri</span> 
     </span>
     <span class='ocr_line' id='line_1_20' title="bbox 436 2649 1699 2730; baseline -0.002 -20"><span class='ocrx_word' id='word_1_175' title='bbox 436 2650 587 2726; x_wconf 76' lang='lat' dir='ltr'>deberet,</span> <span class='ocrx_word' id='word_1_176' title='bbox 612 2649 651 2710; x_wconf 92' lang='lat' dir='ltr'>de</span> <span class='ocrx_word' id='word_1_177' title='bbox 677 2669 742 2730; x_wconf 92' lang='lat' dir='ltr'>quo</span> <span class='ocrx_word' id='word_1_178' title='bbox 767 2649 888 2728; x_wconf 89' lang='lat' dir='ltr'>judicio</span> <span class='ocrx_word' id='word_1_179' title='bbox 913 2649 1089 2730; x_wconf 87' lang='lat' dir='ltr'>juratorum</span> <span class='ocrx_word' id='word_1_180' title='bbox 1125 2650 1192 2729; x_wconf 90' lang='lat' dir='ltr'>ipse</span> <span class='ocrx_word' id='word_1_181' title='bbox 1218 2649 1406 2711; x_wconf 88' lang='lat' dir='ltr'>Thomasko</span> <span class='ocrx_word' id='word_1_182' title='bbox 1432 2670 1495 2711; x_wconf 89' lang='lat' dir='ltr'>non</span> <span class='ocrx_word' id='word_1_183' title='bbox 1523 2664 1699 2724; x_wconf 87' lang='lat' dir='ltr'>contentus,</span> 
     </span>
     <span class='ocr_line' id='line_1_21' title="bbox 437 2756 1309 2838; baseline 0.001 -22"><span class='ocrx_word' id='word_1_184' title='bbox 437 2757 572 2816; x_wconf 89' lang='lat' dir='ltr'>eandem</span> <span class='ocrx_word' id='word_1_185' title='bbox 598 2775 726 2816; x_wconf 91' lang='lat' dir='ltr'>causam</span> <span class='ocrx_word' id='word_1_186' title='bbox 751 2756 926 2837; x_wconf 89' lang='lat' dir='ltr'>appellavit</span> <span class='ocrx_word' id='word_1_187' title='bbox 950 2757 990 2816; x_wconf 92' lang='lat' dir='ltr'>ad</span> <span class='ocrx_word' id='word_1_188' title='bbox 1015 2757 1156 2816; x_wconf 83' lang='lat' dir='ltr'>seniores</span> <span class='ocrx_word' id='word_1_189' title='bbox 1179 2757 1309 2838; x_wconf 89' lang='lat' dir='ltr'>judices.</span> 
     </span>
    </p>

    <p class='ocr_par' dir='ltr' id='par_1_3' title="bbox 436 2861 1697 3050">
     <span class='ocr_line' id='line_1_22' title="bbox 544 2861 1697 2942; baseline -0.001 -19"><span class='ocrx_word' id='word_1_190' title='bbox 544 2863 620 2923; x_wconf 90' lang='lat' dir='ltr'>Item</span> <span class='ocrx_word' id='word_1_191' title='bbox 646 2863 721 2942; x_wconf 89' lang='lat' dir='ltr'>quia</span> <span class='ocrx_word' id='word_1_192' title='bbox 739 2863 884 2923; x_wconf 86' lang='lat' dir='ltr'>Thomas</span> <span class='ocrx_word' id='word_1_193' title='bbox 909 2865 1068 2936; x_wconf 72' lang='lat' dir='ltr'>barbatus</span> <span class='ocrx_word' id='word_1_194' title='bbox 1093 2875 1204 2939; x_wconf 85' lang='lat' dir='ltr'>sartor,</span> <span class='ocrx_word' id='word_1_195' title='bbox 1224 2876 1333 2922; x_wconf 91' lang='lat' dir='ltr'>contra</span> <span class='ocrx_word' id='word_1_196' title='bbox 1357 2861 1557 2923; x_wconf 78' lang='lat' dir='ltr'>Anthonium</span> <span class='ocrx_word' id='word_1_197' title='bbox 1577 2861 1697 2922; x_wconf 84' lang='lat' dir='ltr'>fabrum</span> 
     </span>
     <span class='ocr_line' id='line_1_23' title="bbox 436 2969 1131 3050; baseline 0.003 -22"><span class='ocrx_word' id='word_1_198' title='bbox 436 2969 541 3050; x_wconf 91' lang='lat' dir='ltr'>primo</span> <span class='ocrx_word' id='word_1_199' title='bbox 567 2969 680 3030; x_wconf 90' lang='lat' dir='ltr'>citatus</span> <span class='ocrx_word' id='word_1_200' title='bbox 705 2969 736 3029; x_wconf 92' lang='lat' dir='ltr'>in</span> <span class='ocrx_word' id='word_1_201' title='bbox 764 2969 919 3050; x_wconf 78' lang='lat' dir='ltr'>judicium</span> <span class='ocrx_word' id='word_1_202' title='bbox 946 2987 1009 3028; x_wconf 94' lang='lat' dir='ltr'>non</span> <span class='ocrx_word' id='word_1_203' title='bbox 1035 2969 1131 3030; x_wconf 91' lang='lat' dir='ltr'>venit.</span> 
     </span>
    </p>

    <p class='ocr_par' dir='ltr' id='par_1_4' title="bbox 437 3072 1694 3368">
     <span class='ocr_line' id='line_1_24' title="bbox 547 3072 1694 3155; baseline -0.003 -20"><span class='ocrx_word' id='word_1_204' title='bbox 547 3074 623 3135; x_wconf 90' lang='lat' dir='ltr'>ltem</span> <span class='ocrx_word' id='word_1_205' title='bbox 662 3075 736 3155; x_wconf 90' lang='lat' dir='ltr'>quia</span> <span class='ocrx_word' id='word_1_206' title='bbox 770 3075 950 3153; x_wconf 88' lang='lat' dir='ltr'>Stephanus</span> <span class='ocrx_word' id='word_1_207' title='bbox 981 3095 1143 3135; x_wconf 88' lang='lat' dir='ltr'>successor</span> <span class='ocrx_word' id='word_1_208' title='bbox 1175 3075 1311 3135; x_wconf 90' lang='lat' dir='ltr'>condam</span> <span class='ocrx_word' id='word_1_209' title='bbox 1341 3075 1502 3136; x_wconf 88' lang='lat' dir='ltr'>Valentini</span> <span class='ocrx_word' id='word_1_210' title='bbox 1541 3072 1694 3155; x_wconf 81' lang='lat' dir='ltr'>Regutaui</span> 
     </span>
     <span class='ocr_line' id='line_1_25' title="bbox 437 3181 1694 3262; baseline -0.002 -22"><span class='ocrx_word' id='word_1_211' title='bbox 437 3195 546 3241; x_wconf 91' lang='lat' dir='ltr'>contra</span> <span class='ocrx_word' id='word_1_212' title='bbox 573 3181 780 3242; x_wconf 87' lang='lat' dir='ltr'>Valentinum</span> <span class='ocrx_word' id='word_1_213' title='bbox 813 3182 976 3262; x_wconf 84' lang='lat' dir='ltr'>Pongracz</span> <span class='ocrx_word' id='word_1_214' title='bbox 1008 3182 1167 3242; x_wconf 92' lang='lat' dir='ltr'>seniorem</span> <span class='ocrx_word' id='word_1_215' title='bbox 1193 3181 1332 3260; x_wconf 86' lang='lat' dir='ltr'>juratum</span> <span class='ocrx_word' id='word_1_216' title='bbox 1365 3183 1468 3262; x_wconf 92' lang='lat' dir='ltr'>primo</span> <span class='ocrx_word' id='word_1_217' title='bbox 1500 3182 1613 3242; x_wconf 90' lang='lat' dir='ltr'>citatus</span> <span class='ocrx_word' id='word_1_218' title='bbox 1637 3199 1694 3239; x_wconf 94' lang='lat' dir='ltr'>non</span> 
     </span>
     <span class='ocr_line' id='line_1_26' title="bbox 438 3287 1082 3368; baseline 0.006 -22"><span class='ocrx_word' id='word_1_219' title='bbox 438 3287 618 3368; x_wconf 91' lang='lat' dir='ltr'>comparuit</span> <span class='ocrx_word' id='word_1_220' title='bbox 643 3287 674 3346; x_wconf 93' lang='lat' dir='ltr'>in</span> <span class='ocrx_word' id='word_1_221' title='bbox 700 3287 821 3367; x_wconf 88' lang='lat' dir='ltr'>judicio</span> <span class='ocrx_word' id='word_1_222' title='bbox 846 3307 953 3348; x_wconf 90' lang='lat' dir='ltr'>coram</span> <span class='ocrx_word' id='word_1_223' title='bbox 979 3288 1082 3350; x_wconf 93' lang='lat' dir='ltr'>nobis.</span> 
     </span>
    </p>

    <p class='ocr_par' dir='ltr' id='par_1_5' title="bbox 438 3393 1695 3582">
     <span class='ocr_line' id='line_1_27' title="bbox 543 3393 1694 3476; baseline -0.001 -23"><span class='ocrx_word' id='word_1_224' title='bbox 543 3393 621 3454; x_wconf 89' lang='lat' dir='ltr'>Item</span> <span class='ocrx_word' id='word_1_225' title='bbox 647 3395 722 3474; x_wconf 88' lang='lat' dir='ltr'>quia</span> <span class='ocrx_word' id='word_1_226' title='bbox 748 3393 890 3475; x_wconf 84' lang='lat' dir='ltr'>Gywrlro</span> <span class='ocrx_word' id='word_1_227' title='bbox 921 3413 1084 3454; x_wconf 84' lang='lat' dir='ltr'>successor</span> <span class='ocrx_word' id='word_1_228' title='bbox 1108 3393 1292 3476; x_wconf 82' lang='lat' dir='ltr'>Wenthych</span> <span class='ocrx_word' id='word_1_229' title='bbox 1325 3395 1430 3475; x_wconf 91' lang='lat' dir='ltr'>primo</span> <span class='ocrx_word' id='word_1_230' title='bbox 1456 3394 1570 3454; x_wconf 90' lang='lat' dir='ltr'>citatus</span> <span class='ocrx_word' id='word_1_231' title='bbox 1595 3409 1694 3453; x_wconf 90' lang='lat' dir='ltr'>contra</span> 
     </span>
     <span class='ocr_line' id='line_1_28' title="bbox 438 3498 1695 3582; baseline 0 -25"><span class='ocrx_word' id='word_1_232' title='bbox 438 3499 601 3560; x_wconf 88' lang='lat' dir='ltr'>Vrbanum</span> <span class='ocrx_word' id='word_1_233' title='bbox 619 3519 775 3580; x_wconf 88' lang='lat' dir='ltr'>generum</span> <span class='ocrx_word' id='word_1_234' title='bbox 793 3498 977 3582; x_wconf 88' lang='lat' dir='ltr'>Wenthycb</span> <span class='ocrx_word' id='word_1_235' title='bbox 996 3501 1027 3560; x_wconf 93' lang='lat' dir='ltr'>in</span> <span class='ocrx_word' id='word_1_236' title='bbox 1054 3499 1173 3579; x_wconf 83' lang='lat' dir='ltr'>judicio</span> <span class='ocrx_word' id='word_1_237' title='bbox 1192 3520 1256 3560; x_wconf 91' lang='lat' dir='ltr'>non</span> <span class='ocrx_word' id='word_1_238' title='bbox 1274 3504 1454 3582; x_wconf 89' lang='lat' dir='ltr'>comparuit</span> <span class='ocrx_word' id='word_1_239' title='bbox 1472 3521 1580 3561; x_wconf 92' lang='lat' dir='ltr'>coram</span> <span class='ocrx_word' id='word_1_240' title='bbox 1600 3500 1695 3560; x_wconf 91' lang='lat' dir='ltr'>nobis.</span> 
     </span>
    </p>
   </div>
   <div class='ocr_carea' id='block_1_2' title="bbox 491 3720 1646 3934">
    <p class='ocr_par' dir='ltr' id='par_1_6' title="bbox 491 3720 1646 3934">
     <span class='ocr_line' id='line_1_29' title="bbox 491 3720 1646 3811; baseline 0.003 -23"><span class='ocrx_word' id='word_1_241' title='bbox 491 3721 635 3790; x_wconf 80' lang='lat' dir='ltr'>Sabbata</span> <span class='ocrx_word' id='word_1_242' title='bbox 666 3720 817 3808; x_wconf 85' lang='lat' dir='ltr'>proximo</span> <span class='ocrx_word' id='word_1_243' title='bbox 846 3733 923 3809; x_wconf 83' lang='lat' dir='ltr'>post</span> <span class='ocrx_word' id='word_1_244' title='bbox 951 3722 1074 3792; x_wconf 81' lang='lat' dir='ltr'>festum</span> <span class='ocrx_word' id='word_1_245' title='bbox 1104 3723 1193 3793; x_wconf 86' lang='lat' dir='ltr'>beati</span> <span class='ocrx_word' id='word_1_246' title='bbox 1222 3723 1316 3792; x_wconf 89' lang='lat' dir='ltr'>Pauli</span> <span class='ocrx_word' id='word_1_247' title='bbox 1346 3723 1443 3811; x_wconf 85' lang='lat' dir='ltr'>primi</span> <span class='ocrx_word' id='word_1_248' title='bbox 1474 3723 1646 3804; x_wconf 81' lang='lat' dir='ltr'>Heremite,</span> 
     </span>
     <span class='ocr_line' id='line_1_30' title="bbox 834 3849 1300 3934; baseline 0.004 -20"><span class='ocrx_word' id='word_1_249' title='bbox 834 3865 919 3916; x_wconf 87' lang='lat' dir='ltr'>anno</span> <span class='ocrx_word' id='word_1_250' title='bbox 949 3855 1011 3917; x_wconf 81' lang='lat' dir='ltr'>etc.</span> <span class='ocrx_word' id='word_1_251' title='bbox 1041 3849 1300 3934; x_wconf 84' lang='lat' dir='ltr'>septuagesimo.</span> 
     </span>
    </p>
   </div>
   <div class='ocr_carea' id='block_1_3' title="bbox 942 3999 1186 4078">
    <p class='ocr_par' dir='ltr' id='par_1_7' title="bbox 942 3999 1186 4078">
     <span class='ocr_line' id='line_1_31' title="bbox 942 3999 1186 4078; baseline 0.016 -24"><span class='ocrx_word' id='word_1_252' title='bbox 942 4002 1002 4075; x_wconf 73' lang='lat'><em>(13.</em></span> <span class='ocrx_word' id='word_1_253' title='bbox 1020 3999 1186 4078; x_wconf 71' lang='lat' dir='ltr'>januarii).</span> 
     </span>
    </p>
   </div>
   <div class='ocr_carea' id='block_1_4' title="bbox 437 4123 1695 5072">
    <p class='ocr_par' dir='ltr' id='par_1_8' title="bbox 437 4123 1695 5072">
     <span class='ocr_line' id='line_1_32' title="bbox 546 4123 1693 4218; baseline 0.002 -24"><span class='ocrx_word' id='word_1_254' title='bbox 546 4135 622 4196; x_wconf 92' lang='lat' dir='ltr'>ltem</span> <span class='ocrx_word' id='word_1_255' title='bbox 649 4156 706 4196; x_wconf 92' lang='lat' dir='ltr'>nos</span> <span class='ocrx_word' id='word_1_256' title='bbox 730 4139 870 4198; x_wconf 83' lang='lat' dir='ltr'>seniores</span> <span class='ocrx_word' id='word_1_257' title='bbox 895 4137 1017 4218; x_wconf 85' lang='lat' dir='ltr'>judices</span> <span class='ocrx_word' id='word_1_258' title='bbox 1049 4139 1131 4200; x_wconf 90' lang='lat' dir='ltr'>dicte</span> <span class='ocrx_word' id='word_1_259' title='bbox 1161 4123 1299 4201; x_wconf 77' lang='lat' dir='ltr'>civitatis¹</span> <span class='ocrx_word' id='word_1_260' title='bbox 1330 4140 1360 4199; x_wconf 96' lang='lat' dir='ltr'>in</span> <span class='ocrx_word' id='word_1_261' title='bbox 1386 4159 1479 4199; x_wconf 88' lang='lat' dir='ltr'>causa</span> <span class='ocrx_word' id='word_1_262' title='bbox 1506 4140 1587 4199; x_wconf 87' lang='lat' dir='ltr'>inter</span> <span class='ocrx_word' id='word_1_263' title='bbox 1611 4136 1693 4198; x_wconf 91' lang='lat' dir='ltr'>Tho·</span> 
     </span>
     <span class='ocr_line' id='line_1_33' title="bbox 439 4243 1694 4327; baseline 0.002 -28"><span class='ocrx_word' id='word_1_264' title='bbox 439 4243 550 4300; x_wconf 86' lang='lat' dir='ltr'>masko</span> <span class='ocrx_word' id='word_1_265' title='bbox 575 4257 739 4320; x_wconf 88' lang='lat' dir='ltr'>sartorem,</span> <span class='ocrx_word' id='word_1_266' title='bbox 766 4259 798 4303; x_wconf 93' lang='lat' dir='ltr'>ut</span> <span class='ocrx_word' id='word_1_267' title='bbox 816 4259 967 4321; x_wconf 90' lang='lat' dir='ltr'>actorem,</span> <span class='ocrx_word' id='word_1_268' title='bbox 993 4261 1023 4305; x_wconf 91' lang='lat' dir='ltr'>et</span> <span class='ocrx_word' id='word_1_269' title='bbox 1048 4245 1130 4306; x_wconf 87' lang='lat' dir='ltr'>inter</span> <span class='ocrx_word' id='word_1_270' title='bbox 1148 4246 1339 4327; x_wconf 81' lang='lat' dir='ltr'>Dyonisium</span> <span class='ocrx_word' id='word_1_271' title='bbox 1365 4246 1514 4306; x_wconf 91' lang='lat' dir='ltr'>similiter</span> <span class='ocrx_word' id='word_1_272' title='bbox 1538 4261 1694 4314; x_wconf 87' lang='lat' dir='ltr'>sartorem,</span> 
     </span>
     <span class='ocr_line' id='line_1_34' title="bbox 438 4348 1694 4433; baseline 0.002 -29"><span class='ocrx_word' id='word_1_273' title='bbox 438 4366 493 4425; x_wconf 91' lang='lat' dir='ltr'>per</span> <span class='ocrx_word' id='word_1_274' title='bbox 519 4348 656 4406; x_wconf 90' lang='lat' dir='ltr'>eundem</span> <span class='ocrx_word' id='word_1_275' title='bbox 683 4349 870 4410; x_wconf 84' lang='lat' dir='ltr'>Thomasko</span> <span class='ocrx_word' id='word_1_276' title='bbox 896 4371 912 4410; x_wconf 91' lang='lat' dir='ltr'>a</span> <span class='ocrx_word' id='word_1_277' title='bbox 938 4351 1047 4430; x_wconf 82' lang='lat' dir='ltr'>juratis</span> <span class='ocrx_word' id='word_1_278' title='bbox 1075 4351 1158 4412; x_wconf 90' lang='lat' dir='ltr'>dicte</span> <span class='ocrx_word' id='word_1_279' title='bbox 1183 4352 1319 4412; x_wconf 88' lang='lat' dir='ltr'>civitatis</span> <span class='ocrx_word' id='word_1_280' title='bbox 1351 4351 1389 4410; x_wconf 92' lang='lat' dir='ltr'>ad</span> <span class='ocrx_word' id='word_1_281' title='bbox 1415 4371 1474 4412; x_wconf 93' lang='lat' dir='ltr'>nos</span> <span class='ocrx_word' id='word_1_282' title='bbox 1499 4351 1694 4433; x_wconf 89' lang='lat' dir='ltr'>appellatam,</span> 
     </span>
     <span class='ocr_line' id='line_1_35' title="bbox 438 4453 1694 4540; baseline 0.001 -29"><span class='ocrx_word' id='word_1_283' title='bbox 438 4453 470 4511; x_wconf 94' lang='lat' dir='ltr'>in</span> <span class='ocrx_word' id='word_1_284' title='bbox 496 4454 635 4532; x_wconf 90' lang='lat' dir='ltr'>quadam</span> <span class='ocrx_word' id='word_1_285' title='bbox 660 4476 751 4516; x_wconf 90' lang='lat' dir='ltr'>causa</span> <span class='ocrx_word' id='word_1_286' title='bbox 778 4477 794 4517; x_wconf 92' lang='lat' dir='ltr'>a</span> <span class='ocrx_word' id='word_1_287' title='bbox 820 4458 979 4518; x_wconf 89' lang='lat' dir='ltr'>diuturnis</span> <span class='ocrx_word' id='word_1_288' title='bbox 1004 4459 1203 4540; x_wconf 89' lang='lat' dir='ltr'>temporibus</span> <span class='ocrx_word' id='word_1_289' title='bbox 1232 4459 1313 4518; x_wconf 92' lang='lat' dir='ltr'>inter</span> <span class='ocrx_word' id='word_1_290' title='bbox 1338 4457 1424 4538; x_wconf 90' lang='lat' dir='ltr'>ipsos</span> <span class='ocrx_word' id='word_1_291' title='bbox 1449 4473 1568 4518; x_wconf 89' lang='lat' dir='ltr'>motam</span> <span class='ocrx_word' id='word_1_292' title='bbox 1594 4470 1621 4516; x_wconf 91' lang='lat' dir='ltr'>et</span> <span class='ocrx_word' id='word_1_293' title='bbox 1640 4455 1694 4514; x_wconf 88' lang='lat' dir='ltr'>ha-</span> 
     </span>
     <span class='ocr_line' id='line_1_36' title="bbox 438 4559 1695 4645; baseline 0 -27"><span class='ocrx_word' id='word_1_294' title='bbox 438 4559 549 4636; x_wconf 85' lang='lat' dir='ltr'>bitam,</span> <span class='ocrx_word' id='word_1_295' title='bbox 576 4574 606 4621; x_wconf 94' lang='lat' dir='ltr'>et</span> <span class='ocrx_word' id='word_1_296' title='bbox 631 4562 705 4641; x_wconf 89' lang='lat' dir='ltr'>quia</span> <span class='ocrx_word' id='word_1_297' title='bbox 730 4563 797 4643; x_wconf 89' lang='lat' dir='ltr'>ipse</span> <span class='ocrx_word' id='word_1_298' title='bbox 823 4563 1012 4624; x_wconf 88' lang='lat' dir='ltr'>Thomasko</span> <span class='ocrx_word' id='word_1_299' title='bbox 1037 4565 1182 4645; x_wconf 89' lang='lat' dir='ltr'>perprius</span> <span class='ocrx_word' id='word_1_300' title='bbox 1201 4565 1231 4624; x_wconf 93' lang='lat' dir='ltr'>in</span> <span class='ocrx_word' id='word_1_301' title='bbox 1258 4563 1341 4624; x_wconf 88' lang='lat' dir='ltr'>lacto</span> <span class='ocrx_word' id='word_1_302' title='bbox 1370 4563 1695 4645; x_wconf 88' lang='lat' dir='ltr'>prosecucionisqua·</span> 
     </span>
     <span class='ocr_line' id='line_1_37' title="bbox 437 4665 1695 4751; baseline -0.002 -27"><span class='ocrx_word' id='word_1_303' title='bbox 437 4665 585 4726; x_wconf 91' lang='lat' dir='ltr'>rumdam</span> <span class='ocrx_word' id='word_1_304' title='bbox 604 4687 811 4746; x_wconf 91' lang='lat' dir='ltr'>expensarum</span> <span class='ocrx_word' id='word_1_305' title='bbox 832 4689 887 4750; x_wconf 90' lang='lat' dir='ltr'>per</span> <span class='ocrx_word' id='word_1_306' title='bbox 906 4671 1010 4750; x_wconf 93' lang='lat' dir='ltr'>ipsum</span> <span class='ocrx_word' id='word_1_307' title='bbox 1029 4670 1218 4732; x_wconf 88' lang='lat' dir='ltr'>Thomaslto</span> <span class='ocrx_word' id='word_1_308' title='bbox 1239 4669 1404 4746; x_wconf 87' lang='lat' dir='ltr'>factarum,</span> <span class='ocrx_word' id='word_1_309' title='bbox 1431 4671 1498 4751; x_wconf 90' lang='lat' dir='ltr'>ipse</span> <span class='ocrx_word' id='word_1_310' title='bbox 1517 4667 1695 4731; x_wconf 83' lang='lat' dir='ltr'>Thomaslto</span> 
     </span>
     <span class='ocr_line' id='line_1_38' title="bbox 437 4769 1692 4856; baseline -0.001 -28"><span class='ocrx_word' id='word_1_311' title='bbox 437 4769 543 4830; x_wconf 90' lang='lat' dir='ltr'>literas</span> <span class='ocrx_word' id='word_1_312' title='bbox 568 4772 728 4851; x_wconf 85' lang='lat' dir='ltr'>magnilici</span> <span class='ocrx_word' id='word_1_313' title='bbox 746 4775 869 4834; x_wconf 91' lang='lat' dir='ltr'>domini</span> <span class='ocrx_word' id='word_1_314' title='bbox 896 4776 1051 4836; x_wconf 82' lang='lat' dir='ltr'>iohannis</span> <span class='ocrx_word' id='word_1_315' title='bbox 1076 4777 1114 4837; x_wconf 94' lang='lat' dir='ltr'>de</span> <span class='ocrx_word' id='word_1_316' title='bbox 1134 4778 1268 4856; x_wconf 77' lang='lat' dir='ltr'>llozgon</span> <span class='ocrx_word' id='word_1_317' title='bbox 1287 4776 1430 4856; x_wconf 83' lang='lat' dir='ltr'>magistri</span> <span class='ocrx_word' id='word_1_318' title='bbox 1456 4777 1692 4837; x_wconf 71' lang='lat' dir='ltr'>tau&#39;arnicorum</span> 
     </span>
     <span class='ocr_line' id='line_1_39' title="bbox 438 4877 1692 4965; baseline 0.007 -31"><span class='ocrx_word' id='word_1_319' title='bbox 438 4877 592 4954; x_wconf 87' lang='lat' dir='ltr'>regalium</span> <span class='ocrx_word' id='word_1_320' title='bbox 629 4880 719 4938; x_wconf 90' lang='lat' dir='ltr'>nobis</span> <span class='ocrx_word' id='word_1_321' title='bbox 752 4897 781 4940; x_wconf 92' lang='lat' dir='ltr'>et</span> <span class='ocrx_word' id='word_1_322' title='bbox 813 4882 870 4942; x_wconf 93' lang='lat' dir='ltr'>toti</span> <span class='ocrx_word' id='word_1_323' title='bbox 904 4884 1126 4944; x_wconf 86' lang='lat' dir='ltr'>communitati</span> <span class='ocrx_word' id='word_1_324' title='bbox 1159 4899 1352 4965; x_wconf 89' lang='lat' dir='ltr'>apportarat,</span> <span class='ocrx_word' id='word_1_325' title='bbox 1385 4898 1419 4945; x_wconf 93' lang='lat' dir='ltr'>ut</span> <span class='ocrx_word' id='word_1_326' title='bbox 1452 4885 1513 4944; x_wconf 89' lang='lat' dir='ltr'>sibi</span> <span class='ocrx_word' id='word_1_327' title='bbox 1547 4904 1581 4944; x_wconf 88' lang='lat' dir='ltr'>ex</span> <span class='ocrx_word' id='word_1_328' title='bbox 1608 4891 1692 4959; x_wconf 76' lang='lat' dir='ltr'>parte</span> 
     </span>
     <span class='ocr_line' id='line_1_40' title="bbox 439 4981 1691 5072; baseline 0.009 -35"><span class='ocrx_word' id='word_1_329' title='bbox 439 4981 581 5042; x_wconf 86' lang='lat' dir='ltr'>eiusdem</span> <span class='ocrx_word' id='word_1_330' title='bbox 614 4983 767 5062; x_wconf 87' lang='lat' dir='ltr'>judicium</span> <span class='ocrx_word' id='word_1_331' title='bbox 801 5000 831 5048; x_wconf 93' lang='lat' dir='ltr'>et</span> <span class='ocrx_word' id='word_1_332' title='bbox 865 4987 1023 5066; x_wconf 78' lang='lat' dir='ltr'>justiciam</span> <span class='ocrx_word' id='word_1_333' title='bbox 1056 5009 1121 5050; x_wconf 91' lang='lat' dir='ltr'>non</span> <span class='ocrx_word' id='word_1_334' title='bbox 1154 4989 1356 5066; x_wconf 79' lang='lat' dir='ltr'>fecissemus3</span> <span class='ocrx_word' id='word_1_335' title='bbox 1389 5005 1419 5050; x_wconf 89' lang='lat' dir='ltr'>et</span> <span class='ocrx_word' id='word_1_336' title='bbox 1452 4993 1528 5072; x_wconf 87' lang='lat' dir='ltr'>quia</span> <span class='ocrx_word' id='word_1_337' title='bbox 1562 4983 1691 5072; x_wconf 74' lang='lat' dir='ltr'>prelatus</span> 
     </span>
    </p>
   </div>
   <div class='ocr_carea' id='block_1_5' title="bbox 0 0 1924 5786">
    <p class='ocr_par' dir='ltr' id='par_1_9' title="bbox 0 0 1924 5786">
     <span class='ocr_line' id='line_1_41' title="bbox 0 0 1924 5786; baseline 0 0"><span class='ocrx_word' id='word_1_338' title='bbox 0 0 1924 5786; x_wconf 95' lang='lat' dir='ltr'> </span> 
     </span>
    </p>
   </div>
  </div>
 </body>
</html>
