3644 5788
408 533 471 575 220
799 517 999 596 Ann01462.
1026 553 1066 561 —
1089 533 1141 596 30.
1165 521 1278 594 aprilis.

407 753 502 826 Faria
530 767 627 827 sexta
659 761 810 846 proxima
840 767 918 830 ante
955 761 1076 830 festum
1114 761 1287 830 beatorum
1318 759 1460 848 Philippi
1491 769 1523 830 et
1550 759 1660 849 jacobi

680 884 919 972 apostolorum,
949 903 1034 955 anno
1063 893 1125 956 etc.
1156 884 1207 956 tx
1235 885 1389 956 secundo.

933 1058 997 1134 (30.
1021 1055 1148 1132 aprilis).

512 1215 590 1276 ltem
608 1215 683 1277 licet
700 1217 782 1277 inter
798 1217 966 1297 providam
985 1216 1152 1276 mulierem
1179 1215 1341 1277 Cristinna
1359 1230 1504 1276 vocatam
1524 1215 1661 1276 relictam

405 1322 544 1382 condam
570 1323 724 1384 Anthonii
751 1323 843 1384 aliter
867 1323 969 1384 Janko
993 1323 1079 1400 dicti,
1097 1322 1268 1403 arcuparis‚
1294 1321 1373 1382 olim
1390 1321 1468 1382 civis
1492 1321 1575 1382 dicte
1592 1321 1663 1382 civi-

403 1429 489 1507 tatis,
514 1449 598 1490 nunc
623 1449 699 1490 vero
724 1443 905 1491 consortem
932 1429 1054 1490 Mareni
1079 1429 1119 1490 de
1140 1441 1248 1489 sancta
1273 1427 1389 1506 Cruce,
1413 1429 1453 1488 ab
1480 1447 1542 1488 una
1568 1441 1662 1508 parte,

406 1537 445 1595 ab
470 1535 567 1596 altera
593 1555 668 1597 vero
694 1549 781 1618 parte
807 1536 889 1596 inter
907 1535 1098 1617 Gregorium
1124 1534 1227 1596 filiurn
1252 1549 1283 1596 et
1307 1535 1474 1616 providam
1500 1535 1661 1595 mulierem

405 1642 568 1704 Dorothee
602 1657 759 1720 vocatam,
792 1643 890 1704 liliam
923 1644 1062 1705 condam
1094 1642 1220 1724 providi
1254 1641 1386 1723 Georgii
1413 1642 1571 1702 Wrabecz
1595 1661 1662 1722 pro·

404 1751 606 1830 genitorum,
638 1765 786 1812 consorte
818 1771 893 1811 vero
926 1749 1039 1832 prelati
1072 1751 1209 1811 condam
1244 1749 1400 1810 Anthonii
1437 1751 1598 1830 arcuparis
1627 1768 1662 1807 ex

406 1857 519 1918 eadem
545 1859 683 1920 condam
709 1859 810 1920 Elena
835 1859 943 1920 relicta
969 1859 1068 1939 ipsius
1092 1857 1228 1918 condam
1256 1856 1389 1937 Georgii
1414 1857 1574 1917 Wrabecz
1595 1875 1663 1937 pro·

405 1963 517 2043 geniti,
535 1965 663 2026 racione
681 1968 840 2026 bonorum
867 1986 903 2026 ac
920 1985 1038 2042 rerum,
1055 1965 1239 2040 domorum,
1261 1965 1427 2024 vinearum
1452 1983 1488 2024 ac
1512 1975 1662 2024 terrarum

408 2070 577 2130 arabilium
604 2072 790 2133 earumdem
824 2073 965 2154 parcium
996 2075 1028 2132 in
1061 2072 1174 2132 eadem
1200 2072 1327 2131 civitate
1352 2071 1475 2131 eteius
1507 2069 1664 2130 territorio

403 2195 439 2236 ac
471 2176 550 2236 alias
582 2177 687 2238 ubivis
711 2177 902 2256 habitarum,
935 2179 1016 2239 inter
1048 2178 1175 2239 easdem
1200 2191 1305 2258 partes
1337 2177 1401 2238 litis
1431 2191 1462 2238 et
1486 2176 1662 2257 questionis

404 2303 439 2343 ac
472 2286 741 2346 controversionis
773 2287 904 2346 materia
938 2305 1044 2346 coram
1078 2285 1171 2346 nobis
1203 2299 1288 2345 mota
1322 2283 1417 2345 fuerit
1441 2299 1472 2345 et
1496 2297 1603 2344 exorta
1636 2296 1664 2341 et

405 2389 607 2470 aliquamdiu
630 2392 794 2468 ventilata,
819 2412 854 2452 ac
886 2407 993 2452 tamen
1020 2392 1086 2472 ipse
1118 2405 1224 2473 partes
1248 2411 1304 2471 per
1335 2389 1609 2471 composicionem
1635 2401 1665 2448 et

404 2497 648 2558 ordinacionem
673 2499 887 2580 plurimorum
913 2501 1088 2580 proborum
1108 2497 1260 2575 virorum,
1279 2497 1538 2576 idoneornmque
1563 2508 1593 2556 et
1610 2493 1663 2554 ho·

404 2615 568 2665 nostorum
593 2603 632 2664 ad
658 2605 754 2666 talem
779 2606 865 2686 pacis
889 2619 920 2665 et
944 2604 1116 2667 concordie
1141 2604 1351 2681 devenerunt,
1376 2603 1464 2683 quod
1490 2603 1594 2683 primo
1613 2601 1664 2661 illa

403 2708 462 2768 tria
486 2729 560 2770 vasa
585 2710 651 2770 vini
677 2709 727 2771 hic
752 2711 783 2771 in
809 2711 892 2772 dicta
917 2711 1044 2773 civitate
1063 2710 1170 2771 habita
1195 2731 1232 2772 ac
1257 2710 1311 2770 ille
1336 2709 1399 2770 due
1424 2723 1505 2770 terre
1531 2708 1665 2769 arabiles

403 2815 435 2875 in
461 2835 576 2898 campo
606 2830 716 2878 nostro
749 2818 779 2879 in
806 2818 932 2879 duobus
963 2819 1042 2879 locis
1070 2818 1169 2900 ipsius
1201 2817 1337 2879 condam
1371 2816 1525 2877 lanionis
1549 2814 1665 2892 habite,

404 2923 462 3003 ipsi
489 2922 650 2985 Cristinne
669 2923 777 2984 relicte
803 2923 902 3005 ipsius
926 2926 1063 2986 condam
1082 2925 1237 2985 Jankonis
1257 2923 1419 3005 arcuparis
1436 2922 1603 2982 cessissent
1626 2921 1663 2981 ad

404 3030 603 3108 porcionem,
629 3031 745 3091 domus
769 3051 845 3092 vero
869 3047 993 3092 murata
1017 3051 1073 3093 seu
1107 3031 1201 3092 civile
1227 3031 1327 3112 ipsius
1351 3029 1489 3090 condam
1515 3026 1668 3089 Janlconis

404 3135 434 3195 in
461 3135 545 3196 dicta
570 3137 696 3198 civitate
722 3137 829 3198 habita
855 3138 930 3219 ipsis
956 3136 1115 3217 Gregorio
1144 3137 1211 3199 filio
1235 3150 1267 3198 et
1291 3136 1455 3198 Dorothee
1480 3135 1543 3196 filie
1568 3135 1667 3215 ipsius

404 3242 540 3303 condam
567 3242 700 3324 Georgii
719 3245 877 3305 Wrabecz
902 3245 1068 3306 cessissent
1093 3245 1123 3304 in
1150 3245 1348 3326 porcionem,
1366 3243 1409 3304 ita
1433 3257 1553 3318 tamen,
1578 3241 1665 3322 quod

404 3346 545 3427 prefatus
570 3348 745 3428 Gregorius
777 3349 861 3410 lilius
893 3365 924 3412 et
949 3351 1111 3412 Dorothee
1145 3349 1208 3410 filia
1238 3350 1338 3431 ipsius
1371 3349 1509 3410 condam
1536 3347 1666 3428 Georgii

405 3453 565 3516 Wrabecz
590 3457 734 3536 quinque
759 3457 827 3517 flor.
857 3458 924 3517 auri
959 3457 1095 3518 Nicolao
1128 3455 1195 3517 filio
1219 3457 1318 3537 ipsius
1352 3455 1490 3516 condam
1515 3455 1668 3515 lankonis

404 3560 565 3639 arcuparis
590 3561 716 3622 racione
741 3581 796 3622 sue
822 3563 983 3644 porcionis
1015 3563 1090 3624 dare
1123 3564 1328 3640 tenebuntur,
1353 3577 1384 3624 et
1417 3560 1506 3642 quod
1532 3561 1667 3642 (h)ortus

405 3665 503 3746 ipsius
526 3667 662 3728 condam
681 3669 835 3729 Anthonii
861 3670 1023 3750 arcuparis
1048 3671 1078 3730 in
1097 3669 1252 3730 suburbio
1279 3669 1362 3730 dicte
1380 3669 1517 3730 civitatis
1541 3667 1667 3728 habitus

405 3771 464 3852 ipsi
489 3773 625 3834 Nicolao
642 3775 734 3836 cessit
751 3753 897 3836 similiter
914 3777 944 3836 in
971 3777 1176 3856 porcionem
1202 3790 1233 3838 et
1249 3776 1338 3857 quod
1357 3777 1423 3857 ipse
1442 3776 1538 3836 ambe
1563 3788 1666 3856 partes

404 3897 499 3958 super
516 3880 677 3959 premissis
695 3881 788 3941 bonis
805 3882 983 3943 alternatim
999 3883 1124 3963 quietas
1141 3883 1356 3944 reddidissent
1372 3897 1403 3942 et
1420 3883 1585 3964 expeditas
1609 3883 1665 3942 tali

405 3982 612 4063 obligaminis
644 3987 775 4047 vinculo
807 3988 979 4064 mediante,
1011 3989 1099 4069 quod
1132 4007 1336 4069 quecumque
1364 3989 1507 4068 parcium
1542 3989 1574 4048 in
1598 4007 1667 4069 pre·

405 4089 508 4148 missis
533 4105 670 4170 prestare
696 4093 797 4154 nollet
821 4107 851 4155 et
875 4095 1063 4174 premissam
1081 4094 1324 4156 ordinacionem
1350 4095 1569 4176 predictorum
1595 4113 1666 4175 pro·

405 4197 520 4256 borum
545 4198 686 4258 virorum
715 4199 850 4261 violaret
880 4221 935 4262 seu
970 4200 1157 4282 infringeret
1190 4216 1306 4263 extunc
1332 4201 1404 4262 talis
1436 4221 1509 4282 pars
1533 4201 1565 4261 in
1598 4221 1666 4282 pre-

405 4301 507 4362 missis
532 4323 596 4363 non
622 4305 792 4385 persistens
816 4321 846 4366 et
870 4307 987 4368 dictam
1004 4307 1247 4369 ordinacionem
1267 4305 1455 4387 infringens,
1481 4321 1591 4368 contra
1609 4326 1668 4367 nos

405 4421 435 4467 et
458 4422 557 4469 totam
581 4413 844 4474 communitatem
874 4413 957 4474 dicte
988 4415 1123 4476 civitatis
1148 4415 1179 4474 in
1214 4414 1449 4495 quinquaginta
1475 4414 1590 4475 marcis
1613 4414 1653 4475 de

404 4514 566 4575 uariorum
592 4518 751 4578 usualium
778 4539 835 4600 pro
859 4533 1004 4601 tempore
1038 4521 1239 4582 currencium
1265 4521 1512 4582 convinceretur
1537 4534 1568 4582 et
1592 4539 1666 4581 con·

404 4617 485 4677 victa
510 4617 678 4682 habebitur
703 4623 772 4704 ipso
796 4623 890 4686 facto.

511 4741 587 4803 ltern
614 4747 845 4824 proclamatum
869 4764 915 4810 est
938 4751 1041 4830 prima
1065 4751 1134 4812 vice
1159 4771 1255 4832 super
1280 4749 1382 4813 fundo
1406 4765 1437 4812 et
1461 4751 1561 4812 domo
1591 4770 1666 4811 con·

404 4846 477 4906 dam
504 4847 655 4929 Stephani
680 4854 795 4913 sutoris
820 4855 959 4916 Kundek
984 4856 1059 4917 dicti
1094 4858 1125 4917 in
1150 4858 1221 4918 vico
1254 4859 1403 4920 exteriori
1428 4877 1485 4919 seu
1510 4858 1665 4919 suburbio

406 4951 488 5013 dicte
513 4955 659 5035 civitatis,
690 4959 714 5018 si
740 4960 812 5039 quis
843 4961 951 5042 aliqua
976 4963 1044 5044 jura
1076 4984 1170 5046 super
1195 4965 1308 5025 eadem
1342 4965 1486 5044 haberet,
1510 4965 1667 5047 producat
