3694 5782
622 547 825 629 Ann01465.
849 586 893 596 -
916 565 946 629 4.
971 554 1051 610 maii.
1408 551 1470 629 ⁹⁶7

208 767 325 828 vilibus
350 767 382 826 in
408 765 492 828 dicta
517 765 644 828 civitate
669 783 705 826 ac
730 765 812 826 inter
837 764 952 826 domos
976 777 1006 825 et
1030 764 1148 826 fundos
1173 779 1203 824 et
1227 763 1333 826 civilia
1350 765 1390 824 ab
1407 782 1469 824 una

205 874 354 934 videlicet
379 893 396 933 a
422 871 627 933 meridionali
652 885 740 954 parte
772 869 899 954 providi
932 870 991 932 viri
1016 871 1144 932 Tbome
1176 868 1342 952 lreniparis
1368 869 1470 931 Seles-

205 983 288 1062 nyak
313 980 389 1040 dicti
418 992 448 1040 et
473 979 608 1060 provide
633 977 778 1040 mulieris
802 978 925 1060 Ztoylra
950 991 1072 1056 vocate,
1096 979 1135 1038 ab
1160 978 1258 1040 altera
1283 997 1358 1038 vero
1383 978 1471 1038 vide-

206 1088 282 1148 licet
306 1107 322 1148 a
348 1101 437 1168 parte
465 1085 719 1167 septemtrionali
755 1084 836 1146 inter
869 1082 1005 1145 fundum
1038 1103 1174 1145 vacuum
1207 1084 1382 1145 liberorum
1414 1102 1470 1145 seu

204 1213 424 1256 successorum
449 1193 586 1254 condam
612 1191 745 1253 Fabiani
778 1191 846 1252 coci
871 1205 1054 1252 nostrorum
1087 1191 1269 1252 concivium
1293 1191 1417 1252 habitas
1441 1205 1472 1251 et

205 1302 386 1378 existentes,
416 1321 469 1360 sex
502 1313 629 1380 quartas
661 1299 747 1360 curie
779 1297 820 1359 ad
853 1316 945 1358 usum
972 1297 1054 1360 dicte
1086 1297 1222 1358 civitatis
1253 1299 1285 1358 in
1310 1317 1343 1359 se
1369 1297 1469 1360 conti·

205 1420 335 1484 nentes,
367 1407 535 1468 casualiter
566 1405 680 1466 amissa
713 1402 816 1482 foret,
849 1417 880 1464 et
912 1404 951 1464 ad
988 1404 1102 1464 trinam
1135 1402 1295 1465 forensem
1328 1417 1469 1466 nostram

204 1513 368 1596 publicam
405 1513 698 1595 proclamacionem
735 1530 791 1594 pet
826 1530 982 1593 precones
1016 1525 1142 1572 nostros
1178 1530 1368 1572 communes
1402 1509 1469 1572 fieri

203 1621 421 1698 commissam,
453 1620 567 1681 nullibi
601 1619 732 1701 reperiri
758 1618 873 1700 potuit,
906 1633 936 1679 et
966 1618 1038 1680 date
1072 1633 1145 1680 sunt
1180 1619 1225 1680 eis
1248 1617 1337 1680 litere
1364 1631 1471 1680 nostre

204 1746 289 1788 nove
313 1725 478 1787 statutorie
504 1745 599 1807 super
623 1725 787 1808 premissis
815 1724 967 1786 domibus
991 1739 1020 1785 et
1046 1725 1272 1806 privilegiales,
1298 1739 1328 1787 et
1351 1725 1375 1785 si
1402 1743 1470 1806 pte-

203 1835 350 1897 sentibus
375 1835 406 1895 in
432 1833 626 1894 contrarium
652 1832 917 1915 producerentur,
941 1851 1043 1893 cassas
1067 1831 1298 1894 commisimus.

257 2053 357 2127 Feria
386 2062 485 2126 sexta
513 2057 669 2143 proxima
698 2061 772 2142 post
802 2053 924 2124 festum
954 2055 1042 2124 beati
1075 2054 1177 2123 Marci
1207 2054 1430 2141 evangeliste.

736 2223 801 2300 (26.
825 2225 951 2300 aprilis).

313 2385 392 2446 ltem
418 2404 544 2446 causam
564 2385 644 2445 inter
661 2383 804 2444 nobilem
823 2383 989 2445 dominam
1022 2385 1165 2446 relictam
1184 2385 1320 2446 condam
1340 2384 1471 2462 Berdat,

204 2511 351 2554 sororem
379 2492 497 2552 nobilis
521 2489 670 2571 Gregorii
697 2490 840 2551 Bradach
859 2491 933 2552 dicti
956 2491 995 2552 de
1021 2492 1232 2567 lladomercz‚
1259 2511 1316 2572 pro
1333 2511 1395 2571 qua
1414 2511 1470 2552 no·

204 2601 279 2661 bilis
312 2599 475 2659 lohannes
507 2595 547 2659 de
581 2597 703 2680 Gepew
735 2617 842 2658 coram
875 2598 967 2658 nobis
998 2598 1188 2679 comparuit,
1221 2611 1251 2659 et
1284 2598 1364 2659 inter
1390 2599 1471 2658 Leo-

203 2707 343 2768 nardum
369 2705 601 2766 mercenarium
629 2703 725 2766 Blasii
750 2703 915 2782 institoris,
946 2705 1087 2766 concivis
1112 2705 1222 2780 nostri,
1248 2703 1303 2764 filii
1330 2705 1467 2765 condam

201 2812 361 2874 Anthonii
387 2810 568 2890 jobagionis
592 2811 735 2872 eiusdem
758 2809 905 2889 Gregorii
938 2810 1100 2889 Bradach,
1133 2811 1264 2872 racione
1292 2812 1469 2873 ablationis

200 2919 299 2980 trium
328 2920 450 2979 bouum
477 2917 562 2977 etad
589 2917 706 2978 dictam
733 2917 894 2980 civitatem
912 2917 1124 2978 adductorum
1151 2937 1206 3000 per
1224 2918 1362 2979 eundem
1391 2919 1470 2980 leo·

202 3024 344 3086 nardum
378 3024 418 3085 de
450 3023 612 3085 territorio
644 3023 788 3085 eiusdem
824 3022 983 3104 Gregorii,
1009 3024 1063 3105 qui
1098 3025 1260 3086 lohannes
1284 3025 1323 3086 de
1349 3023 1472 3106 Gepew

201 3131 337 3194 eosdem
370 3131 470 3192 boves
494 3129 600 3190 minus
632 3129 712 3210 juste
744 3143 775 3192 et
807 3129 917 3191 furtim
942 3151 998 3212 per
1028 3131 1166 3192 eundem
1195 3133 1397 3193 leonardum
1425 3152 1470 3192 re-

199 3253 313 3320 ceptos
338 3255 443 3298 coram
470 3236 563 3298 nobis
583 3237 613 3296 in
639 3235 760 3316 judicio
792 3239 1010 3318 proponebat;
1035 3257 1130 3318 super
1147 3258 1210 3319 qua
1235 3239 1365 3320 quidem
1384 3239 1470 3300 abla-

200 3345 297 3406 cione
325 3343 484 3404 dictorum
509 3343 605 3403 trium
632 3344 752 3404 bouum
776 3363 832 3424 per
863 3343 1001 3404 eundem
1028 3344 1233 3406 Leonardunr
1252 3345 1343 3424 iurati
1369 3345 1472 3406 taliter

200 3451 442 3533 adjudicarunt,
467 3450 555 3530 quod
583 3450 648 3530 ipse
676 3450 866 3511 Leonardus
899 3451 985 3532 ipsos
1008 3465 1071 3512 tres
1096 3453 1194 3512 boves
1219 3471 1282 3512 non
1310 3453 1470 3533 potencia-

201 3557 276 3619 liter
301 3576 362 3617 nec
386 3553 495 3616 furtim
529 3555 583 3615 sed
616 3571 780 3636 tamquam
814 3557 943 3637 jobagio
976 3557 1119 3618 eiusdem
1154 3557 1302 3639 Gregorii
1328 3557 1471 3620 Bradach

200 3685 233 3725 se
260 3682 338 3724 cum
363 3663 441 3722 alias
473 3661 684 3723 transtulisset
709 3677 889 3724 moraturus
921 3663 959 3724 de
989 3665 1188 3745 possessione
1221 3665 1365 3726 eiusdem
1398 3684 1469 3726 cum

200 3770 329 3831 eisdem
354 3768 533 3829 recessisset
558 3787 595 3828 ert
620 3788 659 3828 eo
684 3769 844 3844 videlicet,
874 3770 949 3850 quia
983 3770 1073 3831 dacia
1099 3785 1129 3832 et
1153 3771 1231 3831 alias
1256 3771 1472 3832 obvenciones

199 3893 230 3938 et
255 3875 412 3937 collectas
436 3889 500 3935 tarn
526 3874 629 3956 regias
646 3893 743 3955 quam
768 3875 893 3936 domini
918 3877 966 3937 sui
992 3896 1063 3938 curn
1082 3878 1245 3959 peccuniis
1270 3892 1299 3938 et
1324 3877 1470 3939 mercede

199 3982 352 4044 eiusdem
377 3980 537 4042 Leonardi
561 3979 730 4042 solvebant
754 3994 785 4042 et
802 3981 1025 4063 expediebant,
1051 3998 1145 4064 prout
1163 3983 1223 4044 hoc
1249 3985 1348 4044 eciam
1375 3985 1469 4045 vicini

201 4088 352 4151 eiusdem
385 4086 522 4148 condant
556 4087 712 4150 Anthonii
744 4089 841 4168 patris
873 4089 1016 4150 eiusdem
1051 4090 1209 4150 leonardi
1244 4110 1349 4151 coram
1377 4091 1470 4152 nobis

199 4193 275 4256 lassi
302 4193 498 4268 extitissent3
523 4192 563 4253 de
588 4213 653 4274 quo
678 4193 800 4274 judicio
829 4194 895 4276 ipse
928 4195 1090 4257 lohannes
1115 4197 1153 4255 de
1179 4197 1264 4257 dicta
1290 4196 1411 4278 Gepew
1439 4198 1468 4256 in

199 4319 342 4382 persona
379 4299 522 4360 eiusdem
559 4299 690 4360 domine
727 4319 790 4360 non
828 4313 996 4362 contentus
1031 4301 1070 4362 ad
1106 4303 1249 4364 seniores
1277 4281 1470 4385 appellasset

124 4435 126 4438 ·
197 4408 336 4489 judices.

271 4626 423 4698 Sabbata
452 4629 605 4716 proximo
636 4635 711 4716 post
740 4629 862 4699 festum
891 4629 1099 4700 luvencionis
1128 4639 1244 4700 sancte
1272 4629 1398 4702 Crucis.

752 4781 794 4858 (4.
819 4781 916 4858 maie).

311 4922 451 4985 Causam
477 4941 534 5002 per
558 4922 699 4982 nobilem
727 4922 831 4983 virum
857 4922 1035 4983 iohannem
1067 4924 1105 4982 de
1132 4923 1251 5004 Gepew
1278 4924 1309 4984 in
1334 4942 1469 5005 persona

198 5029 324 5092 nobilis
348 5027 481 5090 domine
506 5028 614 5090 relicte
643 5029 773 5106 Betdar,
791 5030 910 5092 sotoris
936 5029 1083 5110 Gregorii
1106 5029 1273 5112 Brada(clr)
1299 5030 1337 5090 de
1363 5031 1466 5097 Rado·
