3738 5786
553 573 638 628 Anno
660 582 749 648 1457.
775 603 814 614 —
838 582 888 645 25.
911 571 1083 632 novanda-is.
1390 593 1447 654 ¹33

182 781 297 843 nullibi
323 781 462 842 inveniri
487 783 602 863 potuit,
627 795 658 843 et
682 784 724 843 ob
748 781 809 844 hoc
834 785 921 844 idern
940 783 1136 844 Laurencius
1154 782 1281 845 institor
1306 805 1364 846 nos
1390 786 1449 846 hu·

180 889 298 950 militer
323 902 356 950 et
380 889 609 949 instantissime
634 907 728 969 super
751 908 789 949 eo
808 889 993 971 postulavit,
1018 901 1053 950 ut
1076 907 1135 949 nos
1159 889 1295 952 eandem
1321 891 1447 952 vineam

180 1014 269 1055 suam
296 995 330 1056 in
357 994 521 1056 vicinitate
545 995 727 1076 supradicta
744 994 899 1074 habitam,
923 996 955 1056 in
973 995 1063 1056 cuius
1079 995 1173 1056 vinee
1198 994 1344 1058 dominio
1362 998 1448 1059 idem

181 1101 379 1162 Laurentius
403 1101 529 1161 institor
552 1119 569 1161 a
594 1101 650 1160 diu
686 1101 863 1183 retrolapso
895 1115 1051 1184 tempore,
1084 1120 1150 1182 quo
1174 1121 1245 1163 earn
1276 1123 1335 1184 pro
1360 1117 1446 1167 certa

181 1208 393 1289 pecuniarum
419 1207 595 1288 quantitate
613 1221 855 1288 comparaverat
873 1223 904 1270 et
927 1227 1029 1290 usque
1048 1227 1133 1270 nunc
1157 1207 1287 1290 pacifice
1305 1210 1448 1291 possedit

180 1328 209 1375 et
226 1313 406 1395 permansit
427 1313 557 1373 nemine
574 1313 701 1395 penitus
725 1314 975 1393 contradicente,
993 1315 1093 1376 literis
1109 1315 1226 1376 nostris
1243 1316 1335 1376 novis
1353 1317 1448 1398 privi-

181 1420 352 1502 legialibus
370 1419 526 1481 ratificare
541 1433 572 1481 et
589 1417 778 1481 confirmare
803 1421 1010 1502 dignaremur
1027 1435 1184 1502 perpetuo
1209 1422 1448 1504 possidendam,

180 1541 209 1588 et
233 1527 308 1588 ideo
334 1545 394 1587 nos
417 1525 635 1608 peticionibus
652 1525 796 1587 eiusdem
815 1527 984 1588 Laurentii
1003 1527 1157 1588 institoris
1173 1539 1340 1610 tamquam
1357 1527 1448 1608 justis

180 1647 210 1694 et
234 1632 296 1712 juri
315 1633 468 1694 consonis
485 1633 581 1713 digne
607 1633 764 1694 exauditis
789 1645 820 1694 et
836 1633 994 1712 admissis,
1012 1633 1188 1716 predictam
1214 1635 1340 1696 vineam
1358 1655 1448 1696 suam

179 1757 249 1799 cum
277 1739 433 1800 omnibus
457 1740 522 1800 suis
554 1738 745 1800 utilitatibus
777 1739 883 1800 eidem
914 1740 1093 1802 Laurencio
1126 1740 1264 1802 institori
1290 1743 1446 1822 premisso

179 1847 360 1926 empcionis
383 1846 480 1908 titulo
504 1847 565 1908 sibi
591 1847 790 1908 incumbenti
819 1865 855 1908 ac
880 1867 936 1928 per
961 1866 1034 1908 eum
1060 1849 1125 1908 suis
1149 1847 1321 1909 heredibus
1345 1849 1446 1910 literis

179 1953 295 2015 nostris
327 1955 421 2014 novis
452 1953 709 2035 privilegialibus
742 1951 1005 2014 confirmavimus
1038 1953 1106 2035 jure
1138 1967 1294 2036 perpetuo
1319 1969 1349 2016 et
1372 1955 1447 2016 irre·

179 2059 370 2122 vocabiliter
394 2059 622 2142 possidendam
648 2073 679 2120 et
703 2059 1014 2142 quomodocumque
1046 2061 1185 2122 voluerit
1210 2060 1446 2143 disponendam

178 2166 263 2248 juxta
289 2166 519 2228 condicionem
543 2166 679 2228 civitatis
703 2177 880 2248 prenotate.

237 2403 337 2478 Faria
368 2413 467 2477 sexta
495 2409 650 2496 proxima
679 2413 756 2478 ante
781 2405 904 2476 festum
933 2407 1043 2476 saneti
1072 2404 1203 2478 Andree
1232 2409 1388 2496 apostoli.

674 2557 738 2639 (25.
763 2556 951 2629 novembn's).

282 2698 364 2761 ltem
396 2698 558 2780 predictus
590 2699 747 2761 Martinus
772 2698 896 2782 Cypser
927 2695 1069 2760 infacto
1100 2700 1340 2782 possessionum
1373 2721 1443 2785 pre·

179 2805 336 2867 dictarum
373 2801 486 2887 prefati
519 2805 648 2866 Martini
680 2805 795 2887 judicis
827 2805 926 2866 modo
958 2805 1140 2887 supradicto
1179 2806 1444 2889 specificatarum,

179 2913 304 2974 racione
324 2912 433 2972 minus
456 2909 537 2992 juste
555 2911 754 2974 detencionis
771 2931 893 2990 earum,
919 2910 958 2972 ad
977 2911 1165 2974 instanciam
1190 2911 1290 2994 ipsius
1314 2914 1443 2975 Martini

177 3017 291 3100 judicis
304 3019 404 3080 tercia
417 3019 487 3080 vice
503 3019 719 3102 proclamatus
736 3017 855 3080 lorensi
873 3017 1002 3100 publica
1015 3019 1284 3100 proclamacione,
1302 3034 1443 3082 nostram

177 3125 209 3186 in
241 3124 443 3207 presenciam
468 3125 500 3185 in
532 3125 642 3186 sedem
674 3124 826 3186 videlicet
856 3137 997 3186 nostram
1023 3123 1223 3205 judiciariam
1247 3123 1345 3186 hodie
1378 3145 1443 3188 non

179 3233 265 3294 venit
290 3251 398 3312 neque
422 3231 564 3312 aliquem
581 3251 639 3314 pro
664 3251 697 3293 se
727 3231 813 3293 misit
829 3244 1070 3313 procuratorem
1093 3231 1145 3292 vel
1169 3230 1335 3293 hominem
1349 3252 1442 3294 suum

178 3338 364 3420 specialem.

282 3444 362 3506 ltem
386 3457 572 3526 prenotatus
597 3443 758 3506 Seboldus
783 3444 894 3526 Mayar
919 3443 957 3505 ad
977 3443 1165 3504 instanciam
1187 3441 1300 3524 prefati
1317 3443 1442 3505 Nicolai

178 3551 292 3632 judicis
316 3551 373 3613 filii
399 3551 555 3613 Demetrii
577 3565 607 3612 et
635 3551 854 3633 predictorum
873 3551 1019 3611 Barnabe
1037 3547 1224 3632 Grabarych
1249 3563 1279 3610 et
1305 3551 1442 3612 Emerici

177 3655 257 3719 fabri
282 3658 359 3719 dicti
385 3658 509 3720 Ztanko
534 3677 570 3719 ac
595 3658 705 3718 Jacobi
730 3655 787 3718 lilii
813 3657 897 3718 Petri
920 3656 1036 3718 literati
1061 3675 1096 3717 ac
1120 3655 1283 3718 Valentini
1308 3655 1389 3717 fabri
1413 3671 1444 3717 et

178 3764 357 3828 Clementis
381 3763 473 3844 labri,
500 3764 604 3846 jurati,
640 3783 788 3825 necnon
822 3763 959 3824 aliorum
992 3762 1173 3824 vicinorum
1197 3783 1309 3824 eorum
1342 3762 1442 3824 modo

175 3873 360 3954 supradicto
384 3873 637 3950 nominatorum,
670 3871 799 3932 racione
829 3867 1006 3930 fundorum
1038 3889 1150 3930 eorum
1174 3869 1443 3950 supradictorum,

175 3999 260 4060 quos
284 3981 323 4040 ab
347 3980 393 4040 eis
416 3979 483 4061 ipse
509 3977 670 4041 Seboldus
695 3977 801 4038 minus
819 3975 899 4058 juste
924 3977 1102 4058 occupavit,
1127 3975 1224 4038 hodie
1248 3975 1346 4037 tercio
1369 3994 1442 4056 pro·

174 4086 333 4148 clamatus
358 4087 390 4148 in
415 4084 486 4148 loro
510 4099 620 4147 nostro
645 4083 811 4146 communi
836 4083 869 4144 in
886 4083 1084 4166 presenciam
1110 4097 1250 4145 nostram
1276 4083 1307 4144 in
1333 4083 1441 4144 sedem

174 4192 327 4254 videlicet
350 4207 492 4254 nostram
516 4192 717 4274 judiciariam
743 4209 808 4251 non
826 4190 913 4251 venit
933 4209 1037 4270 neque
1062 4189 1204 4272 aliquem
1228 4189 1392 4251 homiaem
1411 4203 1442 4252 et

174 4313 418 4379 procuratorem
441 4318 535 4360 suum
560 4317 618 4380 pro
642 4317 675 4360 se
700 4297 795 4358 misit.

284 4404 360 4467 Item
386 4403 528 4486 prelatus
553 4403 714 4466 Seboldus
738 4403 850 4485 Mayar
867 4417 897 4463 et
921 4401 1085 4464 Erhardus
1109 4401 1312 4463 Hohenbartt
1336 4402 1376 4464 ad
1394 4404 1441 4464 in·

176 4511 333 4572 stanciam
359 4511 501 4591 magistri
526 4509 681 4572 Johannis
698 4510 814 4571 notarii
838 4509 1026 4571 cancellarie
1052 4509 1142 4588 regni
1167 4509 1332 4590 Hungarie
1355 4513 1440 4591 regie

175 4618 365 4696 Maiestatis,
388 4617 487 4678 bodie
520 4617 551 4678 in
585 4615 656 4678 loro
681 4631 789 4678 nostro
824 4617 989 4678 communi
1022 4617 1163 4677 secundo
1188 4617 1374 4697 proclamati
1400 4619 1439 4678 ad

171 4724 345 4784 astancium
368 4737 399 4785 et
422 4721 601 4806 parendum
630 4723 754 4804 justicie
786 4742 893 4784 coram
919 4723 1023 4800 nobis,
1048 4741 1114 4783 non
1145 4736 1301 4784 venerunt
1333 4743 1438 4805 neque

170 4829 318 4911 aliquem
342 4849 401 4912 pro
425 4850 458 4891 se
483 4829 559 4911 ipsis
584 4829 750 4891 hominem
774 4843 804 4890 et
828 4842 1068 4911 procuratorem
1093 4829 1256 4890 miserunt.

282 4936 359 4998 ltem
384 4936 536 5017 magister
553 4935 664 4997 Petrus
688 4935 830 4997 literatus
852 4936 891 4996 de
921 4935 1087 4997 Gudowcz
1112 4955 1275 4996 successor
1300 4935 1436 4995 condam

171 5042 319 5124 magistri
343 5042 500 5104 Anthonii
525 5041 641 5104 literati
667 5041 706 5103 de
740 5042 823 5103 dicta
854 5039 1029 5120 Gudowcz,
1064 5042 1160 5104 hodie
1185 5041 1225 5102 ad
1252 5041 1438 5102 instanciam
