3738 5786
611 635 697 693 Anno
720 645 814 712 1455,
834 669 877 680 -
901 649 950 714 14.
968 637 1117 712 januan'a'.
1459 635 1497 716 83

330 845 411 906 ltem
436 845 513 927 quia
538 844 688 928 Mathyas
711 845 832 928 juratus
864 847 967 908 dictus
991 846 1210 929 Kerzowaych
1243 866 1300 928 per
1324 845 1492 908 admissio-

226 970 297 1012 nem
324 951 455 1012 Martini
481 949 596 1032 judicis
620 971 658 1012 er
684 970 842 1013 consensu
870 971 929 1013 suo
965 971 1021 1034 per
1047 951 1325 1034 adjudicationem
1352 951 1496 1013 eiusdem

226 1057 355 1118 Martini
380 1055 496 1137 judicis
520 1071 550 1118 et
573 1077 630 1139 per
656 1057 936 1140 adjudicacionem
955 1057 1131 1136 iuratorum
1157 1077 1252 1140 super
1269 1077 1354 1120 aram
1380 1076 1495 1141 nuper·

225 1164 304 1225 rime
329 1182 489 1246 supereo
514 1161 645 1244 juravit,
678 1178 712 1226 ut
744 1166 776 1226 in
808 1165 884 1246 ipsis
908 1164 1078 1226 arboribus
1110 1165 1291 1244 metalibus,
1316 1185 1396 1247 quas
1429 1166 1496 1248 ipse

228 1270 375 1353 Mathyas
400 1269 522 1352 juratus
547 1272 678 1353 propria
701 1291 799 1332 manu
824 1290 882 1353 pro
899 1285 983 1332 meta
1001 1272 1212 1353 consignavit,
1237 1285 1284 1334 est
1308 1292 1382 1334 vera
1405 1283 1490 1332 meta

228 1377 307 1440 silve
332 1377 374 1440 ad
398 1379 527 1439 vineam
551 1397 642 1440 suam
667 1397 730 1460 que
763 1377 900 1439 condam
925 1378 1060 1462 Petrycb
1086 1377 1242 1441 carnificis
1268 1377 1399 1462 prefuit,
1424 1378 1498 1439 ideo

229 1485 322 1566 jurati
348 1484 486 1546 eandem
518 1485 631 1548 silvam
663 1486 723 1546 sub
748 1485 824 1567 ipsis
859 1485 952 1547 metis
983 1505 1078 1568 super
1109 1486 1229 1566 quibus
1261 1485 1327 1567 ipse
1353 1483 1499 1567 Mathyas

229 1591 351 1672 juratus
374 1590 502 1672 juravit,
534 1591 640 1654 eidem
673 1591 803 1674 Mathye
835 1591 939 1674 jurato
972 1591 1238 1674 adjudicaverunt
1266 1605 1297 1654 et
1320 1603 1498 1654 statuerunt

230 1698 407 1759 literatorie
432 1711 588 1780 perpetuo
612 1697 853 1780 possidendam.

336 1803 414 1866 ltem
440 1805 516 1886 quia
542 1805 688 1887 Mathyas
710 1804 935 1888 Skrobothych
952 1805 991 1866 de
1016 1804 1157 1886 quadam
1175 1805 1268 1866 vinea
1292 1823 1348 1866 sua
1373 1803 1412 1866 de
1430 1822 1494 1885 qua

229 1911 268 1972 ad
306 1909 515 1972 colendinum
550 1911 720 1973 Slavorum
752 1911 895 1992 quinque
928 1911 1063 1973 cubulos
1094 1911 1190 1972 musti
1215 1910 1339 1972 solvere
1372 1909 1494 1988 debuit,

230 2017 270 2078 ad
293 2017 494 2101 sepissimam
518 2018 712 2100 peticionem
738 2018 867 2080 Martini
891 2017 1006 2099 judicis
1031 2017 1144 2079 decani
1163 2017 1308 2080 eiusdem
1332 2017 1496 2079 colendini

230 2138 261 2184 et
285 2123 325 2184 ad
350 2123 466 2185 trinam
493 2123 654 2186 forensem
680 2137 710 2186 et
734 2124 898 2206 publicam
922 2125 1216 2206 proclamacionem
1242 2138 1383 2187 nostram
1410 2143 1496 2186 com·

229 2249 362 2291 munem
381 2231 511 2292 eosdem
530 2231 674 2312 quinque
692 2231 827 2292 cubulos
844 2231 947 2292 eidem
970 2232 1109 2293 Martino
1126 2230 1225 2313 judici
1249 2231 1373 2292 solvere
1391 2230 1496 2292 noluit

229 2357 287 2398 nec
304 2338 427 2399 curavit
442 2338 497 2399 sed
514 2358 547 2400 se
564 2358 580 2398 a
598 2337 764 2400 solucione
781 2337 925 2399 eiusdem
942 2357 1054 2398 census
1072 2339 1214 2420 ipsorum
1233 2339 1377 2419 quinque
1394 2339 1495 2399 cubu-

230 2444 337 2504 lorum
369 2444 499 2526 penitus
522 2444 710 2522 absentavit,
743 2443 883 2526 ideoque
915 2444 1051 2506 eandem
1083 2445 1209 2506 vineam
1235 2444 1495 2506 condicionalem

231 2549 331 2630 ipsius
349 2550 479 2633 Mathye
504 2549 627 2633 prefato
645 2551 784 2612 Martino
801 2550 899 2632 judici
916 2551 1085 2612 statuimus
1104 2551 1308 2612 vendendam
1334 2564 1364 2612 et
1387 2569 1420 2611 se
1438 2569 1496 2632 pro

230 2657 300 2739 ipso
325 2677 424 2719 censu
448 2658 592 2740 quinque
618 2658 809 2720 cubulorum
835 2657 911 2719 dicti
940 2657 1103 2719 colendini
1128 2657 1388 2741 persolvendum.

284 2805 382 2880 Faria
412 2796 546 2900 (sexta)
575 2809 728 2896 proxime
756 2815 834 2897 post
870 2809 992 2880 lestnm
1021 2807 1281 2898 Epiphaniarum
1310 2809 1451 2880 Domini.

625 2938 691 3020 (10.
707 2943 859 3018 jonaara'i,
882 2961 951 3004 ann.
978 2942 1085 3023 1455).

337 3063 415 3124 ltem
440 3063 516 3146 quia
540 3063 681 3145 prelatus
706 3064 852 3147 Mathyas
877 3065 997 3146 juratus
1038 3065 1141 3127 dictus
1165 3065 1386 3148 Kerzowaych
1411 3065 1496 3128 filius

228 3169 387 3232 lobannis
411 3168 468 3231 filii
494 3169 630 3252 Myklini
655 3169 870 3250 juramentum
905 3171 978 3248 sibi,
1004 3170 1106 3254 pridie
1130 3171 1282 3234 videlicet
1306 3169 1383 3232 feria
1408 3183 1495 3232 sexta

229 3277 376 3359 proxima
402 3289 476 3337 ante
500 3275 615 3337 lestum
641 3277 725 3338 beati
750 3276 879 3339 Thome
905 3278 1042 3360 apostoli
1072 3278 1274 3359 aliquamdiu
1298 3278 1496 3360 preteritum,

229 3403 285 3465 per
310 3382 433 3462 juratos
457 3383 488 3444 in
515 3381 598 3445 lacto
623 3384 760 3445 duarum
781 3385 932 3446 arborum
957 3385 1136 3463 metalium,
1161 3384 1312 3446 videlicet
1335 3383 1448 3467 populi
1466 3397 1497 3446 et

228 3503 376 3551 castanee
402 3490 550 3551 crucibus
573 3490 781 3571 signatarum,
805 3489 1037 3571 adjudicatum,
1066 3489 1182 3551 eodem
1207 3490 1306 3551 modo
1330 3490 1412 3551 sicut
1436 3488 1497 3552 luit

228 3595 450 3674 adjudicatum
475 3595 612 3677 prestitit
628 3595 726 3658 hodie
744 3615 783 3658 eo
807 3596 918 3675 modo,
943 3609 978 3658 ut
1003 3597 1069 3678 ipse
1087 3596 1246 3678 predictas
1263 3596 1342 3657 duas
1367 3597 1497 3658 arbores

230 3702 363 3763 metales
386 3702 486 3763 modo
504 3703 660 3784 premisso
684 3701 881 3784 specificatae
899 3723 964 3764 non
982 3703 1124 3765 desecuit
1141 3723 1199 3764 nec
1224 3703 1420 3778 anichilavit,
1438 3722 1496 3765 nec

229 3827 304 3868 curn
327 3807 409 3869 scitu
434 3821 465 3869 et
489 3821 639 3890 precepto
665 3809 765 3890 ipsius
789 3809 919 3892 Mathye
944 3809 1037 3889 jurati
1063 3810 1129 3891 ipse
1158 3811 1287 3872 arbores
1310 3823 1383 3870 sunt
1407 3809 1496 3872 dese-

230 3929 297 3974 cate
322 3932 381 3974 nec
414 3913 597 3993 anichilate,
629 3914 684 3975 sed
710 3915 741 3976 in
774 3915 865 3976 totali
895 3915 1036 3998 predicta
1069 3915 1199 3977 accione
1224 3930 1254 3978 et
1278 3916 1495 3997 acquisicione

229 4017 348 4101 prelati
374 4020 504 4082 Martini
534 4020 648 4102 judicis
679 4035 761 4083 esset
786 4021 912 4104 penitus
945 4022 1095 4083 innoxius
1123 4035 1154 4083 et
1179 4022 1331 4100 inmunis,
1356 4023 1496 4104 ideoque

229 4127 334 4207 ipsum
361 4123 526 4208 Mathyam
550 4125 689 4206 juratum
720 4127 848 4189 racione
881 4127 1023 4209 ipsarum
1048 4127 1185 4189 duarum
1218 4129 1370 4189 arborum
1395 4140 1496 4189 meta-

227 4230 309 4292 lium
331 4231 372 4292 ab
397 4231 542 4292 ulteriori
567 4232 762 4314 inpeticione
788 4247 819 4295 et
848 4233 1078 4314 molestacione
1103 4233 1202 4317 ipsius
1228 4234 1355 4295 Martini
1381 4233 1496 4314 judicis

225 4335 429 4398 reddidimus
453 4337 599 4418 quietum
625 4352 655 4400 et
679 4339 876 4421 expeditum.

224 4485 327 4560 serra
358 4491 466 4561 tercia
493 4491 647 4578 proxima
685 4499 763 4562 ante
800 4491 922 4562 lestnm
952 4493 1062 4563 sancti
1092 4474 1252 4562 dnthonii
1280 4491 1433 4563 monachi
1463 4498 1496 4563 et

759 4614 972 4687 confessoris.

741 4770 807 4847 (14.
824 4767 992 4846 januaria).

336 4887 413 4950 Item
446 4887 632 4951 Anthonius
665 4891 844 4974 Termsych
876 4891 975 4952 tercio
1007 4911 1039 4952 se
1065 4891 1209 4972 personis
1242 4891 1302 4951 sibi
1336 4891 1495 4953 similibus

224 4993 311 5056 feria
341 5007 427 5057 sexta
460 4996 605 5076 proxime
637 5011 770 5058 ventura
812 5011 920 5060 contra
954 4995 1162 5058 Mathkonem
1196 4996 1297 5058 filium
1330 4997 1495 5058 Benedicti

226 5101 454 5185 lwanlrowych
480 5101 584 5182 jurare
608 5103 769 5166 tenebitur
797 5123 892 5184 super
917 5123 966 5181 e0,
991 5118 1025 5164 ut
1057 5104 1124 5186 ipse
1150 5103 1223 5164 illos
1247 5103 1395 5164 undecim
1422 5124 1492 5165 cum
