3838 5786
633 569 718 626 Anno
740 579 830 644 1471.
854 602 898 612 -
927 566 976 628 18.
1001 571 1151 645 januarii.
1456 570 1512 652 381

279 785 373 858 leria
402 795 499 858 sexta
530 789 682 874 proxima
707 797 785 858 ante
814 788 935 858 festum
965 788 1140 858 beatorum
1171 787 1306 860 Fabiani
1335 799 1368 860 et
1396 790 1493 861 sena·

398 911 499 982 stiani
530 913 721 986 martirum.
751 931 836 982 anno
866 910 991 982 Domini
1022 911 1229 985 utttttxx
1259 913 1376 1002 primo.

757 1049 820 1138 (18.
844 1065 1011 1140 suisnarii).

359 1205 435 1267 Item
462 1205 501 1265 ad
527 1205 721 1287 peticionem
738 1205 901 1266 seniorum
919 1204 1062 1286 judicum
1089 1219 1119 1268 et
1135 1205 1311 1287 juratorum
1330 1220 1360 1269 et
1377 1208 1514 1270 aliorum

253 1312 495 1394 quamplurium
521 1313 696 1394 proborum
714 1313 856 1373 virorum
882 1313 1000 1374 civium
1027 1313 1109 1374 dicte
1139 1313 1274 1376 civitatis
1298 1335 1356 1396 pro
1381 1315 1438 1376 illo
1463 1316 1519 1376 de·

253 1419 330 1480 licto
355 1432 387 1481 et
413 1419 552 1499 birsagio
588 1438 653 1500 quo
680 1420 781 1480 Lucas
812 1432 914 1481 sartor
945 1419 1089 1498 claudus,
1121 1421 1263 1481 concivis
1287 1435 1403 1500 noster,
1428 1421 1513 1503 juxta

253 1524 532 1605 adjudicacionem
556 1525 720 1587 seniorum
754 1525 930 1606 juratorum
956 1526 1038 1587 dicte
1071 1527 1207 1588 civitatis
1231 1527 1381 1590 videlicet
1405 1542 1515 1590 contra

252 1651 312 1692 nos
336 1631 474 1710 judicem
494 1644 525 1693 et
549 1645 622 1693 octo
640 1631 760 1712 juratos
777 1632 951 1693 modernos
976 1632 1059 1694 dicte
1076 1633 1225 1713 civitatis,
1242 1633 1393 1696 videlicet
1410 1649 1519 1696 contra

251 1737 431 1818 quemlibet
467 1751 612 1798 nostrum
649 1737 682 1798 in
719 1737 829 1799 decem
863 1739 978 1800 marcis
1013 1739 1220 1802 denariorum
1252 1741 1416 1802 convictus
1448 1740 1519 1819 luit,

252 1843 357 1904 eidem
391 1844 477 1904 Luce
509 1844 762 1906 misericordiam
794 1846 898 1907 taliter
930 1843 1076 1925 fecimus,
1109 1847 1197 1928 quod
1230 1847 1296 1930 ipse
1330 1848 1433 1910 Lucas
1458 1848 1517 1929 ipsi

253 1949 396 2031 Georgio
418 1951 548 2031 precuni
567 1969 625 2032 pro
649 1951 715 2012 suis
735 1951 920 2012 verberibus
944 1951 1199 2014 satisfaccionem
1216 1953 1403 2036 impendere
1426 1966 1515 2014 tene-

254 2058 358 2134 bitur;
383 2071 413 2118 et
436 2057 462 2118 si
487 2057 620 2119 ulterius
651 2057 683 2118 in
715 2057 901 2120 huiusmodi
937 2057 1060 2120 delictis
1085 2059 1135 2120 vel
1168 2060 1239 2120 aliis
1264 2058 1460 2121 facinoribus
1484 2073 1515 2120 et

253 2164 440 2225 criminibus
465 2179 575 2226 contra
597 2184 656 2226 nos
680 2164 873 2227 modernum
897 2165 1037 2247 judicem
1061 2181 1092 2228 et
1125 2165 1245 2246 juratos
1270 2181 1300 2228 et
1324 2165 1448 2228 futuros
1471 2166 1518 2248 ju-

253 2270 357 2332 dicem
383 2284 414 2332 et
438 2271 559 2352 juratos
584 2271 667 2332 dicte
692 2271 828 2334 civitatis
857 2271 1075 2354 deprehensus
1098 2270 1194 2335 fuerit
1210 2273 1260 2335 vel
1278 2273 1518 2355 perpetraverit,

256 2379 344 2460 quod
369 2391 445 2441 tunc
463 2379 496 2440 in
513 2379 670 2460 premisso
695 2379 834 2462 birsagio
856 2393 952 2462 prout
974 2380 1116 2442 seniores
1146 2381 1240 2463 jurati
1265 2380 1350 2442 dicte
1382 2379 1519 2442 civitatis

255 2486 421 2548 convictus
444 2486 502 2548 erit
526 2499 558 2548 et
581 2506 663 2568 pena
687 2486 785 2548 simili
809 2486 975 2570 plectetur.

357 2591 435 2653 ltem
459 2611 588 2654 causam
620 2593 811 2674 suspicionis
839 2593 929 2654 Jurse
961 2591 1116 2654 institoris
1147 2591 1206 2653 viri
1231 2593 1358 2674 providi
1385 2593 1517 2654 domine

250 2699 333 2760 Nese
358 2711 389 2760 et
413 2699 495 2760 inter
519 2699 721 2761 Anthonium
747 2699 936 2760 Barberium
969 2698 1008 2760 de
1034 2697 1249 2781 Stenychnalt‚
1275 2701 1403 2760 racione
1428 2699 1516 2760 vide-

251 2807 325 2867 licet
348 2803 424 2867 furti
457 2819 615 2867 certarum
649 2807 888 2888 peccuniarum,
921 2806 988 2887 ipse
1020 2803 1205 2866 Anthonius
1227 2805 1331 2886 jurare
1356 2807 1517 2866 tenebitur

250 2927 338 2973 etse
363 2931 538 2994 expurgare
563 2912 747 2974 terciusmet
780 2931 853 2972 cum
878 2911 1023 2992 personis
1051 2911 1110 2972 sibi
1135 2912 1295 2974 similibus
1320 2910 1397 2972 feria
1421 2911 1517 2972 tercia

252 3019 398 3099 proxima
423 3031 494 3100 post
519 3017 633 3080 festum
652 3017 882 3080 Conversionis
899 3017 983 3078 beati
1003 3017 1093 3078 Pauli
1117 3019 1265 3099 apostoli,
1283 3019 1315 3078 in
1332 3038 1385 3079 ara
1409 3031 1516 3078 sancte

251 3123 365 3186 Crucis
391 3125 421 3184 in
447 3125 581 3186 ecclesia
614 3139 719 3186 nostra
752 3124 927 3206 parochiali
959 3123 1058 3184 sancti
1090 3123 1207 3201 Marci;
1239 3138 1269 3184 et
1294 3123 1371 3185 dum
1405 3143 1518 3205 expur-

249 3230 340 3310 gabit
364 3251 408 3309 se,
433 3243 548 3292 extunc
573 3231 653 3291 liber
677 3231 736 3292 erit
760 3230 799 3290 de
824 3229 1007 3311 suspicione
1033 3229 1131 3311 ipsius
1148 3227 1221 3297 lurti
1240 3230 1379 3311 ipsarum
1405 3249 1518 3311 peccu-

251 3336 377 3397 niarum
403 3349 433 3398 et
459 3337 498 3398 ab
524 3337 731 3419 impetitione
763 3335 862 3417 ipsius
887 3336 987 3398 lurse.
1021 3335 1098 3396 ltem
1131 3334 1346 3416 juramentum
1379 3336 1438 3396 sibi
1464 3335 1517 3396 ad-

250 3441 428 3522 judicatum
453 3441 538 3504 idem
564 3442 746 3504 Anthonius
771 3442 919 3523 deposuit
944 3456 978 3503 ut
1003 3441 1125 3503 debuit.
1200 3507 1204 3515 ,

359 3549 435 3611 Item
454 3569 582 3611 causam
601 3550 683 3610 inter
700 3549 868 3610 mulierem
890 3548 1057 3610 Laurencii
1075 3547 1212 3608 barberii
1235 3560 1265 3607 et
1283 3547 1364 3608 inter
1382 3547 1517 3608 Paulum

252 3656 427 3738 agricolam
453 3656 582 3716 racione
607 3657 788 3733 verberum,
813 3655 901 3736 quod
927 3655 993 3736 ipsa
1019 3656 1200 3736 peripsum
1226 3654 1363 3714 Paulum
1387 3653 1447 3714 sibi
1474 3652 1518 3713 ie-

250 3763 328 3823 cisse
354 3763 555 3843 proponebat
572 3777 602 3822 et
626 3761 807 3823 cicatricem
825 3760 1026 3839 ostendebat,
1045 3761 1112 3842 ipsa
1133 3780 1212 3820 uxor
1231 3761 1330 3841 ipsius
1349 3759 1518 3820 Laurencii

250 3868 317 3950 ipsa
342 3868 523 3950 supradicta
548 3866 625 3929 feria
651 3868 747 3929 tercia
767 3866 975 3928 secundamct
992 3865 1095 3947 jurare
1120 3867 1299 3941 tenebitur;
1325 3880 1355 3926 et
1372 3865 1448 3926 dum
1467 3865 1515 3944 ju·

249 3975 341 4053 rabit,
367 3989 441 4036 tunc
460 3975 527 4056 ipse
545 3975 664 4036 Paulus
680 3986 790 4035 contra
810 3973 947 4035 eandem
967 3973 1133 4034 convictus
1156 3973 1215 4034 erit
1233 3973 1263 4033 in
1282 3973 1393 4033 decem
1410 3973 1517 4054 pensis

250 4095 280 4143 et
304 4081 403 4163 judici
429 4101 502 4142 curn
527 4081 637 4162 juratis
664 4081 696 4142 in
722 4093 851 4142 centum
877 4079 1028 4142 denariis.

358 4188 436 4250 ltem
462 4207 590 4249 causam
616 4188 698 4250 inter
722 4187 884 4249 Andrearn
903 4199 1056 4265 sutorem,
1082 4187 1213 4270 Endrey
1231 4187 1364 4266 dictum,
1389 4199 1420 4248 et
1437 4187 1519 4248 inter

253 4295 373 4356 Lucam
399 4309 553 4373 sutorem,
578 4295 721 4356 seniores
754 4293 885 4376 juratos,
919 4293 1048 4355 racione
1073 4293 1173 4355 debiti
1206 4314 1259 4354 sex
1285 4293 1352 4356 flor.
1378 4307 1408 4354 et
1439 4294 1518 4356 lucri

252 4401 342 4481 quod
368 4402 400 4462 in
426 4402 618 4463 vendicione
643 4415 806 4462 certorum
829 4401 950 4461 bovum
967 4399 1027 4460 sibi
1053 4400 1158 4461 eidem
1185 4401 1314 4483 Endrey
1338 4400 1517 4461 debitorem

250 4509 424 4589 allegabat,
450 4508 534 4569 idem
555 4509 656 4569 Lucas
681 4527 739 4590 pro
756 4507 867 4568 debito
889 4507 1032 4588 ipsorum
1057 4527 1110 4568 sex
1128 4505 1197 4569 flor.
1222 4507 1290 4568 auri
1310 4507 1423 4569 eadem
1441 4504 1518 4568 feria

248 4616 345 4676 tercia
377 4614 533 4676 solusmet
563 4613 668 4692 jurare
701 4614 877 4690 tenebitur,
910 4612 998 4693 quod
1031 4613 1096 4693 ipse
1128 4611 1215 4674 idem
1247 4613 1377 4694 Endrey
1415 4613 1515 4674 sutori

253 4721 357 4803 ipsum
382 4734 487 4783 totum
512 4720 669 4798 debitum,
687 4739 752 4801 quo
770 4720 856 4801 ipsos
874 4720 972 4779 boves
993 4720 1165 4780 abeodem
1184 4720 1322 4799 emisset,
1347 4718 1518 4796 satisfecit;

250 4841 282 4888 et
306 4827 395 4888 aliud
420 4827 636 4908 juramentum
654 4825 801 4888 similiter
818 4839 958 4907 prestare
976 4825 1137 4887 tenebitur
1155 4825 1321 4905 solusmet,
1345 4826 1434 4908 quod
1452 4825 1518 4906 ipse

257 4935 356 4994 Lucas
381 4952 488 4993 veram
515 4945 638 5014 partem
664 4932 741 4992 lucri
768 4931 857 4991 dedit
881 4943 912 4992 et
937 4931 1119 5012 assignavit.

781 5103 991 5122 *ΡΟ-4*-
