3644 5788
391 515 452 574 208
773 513 859 569 Anno
882 507 973 588 1461.
997 544 1041 554 —
1065 525 1114 588 14.
1139 513 1265 584 augusti.

496 725 574 785 Item
600 725 763 786 lohannes
788 722 949 783 Werchek
967 722 1071 784 dictus
1087 737 1197 784 contra
1223 722 1417 804 Gregorium
1442 737 1582 784 sutorem
1607 742 1651 782 ra-

389 831 481 892 cione
506 830 673 891 cuiusdam
700 829 825 890 biccelli
851 828 1066 909 juramentum
1093 829 1229 910 prestitit
1254 843 1285 890 et
1308 851 1341 892 se
1366 829 1564 912 expurgavit.

496 937 573 998 ltem
601 935 777 1018 Gregorius
802 936 952 1018 Burdycb
980 937 1173 998 secundario
1205 937 1318 998 citatus
1342 953 1452 998 contra
1477 935 1651 1016 Georgium

389 1042 560 1124 pellificem
586 1063 651 1104 non
677 1042 858 1122 comparuit
882 1042 913 1102 in
939 1041 1060 1124 judicio
1077 1062 1184 1104 coram
1210 1043 1304 1105 nobis
1326 1043 1466 1105 racione.
1491 1043 1609 1122 (deest).

494 1151 571 1211 ltem
599 1149 684 1211 Dora
709 1149 818 1211 relicta
843 1148 981 1210 condam
1007 1149 1137 1210 Martini
1174 1151 1331 1228 Kranecz,
1365 1149 1507 1211 concivis
1538 1161 1654 1224 nostra,

388 1256 581 1318 multociens
606 1269 729 1338 reperta
752 1252 813 1317 fuit
837 1255 869 1316 in
895 1253 1052 1316 maleficia
1089 1255 1322 1318 concubinatus
1346 1269 1377 1317 et
1400 1255 1508 1338 sepius
1532 1254 1653 1315 monita

389 1376 425 1425 ut
450 1363 489 1424 ab
515 1363 584 1445 ipso
609 1362 696 1423 malo
721 1380 818 1443 opere
851 1361 1019 1439 resisteret,
1045 1375 1075 1422 et
1098 1362 1174 1442 quia
1198 1362 1266 1444 ipsa
1298 1363 1442 1424 resistere
1466 1361 1582 1438 noluit,
1599 1361 1652 1421 sed

388 1489 445 1550 per
470 1467 657 1529 convicinos
681 1487 757 1528 suos
778 1468 959 1548 reprobata,
985 1465 1058 1527 ideo
1092 1487 1151 1528 nos
1175 1467 1281 1529 eidem
1310 1468 1487 1549 ingressum
1520 1467 1653 1528 civitatis

389 1595 404 1635 a
433 1574 532 1636 modo
558 1573 777 1656 peramplius
806 1573 1039 1651 interdiximus,
1071 1575 1125 1634 ubi
1150 1587 1257 1636 autem
1289 1574 1486 1656 peramplius
1510 1573 1541 1634 in
1567 1573 1653 1634 terri-

388 1682 472 1743 torio
498 1681 597 1762 ipsius
622 1679 758 1742 civitatis
789 1680 991 1760 reperiretur,
1016 1693 1131 1742 extunc
1163 1699 1278 1762 penam
1297 1699 1394 1761 quam
1419 1679 1504 1760 juxta
1538 1691 1652 1742 statuta

389 1787 524 1848 civitatis
548 1799 714 1870 prenotate
739 1785 803 1867 pati
829 1799 859 1846 et
883 1785 989 1867 puniri
1014 1799 1168 1849 teneatur.

495 1893 573 1955 ltem
598 1892 685 1975 quod
712 1892 881 1954 Ladislaus
904 1892 1036 1973 juratus,
1063 1892 1180 1953 Paulus
1203 1891 1328 1974 Weryn
1352 1905 1441 1954 sutor
1473 1904 1504 1952 et
1530 1891 1651 1952 Blasius

389 1999 568 2082 lutifigulus
592 2013 700 2060 contra
721 1998 915 2080 Gregorium
941 1997 1098 2080 Bwrdych
1121 1998 1152 2059 in
1170 1997 1291 2080 judicio
1315 1996 1524 2060 testificarunt
1548 2017 1652 2058 coram

389 2108 493 2186 nobis,
518 2107 686 2188 quomodo
711 2105 779 2187 ipse
804 2104 981 2186 Gregorius
1006 2103 1164 2187 Bwrdych
1197 2104 1228 2165 in
1255 2104 1354 2166 domo
1380 2103 1546 2166 Benedicti
1572 2103 1653 2164 auri·

387 2212 469 2276 fabri
494 2214 590 2274 deum
616 2227 647 2274 et
663 2213 788 2273 beatam
814 2211 972 2292 virginem
990 2209 1221 2272 blasilemasset
1245 2223 1275 2271 et
1291 2211 1367 2273 talia
1392 2212 1487 2272 verba
1514 2209 1654 2288 dixisset,

388 2317 475 2400 quod
502 2317 636 2378 ulterius
660 2317 757 2377 deum
782 2329 813 2378 et
837 2317 962 2377 beatam
987 2315 1145 2397 virginem
1170 2317 1288 2377 servire
1313 2335 1376 2377 non
1403 2315 1501 2378 vellet
1524 2315 1582 2377 sed
1599 2335 1654 2396 po·

388 2425 456 2486 cius
480 2424 635 2484 demones
670 2422 725 2503 qui
760 2421 880 2483 eisdem
914 2421 1040 2502 juravit,
1073 2422 1149 2502 quis
1181 2435 1351 2504 postquam
1386 2421 1505 2504 incepit
1536 2422 1654 2482 servire

389 2531 452 2592 deo
476 2544 508 2591 et
531 2531 623 2591 beate
647 2528 763 2610 virgini
788 2528 911 2590 nullam
936 2525 1098 2589 fortunam
1123 2527 1265 2590 haberet.

491 2636 568 2698 Item
594 2635 669 2716 quia
693 2635 788 2696 lanse
822 2633 907 2696 filius
931 2634 1024 2694 lanse
1057 2635 1139 2694 Zore
1175 2635 1264 2712 dicti,
1297 2634 1336 2694 de
1362 2633 1574 2717 Bolethyncz,
1599 2633 1656 2714 qui

387 2745 585 2805 subtraxerat
618 2761 719 2804 unuin
751 2760 870 2822 equum
906 2741 1072 2802 cuiusdam
1104 2739 1201 2802 vidue
1233 2741 1265 2801 in
1297 2753 1391 2822 portu
1422 2739 1511 2801 fluvii
1538 2740 1656 2801 Drmve

389 2867 488 2931 prope
514 2849 713 2930 Pettowyam
739 2847 980 2924 commorantis,
1005 2861 1036 2908 et
1067 2847 1106 2908 ad
1131 2847 1250 2908 dictam
1272 2845 1432 2908 civitatem
1457 2847 1655 2922 adduxisset,

389 2969 420 3016 et
444 2955 494 3016 hic
520 2955 550 3015 in
577 2955 704 3016 civitate
721 2954 864 3035 predicta
891 2953 1040 3015 detentus
1064 2968 1095 3015 et
1112 2954 1292 3015 carceribus
1313 2953 1514 3035 mancipatus
1532 2951 1657 3030 luisset,

388 3081 485 3143 quem
510 3079 630 3142 equum
656 3061 722 3141 ipse
748 3059 843 3120 lanse
875 3057 995 3120 furasse
1027 3057 1128 3120 fassus
1158 3058 1278 3138 fuisset,
1311 3059 1385 3120 ideo
1410 3059 1503 3141 jurati
1530 3059 1658 3140 adjudi-

389 3179 552 3244 caverunt,
577 3180 611 3226 ut
635 3167 694 3248 ipsi
720 3166 813 3226 lause
834 3185 893 3248 pro
915 3166 1018 3247 prima
1035 3166 1238 3227 correccione
1256 3165 1394 3226 debeant
1418 3164 1542 3226 abscidi
1561 3165 1658 3225 ambe

388 3273 530 3334 auricule
556 3286 587 3334 et
610 3272 706 3334 debet
741 3271 801 3332 sibi
833 3271 961 3332 easdem
987 3291 1079 3332 aures
1102 3271 1266 3332 abscidere
1290 3270 1405 3333 Vrsula
1430 3270 1656 3352 Jagatbycbua

389 3380 483 3458 dicta,
508 3379 655 3440 similiter
678 3397 736 3459 pro
754 3376 916 3439 lurticinio
941 3391 1079 3459 quatuor
1101 3378 1250 3439 ulnarum
1267 3377 1340 3456 tele,
1364 3389 1395 3438 et
1411 3377 1561 3439 abscissis
1580 3377 1660 3459 ipsis

387 3487 539 3549 auriculis
563 3486 648 3547 idem
674 3486 767 3546 Janse
793 3499 824 3546 et
848 3485 962 3546 Vrsula
987 3485 1026 3545 de
1044 3485 1169 3546 civitate
1191 3497 1222 3547 et
1246 3485 1314 3546 eius
1338 3484 1498 3546 territorio
1515 3485 1660 3566 turpiter

388 3593 504 3675 expelli
530 3593 573 3654 ita
598 3593 685 3674 quod
712 3591 750 3653 de
768 3605 873 3652 cetero
899 3605 930 3653 et
945 3611 1002 3672 per
1026 3591 1165 3672 amplius
1183 3591 1213 3651 in
1237 3590 1398 3652 civitatem
1423 3604 1454 3652 et
1478 3589 1549 3650 eius
1567 3593 1663 3652 terri·

387 3701 506 3762 totium
531 3700 597 3780 ipse
622 3699 716 3760 Janse
741 3713 771 3759 et
799 3698 914 3758 Vrsula
947 3717 1013 3758 non
1039 3697 1158 3758 debent
1190 3697 1318 3774 intrare,
1351 3697 1405 3777 qui
1431 3695 1520 3758 side
1549 3712 1665 3760 cetero

388 3821 419 3868 et
443 3805 661 3888 peramplius
692 3806 724 3866 in
750 3804 833 3866 dicta
866 3804 995 3866 civitate
1027 3818 1057 3864 et
1089 3803 1158 3864 eius
1189 3803 1350 3864 territorio
1385 3803 1500 3886 reperti
1536 3803 1665 3866 fuerint

387 3913 473 3995 juxta
499 3931 609 3973 eorum
636 3911 790 3972 demerita
815 3929 931 3992 penam
956 3929 1054 3992 quam
1083 3909 1313 3971 demeruerunt
1337 3909 1512 3991 pacientur.

495 4019 572 4079 ltem
591 4037 718 4079 causam
745 4018 826 4078 inter
844 4017 1048 4079 Clementem
1068 4015 1261 4097 lreniparem
1279 4029 1309 4076 et
1326 4015 1530 4077 Anthonium
1553 4015 1668 4078 Soldi-

388 4145 488 4207 naryn
515 4125 781 4204 adjudicaverunt
797 4122 902 4204 jurati,
920 4123 1008 4203 quod
1033 4120 1174 4203 prelatus
1191 4121 1345 4184 Clemens
1363 4119 1502 4202 frenipar
1530 4137 1668 4184 tenetur
1747 4103 1751 4108 Ι

389 4233 476 4314 prius
500 4232 625 4292 solvere
650 4231 708 4312 ipsi
735 4229 901 4292 Anthonio
920 4229 1071 4291 Soldinar
1095 4248 1195 4310 usque
1213 4229 1347 4289 tercium
1373 4227 1458 4289 diem
1483 4227 1577 4291 duos
1596 4230 1669 4292 flor.
1735 4227 1742 4240 '

388 4339 467 4416 auri,
493 4355 575 4419 quos
600 4337 757 4398 concessit
788 4337 904 4414 eidem,
937 4351 1046 4418 postea
1072 4355 1148 4396 vero
1181 4334 1323 4418 prefatus
1348 4335 1538 4398 Anthonius
1574 4339 1669 4400 reha-

389 4445 462 4506 bitis
486 4443 580 4504 dictis
597 4443 724 4504 duobus
741 4442 809 4504 flor.
828 4443 896 4504 auri
913 4455 1040 4504 tenetur
1057 4442 1116 4523 ipsi
1138 4441 1300 4504 Clementi
1318 4441 1394 4502 dare
1411 4454 1518 4504 tantas
1539 4464 1671 4507 merces

387 4571 446 4633 pro
471 4550 598 4611 duobus
623 4548 692 4611 flor.
717 4550 784 4610 auri
810 4548 860 4609 hic
885 4550 917 4610 in
950 4549 1076 4612 civitate
1100 4547 1379 4630 quemadmodum
1411 4548 1547 4611 easdem
1576 4572 1668 4614 com·

387 4657 510 4739 paravit
534 4657 567 4718 in
592 4657 736 4737 partibus
765 4656 947 4733 Tewtonie,
984 4657 1051 4737 ipse
1083 4674 1160 4716 vero
1185 4654 1339 4717 Clemens
1362 4653 1507 4734 irenipar
1531 4670 1669 4721 tenetur

388 4765 512 4825 solvere
538 4763 594 4844 ipsi
621 4762 787 4822 Anthonio
814 4762 964 4822 Soldinar
987 4781 1046 4843 pro
1075 4759 1283 4839 conductura,
1309 4759 1415 4841 fatigis
1440 4774 1470 4821 et
1497 4766 1670 4846 expensis.

495 4869 572 4930 ltem
597 4887 724 4930 causam
749 4869 831 4929 inter
855 4868 1016 4951 Jelyezam
1041 4867 1184 4928 relictam
1210 4867 1349 4927 condam
1374 4867 1523 4928 Simonis
1551 4871 1672 4933 Kwsar

389 4977 463 5038 dicti
497 4990 527 5035 ct
561 4976 642 5036 inter
675 4975 777 5036 Frane
807 4975 1101 5036 molendinatorem
1141 4988 1171 5034 et
1203 4973 1335 5035 Gallum
1368 4971 1471 5033 filium
1510 4977 1668 5042 eiusdem
