3818 5786
606 567 692 622 Anno
716 577 806 641 1450.
833 600 870 608 —
897 579 948 626 20.
974 565 1143 624 novembris.
1478 583 1496 644 9

229 781 258 841 in
290 780 352 840 hoc
387 779 500 842 seculo
531 780 700 860 temporali
734 779 872 856 vixisset,
905 777 1015 838 vinum
1048 797 1141 838 suum
1175 795 1331 858 reponere
1363 776 1497 852 solebat,

229 887 332 949 eidern
359 886 490 948 Andree
516 886 583 947 Lah
606 899 754 968 tempore
779 885 936 966 judicatus
961 884 1089 945 Martini
1122 885 1200 945 alias
1225 884 1339 964 judicis
1365 897 1395 946 et
1420 903 1495 944 con-

230 995 305 1054 civis
322 993 421 1054 nostri
440 992 498 1054 filii
517 992 657 1070 Thorne,
679 993 719 1054 de
737 1011 822 1053 anno
837 991 968 1054 Domini
987 991 1159 1052 millesimo
1174 989 1352 1053 CCCCXL
1370 1005 1496 1072 quarto,

231 1098 307 1160 feria
332 1113 445 1180 quarta
471 1099 617 1182 proxima
650 1111 722 1180 post
754 1096 869 1160 festum
895 1099 987 1158 beate
1020 1097 1117 1158 Lucie
1142 1096 1274 1178 virginis
1307 1111 1337 1158 et
1361 1096 1498 1158 martiris

232 1206 362 1283 Christi,
376 1205 501 1267 dudum
520 1205 686 1288 preteritis,
711 1223 770 1286 pro
787 1219 860 1266 octo
882 1202 1012 1264 florenis
1035 1203 1103 1264 auri
1123 1203 1228 1264 taliter
1253 1203 1497 1284 inpignorasset,

231 1312 318 1394 quod
342 1331 401 1394 pro
426 1312 556 1392 singulo
580 1311 727 1393 quolibet
758 1329 843 1372 anno
875 1311 1018 1392 ipsorum
1044 1323 1117 1371 octo
1150 1328 1308 1370 annorum
1333 1309 1495 1390 singulum

232 1438 331 1481 unum
357 1417 516 1479 florenum
540 1419 608 1478 auri
634 1417 793 1481 dictorum
826 1431 899 1479 octo
924 1416 1121 1478 florenorum
1155 1417 1223 1478 auri
1247 1436 1374 1497 semper
1397 1414 1495 1477 defal-

232 1547 301 1589 care
327 1541 359 1589 et
375 1527 537 1607 deponere
555 1525 728 1603 debuisset,
746 1537 841 1608 prout
855 1525 922 1606 ipse
939 1523 1084 1586 Andreas
1102 1523 1168 1586 Lah
1187 1525 1335 1586 benivole
1353 1543 1495 1606 assump-

231 1647 333 1710 serat3
358 1647 465 1694 tamen
491 1633 568 1714 quia
592 1630 706 1714 prefati
735 1631 898 1694 Fabianus
932 1646 963 1694 et
987 1631 1170 1694 anthonius
1200 1645 1347 1710 sartores,
1371 1632 1495 1694 literam

233 1755 374 1802 nostram
398 1759 455 1802 seu
480 1740 616 1801 civitatis
640 1738 760 1821 prefate
786 1739 1019 1821 privilegialem
1038 1757 1097 1821 pro
1122 1753 1210 1821 parte
1236 1739 1377 1821 ipsorum
1402 1758 1498 1821 super

232 1847 374 1930 predicta
399 1847 499 1908 domo
523 1861 554 1907 et
578 1845 680 1908 fundo
704 1867 740 1909 ac
773 1845 931 1908 hedificiis
962 1865 1072 1907 corum
1098 1845 1204 1908 medie
1238 1845 1323 1907 curie
1348 1860 1420 1929 post
1450 1847 1497 1907 in-

230 1953 496 2037 pignoracionem
514 1951 693 2015 confectam
711 1967 741 2014 et
758 1967 938 2014 emanatam
957 1973 1020 2014 una
1044 1971 1117 2014 cum
1135 1953 1247 2014 eadem
1266 1953 1377 2031 d0m0,
1394 1950 1496 2014 londo

232 2073 263 2121 et
285 2059 443 2121 hedificiis
460 2059 566 2122 medie
591 2059 677 2121 curie
695 2073 766 2142 post
783 2059 1081 2142 inpignoracionem
1099 2059 1232 2141 predicti
1258 2059 1364 2120 celarii
1383 2077 1495 2120 eorum

233 2167 314 2250 Elye
350 2166 443 2228 ludei
469 2165 524 2227 filii
552 2165 693 2228 Simonis
726 2166 931 2228 inhabitatori
965 2166 1047 2228 dicte
1080 2165 1216 2228 civitatis
1241 2185 1298 2248 pro
1331 2179 1414 2226 certa
1439 2185 1495 2227 sua

232 2273 367 2356 pecunia
392 2272 551 2355 corporali
577 2286 607 2334 et
631 2292 689 2356 pro
715 2291 809 2334 usura
834 2293 927 2355 supra
960 2271 1061 2354 ipsam
1094 2287 1305 2351 excrescente,
1330 2293 1431 2355 usque
1456 2273 1495 2334 ad

232 2393 360 2462 ternpus
392 2377 566 2440 solucionis
598 2397 710 2440 eorum
751 2379 1053 2460 inpignoraverant,
1086 2391 1117 2440 et
1148 2380 1224 2461 quia
1256 2394 1327 2462 post
1361 2381 1494 2460 longum

232 2501 358 2568 tempus
395 2486 472 2547 dum
505 2485 564 2568 ipsi
598 2485 759 2547 Fabianus
790 2499 821 2547 et
854 2486 1037 2547 Anthonius
1068 2499 1204 2548 sartores
1237 2487 1338 2568 ipsam
1371 2487 1495 2548 literam

232 2613 342 2656 eorum
368 2593 603 2676 privilegialem
627 2613 701 2655 curn
726 2593 868 2676 predicta
893 2593 992 2656 domo
1025 2609 1056 2657 et
1081 2593 1182 2656 iundo
1207 2615 1244 2656 ac
1267 2594 1424 2658 hedificiis
1449 2596 1496 2678 ip·

234 2719 340 2761 sorum
375 2699 482 2761 medie
515 2700 600 2761 curie
634 2719 650 2761 a
683 2698 807 2782 prelato
841 2701 920 2784 Elya
947 2683 1050 2763 Judeo
1082 2702 1250 2784 prodicta
1281 2721 1337 2763 sua
1361 2703 1496 2784 pecunia

234 2806 392 2889 corporali
418 2819 450 2868 et
473 2825 532 2888 pro
546 2825 640 2868 usura
658 2827 754 2889 supra
780 2807 880 2889 ipsam
907 2823 1108 2871 excrescente
1134 2810 1164 2870 in
1183 2809 1329 2892 pluribus
1352 2809 1497 2872 terminis

234 2913 374 2996 juridicis
400 2913 477 2995 ipsis
501 2932 557 2994 per
581 2931 640 2974 nos
664 2912 702 2974 ad
727 2913 977 2996 requisicionem
1002 2928 1032 2978 et
1056 2915 1250 2998 peticionem
1275 2915 1388 2998 prefati
1415 2915 1495 2998 Elye

235 3019 325 3081 Judei
342 3019 499 3100 legittime
517 3018 598 3081 datis
615 3032 646 3081 et
662 3019 821 3104 deputatis
839 3020 972 3082 minime
990 3022 1147 3084 redimere
1173 3023 1353 3101 voluerunt,
1372 3037 1492 3084 etcum

234 3127 364 3190 demum
382 3128 450 3209 ipse
469 3127 567 3209 Elyas
586 3125 707 3187 Judeus
723 3127 898 3208 predictam
917 3127 1050 3191 domum
1069 3129 1175 3192 medie
1200 3131 1284 3191 curie
1302 3149 1375 3191 cum
1393 3128 1494 3191 fundo

236 3247 265 3296 et
288 3232 446 3295 hedificiis
471 3247 502 3294 et
525 3233 591 3294 suis
615 3233 820 3316 pertinenciis
844 3235 1002 3296 universis
1026 3255 1063 3296 cx
1087 3235 1251 3318 judiciaria
1277 3253 1383 3298 nostra
1408 3257 1495 3300 com·

233 3341 384 3402 missione
407 3339 536 3401 cuidam
560 3341 661 3401 sutori
682 3341 842 3422 prodicta
866 3361 922 3402 sua
939 3342 1077 3424 pecunia
1093 3345 1251 3425 corporali
1278 3359 1308 3406 et
1325 3365 1383 3428 pro
1401 3365 1494 3408 usura

233 3467 325 3529 supra
359 3446 461 3528 ipsam
494 3459 694 3508 excrescente
723 3447 930 3526 vendidisset,
961 3462 1069 3510 tamen
1101 3451 1176 3532 quia
1201 3451 1378 3533 predictum
1412 3453 1493 3514 cela·

232 3553 312 3614 rium
338 3554 584 3614 subterraneum
616 3553 759 3634 ipsorum
794 3554 927 3616 Fabiani
961 3569 991 3616 et
1026 3555 1181 3618 Anthonii
1213 3571 1382 3636 sartorum,
1407 3559 1495 3640 prius

231 3679 287 3741 per
310 3659 491 3743 predictum
517 3659 696 3721 Fabianum
714 3673 868 3722 sartorem
894 3660 1018 3744 prefato
1036 3663 1173 3724 condam
1198 3663 1327 3726 Andree
1353 3664 1419 3725 Lah
1437 3685 1495 3747 pro

232 3765 381 3848 predictis
413 3779 487 3827 octo
519 3763 648 3827 florenis
688 3766 756 3828 auri
791 3767 890 3828 modo
922 3768 1077 3849 premisso
1112 3770 1351 3852 inpignoratum
1383 3772 1495 3850 extitit,

232 3872 371 3954 ideoque
397 3891 457 3934 nos
480 3871 636 3954 prefatam
669 3873 803 3934 domurn
829 3873 935 3936 medie
968 3875 1054 3938 curie
1086 3897 1158 3938 cum
1184 3876 1285 3939 fundo
1309 3899 1346 3939 ac
1376 3879 1494 3940 celario

232 3999 266 4040 ac
297 3979 433 4040 cisterna
465 3993 496 4040 et
527 3977 683 4040 hedificiis
719 3994 749 4040 et
781 3981 894 4042 ceteris
922 3983 1127 4065 pertinenciis
1163 3985 1319 4045 universis
1350 3986 1493 4067 predicto

232 4084 361 4146 Andree
387 4083 453 4147 Lah
480 4085 549 4168 ipso
573 4085 678 4147 adhuc
703 4085 830 4148 vivente
854 4106 914 4169 pro
936 4088 1078 4170 predicta
1107 4091 1242 4172 pecunia
1266 4092 1424 4172 corporali
1448 4093 1493 4173 ip-

231 4191 295 4252 sius
320 4190 402 4274 Elye
428 4191 519 4253 ludei
546 4211 581 4253 ac
608 4212 666 4274 pro
691 4193 758 4274 ipsa
783 4212 878 4255 usura
903 4214 997 4277 supra
1026 4197 1161 4258 eandem
1186 4198 1354 4278 pecuniam
1380 4217 1493 4279 corpo·

232 4299 329 4360 ralem
356 4311 567 4378 excrescente,
593 4319 649 4381 per
666 4299 769 4380 ipsum
796 4299 959 4362 Andream
978 4301 1044 4362 Lah
1066 4316 1182 4365 eotunc
1208 4303 1266 4386 ipsi
1285 4305 1364 4386 Elye
1390 4305 1493 4365 ludeo

232 4419 325 4486 prout
349 4405 486 4486 ipsemet
500 4425 557 4487 pro
573 4419 648 4468 tunc
667 4407 759 4467 nobis
776 4407 884 4468 retulit
901 4408 995 4490 plene
1013 4411 1195 4491 persolutis,
1221 4413 1260 4472 ab
1279 4411 1393 4472 eodem
1413 4411 1493 4493 Elya

232 4511 334 4574 ludeo
359 4511 581 4574 redimendam
601 4513 823 4576 commisimus
847 4529 878 4576 et
901 4515 1039 4577 tamdiu
1065 4518 1293 4599 possidendam
1318 4519 1420 4580 donec
1439 4539 1494 4601 per

232 4619 391 4699 predictos
421 4619 601 4681 Fabianum
631 4635 662 4682 et
694 4621 895 4682 Anthonium
928 4637 1064 4684 sartores
1095 4639 1150 4686 aut
1186 4627 1328 4707 ipsorum
1361 4627 1494 4688 heredes

232 4725 341 4786 eadem
367 4725 486 4786 domus
510 4725 615 4786 medie
634 4727 721 4788 curie
745 4747 818 4788 curn
836 4727 938 4788 lundo
956 4743 986 4790 et
1003 4729 1121 4792 celario
1146 4752 1181 4793 ac
1199 4734 1332 4794 cisterna
1357 4749 1387 4795 et
1404 4733 1492 4795 hedi·

233 4829 307 4892 ficiis
332 4832 545 4892 redimeretur
569 4851 627 4914 pro
660 4853 784 4894 summa
816 4835 951 4917 pecunie
977 4851 1152 4917 prenotata.
1187 4841 1226 4900 Et
1250 4841 1324 4922 quia
1350 4861 1408 4901 nec
1433 4843 1491 4923 ipsi

233 4935 390 4998 Fabianus
422 4950 453 4998 et
489 4937 672 4999 Anthonius
707 4953 842 5000 sartores
878 4961 936 5002 ncc
972 4943 1114 5021 ipsorum
1148 4944 1280 5006 heredes
1316 4947 1490 5026 predictam

233 5042 363 5106 domurn
388 5059 420 5105 et
437 5043 573 5106 fundum
599 5065 636 5106 ac
653 5046 805 5107 celarium
831 5060 861 5108 et
886 5047 1052 5110 cisternam
1073 5071 1107 5112 ac
1132 5051 1278 5114 hedificia
1305 5073 1362 5114 nec
1388 5073 1491 5136 apre-
