3838 5786
399 517 462 597 380
774 520 860 576 Anno
883 529 972 596 1471.
998 551 1039 560 —
1061 531 1108 578 11.
1124 519 1276 593 januarii.

398 729 519 809 expulit
543 741 574 790 et
597 729 737 790 eundem
762 748 834 790 cum
869 729 984 790 eodem
1018 731 1134 793 baculo
1162 729 1352 806 verberavit,
1385 742 1480 810 prout
1503 727 1564 790 hoc
1590 747 1664 788 curn

398 835 584 897 testimonio
618 837 787 898 Laurencii
818 855 939 918 sporar,
970 837 1106 900 senioris
1137 837 1241 918 jurati,
1274 837 1341 918 ipse
1375 834 1536 915 Georgius
1569 853 1665 916 preco

397 961 504 1003 coram
531 943 625 1004 nobis
649 957 680 1004 et
705 957 770 1004 tota
795 944 1026 1006 communitate
1043 943 1268 1028 comprobavit
1292 957 1323 1005 et
1345 941 1536 1004 testificavit.
1561 942 1666 1024 Super

398 1048 599 1129 quoquidem
625 1048 709 1111 facto
734 1049 833 1131 ipsius
857 1050 1054 1132 recepcionis
1075 1051 1160 1112 vadii
1186 1069 1241 1132 per
1266 1049 1371 1130 ipsum
1397 1047 1575 1129 Georgium
1593 1068 1665 1130 pre-

400 1174 513 1216 conem
538 1153 605 1216 fieri
631 1156 788 1234 debenda,
813 1156 878 1239 ipse
905 1156 1007 1217 Lucas
1038 1171 1139 1218 sartor
1163 1169 1272 1218 contra
1305 1154 1444 1238 prelatos
1468 1154 1608 1237 judicem
1633 1169 1664 1216 et

399 1260 521 1342 juratos
545 1261 577 1322 id
602 1281 709 1322 coram
736 1261 830 1323 nobis
847 1263 1057 1343 proponebat,
1082 1261 1170 1344 quod
1196 1262 1254 1344 ipsi
1273 1261 1368 1342 judex
1394 1273 1425 1322 et
1448 1261 1541 1342 jurati
1559 1260 1665 1321 eidem

398 1367 484 1428 Luce
516 1387 553 1428 ex
585 1367 804 1430 destinatione
836 1381 867 1429 et
898 1369 1138 1430 transmissione
1171 1368 1270 1450 ipsius
1302 1366 1434 1448 Georgii
1460 1367 1608 1448 preconis
1632 1381 1663 1427 et

398 1473 482 1535 vadii
508 1475 556 1534 sui
582 1474 780 1556 recepcionis
808 1474 938 1536 eosdem
964 1474 1136 1536 violatores
1153 1487 1182 1535 et
1199 1474 1389 1557 spoliatores
1409 1493 1444 1534 ac
1463 1473 1663 1554 calumpnia·

398 1594 483 1641 tores
506 1583 676 1659 asserebat,
701 1581 854 1662 quodque
888 1581 955 1662 ipse
981 1581 1083 1642 Lucas
1107 1594 1216 1642 contra
1242 1581 1373 1642 eosdem
1397 1580 1536 1661 judicem
1563 1593 1593 1640 et
1617 1579 1664 1660 ju·

400 1699 485 1748 ratos
508 1687 641 1748 minime
667 1687 877 1769 comprobare
902 1688 1017 1769 potuit,
1049 1707 1145 1768 quem
1172 1687 1292 1748 Lucam
1318 1687 1385 1768 ipse
1410 1687 1541 1747 Rawsar
1565 1686 1661 1768 judex

397 1813 433 1854 ac
458 1793 552 1874 jurati
588 1793 671 1855 dicte
703 1793 839 1855 civitatis
872 1793 999 1854 racione
1032 1793 1131 1875 ipsius
1166 1791 1349 1875 calumpnie
1381 1805 1412 1853 et
1442 1792 1537 1875 spolii
1571 1793 1660 1873 quod

396 1913 506 1961 contra
532 1900 617 1982 ipsos
641 1899 700 1960 sibi
734 1899 849 1961 factam
882 1901 1084 1981 proponebat
1117 1919 1154 1960 ex
1182 1919 1232 1978 eo,
1264 1899 1352 1980 quod
1377 1911 1501 1960 tantum
1528 1899 1658 1960 vadium

397 2025 462 2066 non
500 2005 631 2068 haberet
666 2018 788 2086 quanto
820 2020 929 2067 contra
962 2005 1092 2067 eosdem
1125 2003 1264 2086 judicem
1298 2019 1329 2067 et
1361 2005 1480 2085 juratos
1513 2005 1663 2066 videlicet

396 2126 506 2174 contra
538 2113 717 2194 quemlibet
749 2132 859 2174 eorum
897 2113 929 2173 in
963 2112 1074 2173 decem
1108 2113 1223 2174 marcis
1257 2113 1464 2174 denariorum
1498 2113 1662 2173 convictus

397 2219 502 2281 existit
526 2234 557 2279 et
580 2239 637 2300 per
660 2219 802 2280 seniores
826 2219 947 2301 juratos
971 2219 1054 2280 dicte
1078 2219 1215 2280 civitatis
1239 2218 1441 2299 adjudicatus
1465 2218 1580 2295 existit,
1598 2218 1662 2279 sol-

397 2345 471 2386 vere
496 2345 560 2386 non
586 2326 708 2403 habuit,
731 2325 840 2406 sicque
866 2326 971 2407 ipsum
995 2326 1113 2386 Lucam
1138 2325 1193 2407 qui
1214 2325 1338 2386 nullum
1363 2323 1585 2385 fideiussorem
1603 2343 1660 2404 pro

397 2451 430 2493 se
447 2431 554 2512 posuit
570 2432 625 2492 sed
645 2451 771 2493 causam
789 2451 879 2494 suam
902 2431 940 2492 ad
959 2433 1100 2493 seniores
1117 2431 1200 2493 dicte
1216 2431 1352 2492 civitatis
1376 2430 1568 2512 appellabat.
1586 2431 1660 2508 (sic).

502 2555 579 2616 ltem
615 2557 689 2636 quia
715 2553 851 2617 Mathias
879 2555 954 2617 God
985 2555 1089 2616 dictus
1120 2555 1360 2616 molendinator
1393 2553 1524 2615 ecclesie
1558 2553 1657 2614 sancti

395 2663 550 2724 lobannis
576 2663 606 2722 in
633 2664 724 2723 Nova
750 2662 837 2740 villa,
861 2662 948 2744 quod
967 2661 1191 2723 molendinum
1219 2661 1323 2723 existit
1339 2661 1370 2721 in
1389 2661 1549 2722 territorio
1574 2661 1659 2721 dicte

395 2769 541 2847 civitatis,
566 2769 621 2850 qui
655 2769 790 2830 Mathias
823 2769 854 2830 in
889 2769 1050 2831 territorio
1082 2768 1166 2830 dicte
1195 2768 1331 2828 civitatis
1363 2786 1493 2828 vaccam
1519 2767 1658 2827 Emerici

395 2875 663 2936 molendinatoris
688 2875 868 2936 vulneravit
904 2876 934 2936 in
966 2875 1056 2936 nullo
1088 2875 1231 2956 dampno
1263 2874 1323 2936 sibi
1350 2872 1445 2952 lact0,
1470 2875 1568 2935 etsie
1593 2875 1660 2954 ipse

395 2981 532 3043 Mathias
557 2980 631 3044 God
656 2983 753 3044 tercia
779 2982 846 3042 vice
870 2983 910 3042 ad
935 2981 1091 3063 judicium
1119 2995 1229 3042 contra
1262 2981 1367 3062 ipsum
1394 2981 1577 3041 Emericum
1605 3000 1658 3042 vo-

396 3103 483 3149 catus
516 3103 546 3149 et
578 3088 691 3150 citatus
716 3107 780 3148 non
816 3089 996 3169 comparuit
1028 3107 1133 3168 neque
1165 3087 1263 3166 venit,
1294 3087 1349 3147 sed
1375 3106 1432 3147 nec
1458 3087 1582 3148 mittere
1608 3107 1660 3148 cu-

395 3195 475 3254 ravit
499 3214 606 3255 coram
632 3195 734 3256 nobis.

501 3319 577 3379 ltem
603 3338 730 3379 causam
757 3319 838 3379 inter
860 3319 988 3380 Petrum
1008 3318 1125 3399 Sporar
1150 3331 1180 3378 et
1204 3317 1286 3379 inter
1304 3317 1487 3378 Emericum
1513 3317 1658 3398 Dywyalr

394 3425 522 3486 racione
554 3425 789 3486 verberationis
821 3439 851 3485 et
883 3424 1019 3485 crinium
1051 3424 1221 3485 traceionis
1249 3424 1316 3506 ipse
1341 3424 1452 3484 Petrus
1476 3423 1580 3504 jurare
1612 3437 1658 3484 te-

393 3545 485 3592 netur
516 3531 743 3592 secundusmet
774 3529 851 3592 feria
883 3544 967 3591 sexta
1002 3531 1146 3611 proxime
1179 3543 1324 3608 ventura,
1356 3529 1444 3610 quod
1471 3529 1537 3610 ipse
1563 3529 1659 3590 Eme·

394 3637 477 3696 ricus
502 3637 646 3718 Dywyak
681 3637 780 3717 ipsam
814 3636 1073 3697 verberacionem
1104 3655 1199 3717 super
1232 3636 1336 3719 ipsum
1362 3634 1445 3697 fecit.
1472 3635 1549 3696 ltem
1577 3636 1658 3695 Mar·

392 3743 478 3803 tinus
502 3755 590 3803 sutor
614 3742 717 3823 jurare
735 3743 907 3820 tenebitur,
932 3743 1019 3823 quod
1046 3761 1110 3802 non
1128 3741 1222 3804 traxit
1246 3742 1386 3803 eundem
1412 3761 1469 3802 nec
1494 3741 1657 3802 modicum

393 3867 452 3906 nec
476 3848 666 3924 minimum;
691 3846 779 3929 quod
805 3848 882 3908 dum
914 3847 1032 3928 jurabit
1064 3847 1130 3929 ipse
1156 3848 1267 3909 Petrus
1298 3861 1374 3909 tunc
1406 3847 1518 3908 decem
1553 3848 1659 3928 pensis

393 3967 423 4014 et
448 3954 669 4014 communitati
694 3954 724 4014 in
750 3968 881 4015 centum
910 3954 1057 4016 denariis.
1084 3954 1160 4015 Item
1195 3954 1345 4035 quitquid
1370 3953 1452 4016 ultra
1476 3973 1551 4014 cum
1577 3953 1658 4036 jura·

392 4073 502 4120 mento
527 4060 593 4140 ipse
619 4060 729 4121 Petrus
753 4061 884 4142 dampni
917 4062 1128 4142 comprobare
1162 4062 1288 4142 poterit,
1313 4061 1374 4122 hoc
1400 4060 1486 4122 idem
1511 4061 1656 4144 Dywyak

392 4165 516 4226 solvere
541 4166 712 4246 obligatur.

498 4289 576 4350 ltem
601 4310 728 4352 causam
753 4291 882 4352 racione
906 4292 1097 4353 violacionis
1121 4291 1259 4354 fornacis
1285 4306 1315 4354 et
1343 4292 1524 4354 hostiorum
1550 4313 1586 4354 ac
1610 4313 1656 4354 ar·

392 4397 506 4456 borum
525 4396 758 4458 deseccacionis
772 4419 828 4479 per
845 4399 868 4458 F
872 4399 1049 4460 rauciacum
1067 4401 1304 4482 carpentarium
1322 4399 1353 4460 in
1372 4399 1472 4461 domo
1493 4400 1524 4460 in
1539 4399 1656 4482 (blorto

392 4500 553 4581 plebanali
586 4517 693 4563 sancte
727 4504 924 4583 Margarethe
957 4503 1091 4584 factam,
1124 4506 1212 4586 quod
1246 4505 1470 4588 comprobavit
1505 4505 1657 4567 dominus

392 4604 551 4686 Georgius
575 4608 741 4688 plebanus,
767 4611 832 4691 ipse
859 4611 1046 4673 Franciscus
1077 4613 1242 4674 convictus
1267 4626 1314 4674 est
1345 4613 1377 4674 in
1403 4613 1516 4673 decern
1543 4614 1656 4674 marcis

391 4711 596 4772 denariorum
633 4714 664 4773 in
691 4713 814 4776 duabus
843 4717 986 4797 partibus
1019 4718 1076 4799 ipsi
1110 4718 1177 4779 leso
1203 4733 1233 4779 et
1259 4719 1290 4779 in
1323 4717 1422 4780 tercia
1448 4732 1537 4800 parte
1570 4739 1654 4781 com·

391 4817 550 4894 munitati,
574 4817 667 4898 jurati
699 4819 942 4900 adjudicarunt;
971 4824 1010 4884 de
1044 4844 1109 4904 quo
1134 4824 1255 4906 judicio
1280 4825 1455 4906 juratorum
1482 4845 1547 4886 non
1581 4847 1654 4888 con·

391 4935 495 4982 tentus
520 4923 585 5004 ipse
612 4925 797 4988 Franciscus
822 4929 996 5012 appellavit
1020 4929 1057 4990 ad
1084 4931 1227 4992 seniores
1252 4930 1382 5012 judices.
