3644 5788
396 592 455 650 150
786 568 987 650 Ann01458.
1014 605 1053 614 —
1078 567 1131 630 28.
1155 569 1269 644 aprilis.

1462 671 1652 680 ——--——-=

395 785 528 846 domum
554 805 643 846 suam
669 799 700 846 et
725 783 861 845 fundum
878 803 913 844 ac
934 782 1070 860 edificia,
1095 783 1324 862 universasque
1341 781 1560 862 possessiones
1584 799 1656 840 suas

395 911 468 953 cum
493 892 645 953 omnibus
668 891 854 952 earumdem
879 889 1070 952 utilitatibus
1091 903 1122 950 et
1146 888 1350 970 pertinenciis
1375 887 1533 949 universis
1550 887 1655 968 ipsum

393 998 545 1060 videlicet
569 997 749 1059 lohannem
767 997 946 1058 institorem
964 995 1021 1056 rite
1046 1009 1077 1058 et
1093 995 1248 1076 legittime
1266 1007 1363 1075 atque
1389 995 1563 1056 literatorie
1580 1012 1656 1054 con-

394 1117 570 1183 cernentes,
595 1102 716 1187 prefate
742 1101 916 1166 Katherine
941 1101 1032 1164 uxori
1058 1121 1113 1162 sue
1132 1101 1289 1182 legittime
1313 1101 1484 1182 legavisset
1508 1114 1538 1161 et
1562 1099 1656 1160 dimi-

392 1213 500 1288 sisset;
525 1211 571 1273 uti
598 1211 686 1294 prius
709 1211 860 1292 scriptum
880 1223 925 1270 est
941 1229 997 1291 per
1020 1209 1129 1270 omnia
1153 1222 1260 1269 tamen
1293 1228 1330 1269 ex
1354 1207 1555 1289 negligencia
1580 1206 1654 1268 hinc

393 1318 583 1381 secundario
608 1332 654 1381 est
682 1318 916 1398 consignatum.

501 1443 578 1504 ltem
615 1443 690 1525 quia
723 1439 865 1504 Maricha
896 1439 960 1502 filia
985 1440 1148 1502 Valentini
1173 1439 1343 1501 Predelosa
1376 1439 1485 1500 relicta
1519 1439 1657 1500 condam

393 1549 550 1611 Anthonii
574 1547 776 1611 Offanowich
801 1547 888 1625 dicti,
913 1547 993 1608 olim
1024 1546 1165 1608 concivis
1189 1547 1300 1626 nostri,
1328 1547 1361 1607 id
1386 1565 1458 1608 curn
1486 1544 1657 1607 sufficienti

394 1671 424 1718 et
449 1654 613 1737 fidedigno
639 1669 821 1716 nostrorum
847 1653 1030 1716 concivium
1058 1653 1244 1715 testimonio
1268 1653 1365 1715 hodie
1390 1653 1522 1714 insede
1548 1668 1655 1714 nostra

393 1762 560 1842 judiciaria
585 1762 668 1823 clare
694 1760 919 1842 comprobavit
942 1779 1050 1821 coram
1075 1760 1179 1838 nobis,
1208 1773 1242 1820 ut
1266 1759 1343 1820 dum
1367 1759 1509 1841 prefatus
1533 1759 1657 1820 Antho-

394 1869 466 1930 nius
492 1867 695 1930 Offanowich
720 1869 752 1928 in
786 1867 935 1928 extremis
967 1867 1030 1928 vite
1062 1886 1118 1927 sue
1141 1866 1330 1948 temporalis
1361 1867 1550 1944 laborasset,
1582 1881 1658 1927 tunc

394 1975 460 2056 ipse
485 1973 648 2056 quandam
674 1973 809 2034 domum
833 1992 924 2034 suam
949 1985 979 2033 et
1003 1969 1140 2034 fundum
1169 1973 1250 2034 inter
1274 1973 1389 2034 domos
1414 1986 1445 2034 et
1469 1971 1589 2034 fundos
1613 1972 1658 2033 vi·

393 2099 501 2141 rorum
526 2079 736 2162 providorum
761 2093 792 2142 et
816 2079 1025 2139 honestorum
1043 2078 1142 2139 Marci
1166 2093 1197 2139 et
1214 2078 1393 2140 Clementis
1417 2076 1606 2138 carnificum
1623 2096 1659 2138 ac

393 2187 471 2248 alias
494 2207 607 2248 omnes
631 2187 847 2269 possessiones
870 2206 943 2248 suas
968 2201 1033 2248 tam
1050 2201 1148 2248 terras
1173 2187 1308 2247 arabiles
1332 2205 1429 2267 quam
1451 2185 1555 2247 eciam
1579 2185 1660 2246 alias

394 2293 522 2374 quasvis
551 2293 584 2355 in
609 2293 692 2354 dicta
717 2293 843 2354 civitate
872 2306 903 2353 et
926 2292 995 2354 eius
1018 2292 1177 2354 territorio
1204 2292 1375 2354 existentes
1403 2311 1477 2353 cum
1506 2292 1660 2353 omnibus

394 2419 503 2462 earum
521 2399 712 2462 utilitatibus
735 2414 766 2461 et
789 2399 995 2482 pertinenciis
1011 2398 1167 2459 universis
1190 2396 1312 2480 prefate
1338 2397 1478 2460 Mariche
1494 2417 1554 2480 pro
1579 2413 1658 2458 tune

395 2506 485 2567 uxori
510 2526 566 2567 sue
583 2505 739 2586 legittime
765 2505 935 2587 legavisset
951 2517 982 2566 et
999 2504 1182 2581 dimisisset,
1207 2524 1269 2585 que
1293 2504 1450 2566 videlicet·
1460 2505 1567 2586 ipsum
1592 2507 1658 2564 An-

393 2611 542 2673 thonium
560 2611 733 2673 literatorie
748 2626 777 2672 et
794 2611 950 2692 legittime
968 2611 1178 2671 dinoscuntur
1195 2629 1399 2688 concernere,
1416 2610 1484 2691 jure
1501 2625 1660 2692 perpetuo

393 2732 424 2778 et
442 2717 692 2779 irrevocabiliter
726 2717 935 2799 possidendas
959 2736 995 2778 ac
1016 2715 1103 2798 juxta
1125 2715 1350 2777 condicionem
1378 2715 1513 2776 civitatis
1542 2735 1659 2797 preno-

393 2839 457 2886 tate
489 2837 566 2901 etc.;
585 2823 725 2905 ideoque
750 2844 808 2885 nos
832 2824 967 2886 eandem
993 2823 1127 2884 domum
1150 2843 1187 2884 ac
1208 2823 1286 2884 alias
1303 2842 1416 2883 omnes
1440 2823 1661 2904 possessiones

393 2951 466 2992 suas
482 2950 555 2992 cum
574 2931 696 2992 cunctis
708 2931 773 2992 suis
787 2931 992 3012 pertinenciis
1009 2929 1114 2991 eidem
1133 2928 1275 2990 Mariche
1290 2929 1418 2990 mulieri
1442 2929 1613 2990 statuimus
1629 2943 1662 2990 et

394 3036 655 3099 confirmavimus
682 3037 750 3119 jure
779 3051 934 3119 perpetuo
963 3049 994 3098 et
1020 3035 1272 3097 irrevocabiliter
1288 3035 1499 3117 possidendas
1524 3049 1554 3096 et
1579 3055 1661 3118 quo·

394 3143 635 3224 modocumque
670 3144 808 3205 voluerit
843 3141 1061 3225 disponendas
1103 3141 1189 3223 juxta
1220 3140 1396 3222 predictam
1432 3139 1661 3203 condicionem

397 3249 534 3312 civitatis
558 3262 724 3331 prenotate
748 3249 938 3331 supradicte.

499 3373 577 3435 ltem
602 3373 678 3454 quia
702 3372 885 3434 Anthonius
909 3371 993 3433 filius
1016 3371 1156 3450 Thome,
1181 3370 1289 3452 judex,
1314 3371 1456 3433 concivis
1481 3385 1600 3452 noster,
1627 3373 1661 3434 id

394 3499 467 3542 cum
493 3479 663 3541 sufficienti
688 3492 719 3540 et
743 3478 907 3558 fidedigno
932 3492 1114 3540 nostrorum
1141 3479 1325 3540 concivium
1349 3479 1536 3540 testimonio
1562 3479 1663 3540 hodie

395 3588 426 3648 in
452 3587 528 3648 sede
554 3601 659 3648 nostra
693 3585 858 3667 judiciaria
889 3585 972 3646 clare
1005 3585 1228 3667 comprobavit
1252 3605 1360 3647 coram
1394 3585 1499 3664 nobis,
1523 3601 1559 3647 ut
1582 3586 1665 3647 dum

395 3693 510 3754 Vrsula
535 3691 600 3753 filia
625 3691 762 3752 condam
787 3692 907 3753 Vrbani
925 3691 1029 3772 jurati,
1047 3691 1136 3774 olym
1161 3691 1306 3752 concivis
1319 3705 1437 3769 nostra,
1456 3692 1487 3752 in
1511 3693 1666 3753 extremis

394 3799 458 3861 vite
482 3817 538 3858 sue
562 3797 749 3878 temporalis
773 3798 958 3876 laborasset,
982 3813 1058 3860 tunc
1083 3798 1149 3879 ipsa
1175 3817 1290 3858 omnes
1314 3812 1345 3858 et
1367 3797 1512 3877 singulas
1535 3817 1664 3879 posses·

394 3905 501 3966 siones
525 3923 597 3964 suas
621 3903 653 3964 in
671 3904 755 3964 dicta
772 3905 899 3965 civitate
924 3920 955 3966 et
978 3905 1046 3965 eius
1062 3904 1224 3966 territorio
1238 3905 1421 3982 existentes,
1439 3919 1515 3986 puta
1534 3904 1666 3985 domos,

396 4009 524 4088 fundos,
550 4025 648 4070 terras
679 4009 826 4088 arabiles,
850 4008 967 4089 fenera,
1002 4010 1108 4086 silvas,
1133 4011 1244 4071 vineas
1276 4029 1349 4071 cum
1373 4011 1527 4072 omnibus
1550 4031 1666 4073 earum

396 4115 588 4176 utilitatibus
613 4129 644 4177 et
665 4116 871 4197 pertinenciis
896 4117 1053 4178 universis
1069 4115 1193 4199 prelato
1218 4117 1384 4179 Anthonio
1408 4138 1466 4199 pro
1491 4133 1568 4180 tunc
1592 4121 1667 4181 viro

397 4239 456 4281 suo
480 4220 639 4300 legittimo
664 4221 833 4300 legavisset
850 4236 881 4283 et
898 4223 1069 4284 dimisisset
1093 4223 1161 4304 jure
1178 4237 1335 4305 perpetuo
1361 4239 1391 4284 et
1408 4225 1668 4287 irrevocabiliter

396 4325 607 4406 possidendas
620 4347 655 4387 ac
668 4327 754 4408 juxta
772 4328 998 4389 condicionem
1016 4329 1153 4390 civitatis
1170 4343 1336 4411 prenotate
1350 4332 1669 4416 quomodocumque

395 4431 534 4492 voluerit
551 4431 779 4513 disponendas,
798 4434 937 4514 ideoque
962 4455 1021 4495 nos
1045 4436 1215 4517 premissas
1232 4455 1345 4498 omnes
1359 4439 1579 4519 possessiones
1591 4460 1670 4502 suas

397 4537 429 4597 in
455 4537 538 4596 dicta
563 4538 689 4599 civitate
714 4554 744 4600 et
768 4540 837 4601 eius
860 4541 1021 4602 territorio
1039 4543 1209 4604 existentes
1233 4544 1431 4626 supradictas
1448 4565 1524 4607 cum
1542 4548 1671 4609 cunctis

396 4641 461 4702 suis
486 4642 676 4704 utilitatibus
701 4660 731 4706 et
755 4647 962 4726 pertinenciis
986 4649 1143 4711 universis
1160 4651 1266 4711 eidem
1291 4650 1458 4714 Anthonio
1482 4651 1586 4733 judici
1603 4669 1670 4718 sta-

396 4747 517 4807 tuimus
541 4761 572 4808 et
593 4749 854 4814 confirmavimus
870 4752 939 4835 jure
956 4769 1114 4836 perpetuo
1134 4770 1165 4819 et
1181 4758 1434 4820 irrevocabiliter
1450 4760 1672 4840 possidendas

398 4867 428 4914 et
452 4855 759 4938 quomodocumque
785 4859 922 4921 voluerit
947 4861 1164 4943 disponendas
1187 4861 1274 4943 juxta
1297 4865 1471 4945 predictam
1497 4869 1671 4930 condicio-

400 4977 472 5018 nem
499 4959 634 5020 civitatis
659 4977 823 5041 prenotate
848 4966 1039 5046 supradicte.
