3694 5782
433 510 494 588 318
813 507 900 564 Anno
923 503 1015 584 1467.
1038 541 1083 552 —
1105 517 1157 582 25.
1181 508 1307 579 augusti.

433 717 643 780 reddiderunt
668 720 698 779 in
726 717 838 778 decern
863 717 969 799 pensis
1001 732 1031 778 et
1056 717 1278 778 communitati
1312 733 1441 781 centum
1475 716 1681 794 denariis3dc

433 844 498 906 quo
523 824 644 905 judicio
669 826 736 907 ipse
762 824 885 907 Symon
911 842 975 885 non
1001 837 1183 903 contentus,
1213 825 1349 887 eandem
1374 845 1504 888 causam
1526 822 1681 908 appellavit

433 932 472 992 ad
498 932 640 993 seniores
664 931 795 1012 judices.

542 1038 619 1099 ltem
644 1039 735 1118 jurati
762 1037 1028 1118 adjudicaverunt
1044 1057 1171 1099 causam
1202 1039 1283 1100 inter
1301 1039 1444 1101 Marcum
1471 1036 1645 1099 carnificem
1659 1048 1681 1095 et

436 1144 588 1206 Mathiam
613 1159 766 1206 sartorem
805 1157 991 1206 executores
1016 1144 1152 1206 condam
1180 1144 1299 1207 Mathie
1324 1144 1555 1228 Kerzowaych,
1579 1145 1620 1205 ab
1634 1161 1681 1204 una

436 1267 466 1314 et
491 1251 572 1312 inter
596 1251 765 1312 dominum
792 1251 966 1311 Martinum
991 1251 1201 1332 presbiterum
1243 1251 1273 1312 in
1304 1271 1430 1312 causam
1456 1265 1632 1327 attractum,
1645 1267 1681 1308 ra-

435 1359 527 1420 cione
552 1357 694 1418 violente
720 1357 913 1436 retencjonis
938 1356 1101 1417 literarum
1127 1355 1240 1438 prelati
1273 1357 1410 1418 condam
1437 1357 1556 1418 Mathis
1583 1357 1681 1416 Kerzo·

435 1463 546 1546 waych
572 1483 666 1544 super
684 1463 878 1545 quibusdam
897 1463 1028 1524 desertis
1045 1463 1147 1524 vineis
1163 1482 1219 1523 seu
1236 1463 1335 1542 silvis,
1354 1477 1384 1524 et
1400 1464 1476 1544 quia
1494 1463 1561 1544 ipse
1577 1462 1681 1522 Marcus

434 1567 575 1631 carnifex
600 1569 639 1629 de
665 1569 818 1630 mandato
851 1569 967 1648 judicis
999 1568 1171 1650 peccunias
1195 1588 1275 1650 quas
1300 1570 1367 1651 ipse
1391 1569 1528 1630 condam
1565 1566 1681 1628 Mathias

434 1676 539 1738 eidem
565 1677 699 1737 domino
725 1676 864 1737 Martino
889 1675 994 1752 solvit,
1027 1689 1058 1736 et
1081 1674 1178 1755 judex
1203 1675 1235 1736 in
1269 1675 1447 1736 continenti
1472 1673 1594 1734 ibidem
1620 1673 1679 1732 dum

436 1783 533 1843 solvit
558 1782 625 1865 ipse
651 1783 777 1842 Marcus
801 1781 885 1864 ipsas
903 1779 1073 1862 peccunias
1098 1780 1263 1842 mandavit
1281 1781 1384 1842 eidem
1410 1780 1545 1841 domino
1563 1777 1681 1840 Martino

435 1889 540 1950 eidem
567 1889 674 1950 Marco
693 1888 857 1949 extradere
875 1887 992 1965 literas,
1010 1887 1202 1968 quiquidem
1224 1887 1376 1950 dominus
1399 1889 1556 1950 Martinus
1572 1886 1681 1948 easdem

437 1996 558 2057 litteras
584 1995 641 2076 ipsi
668 1995 777 2055 Marco
803 1993 935 2055 reddere
961 2007 991 2054 et
1024 1993 1189 2055 restituere
1223 1994 1338 2073 noluit,
1363 2013 1439 2075 ergo
1465 2007 1512 2054 est
1535 1992 1681 2055 convictus

435 2103 501 2184 ipse
527 2101 679 2162 dominus
704 2101 860 2162 Martinus
884 2115 993 2162 contra
1019 2101 1105 2182 ipsos
1139 2115 1324 2162 executores
1356 2102 1484 2162 racione
1509 2097 1682 2162 retentionis

436 2208 575 2289 ipsarum
601 2207 766 2268 literarum
791 2221 822 2266 et
846 2206 1033 2267 earumdem
1059 2227 1122 2268 non
1141 2207 1372 2288 assignacionis
1396 2207 1502 2268 eidem
1529 2208 1631 2269 Marco
1646 2217 1680 2265 est

435 2313 600 2374 convictus
625 2313 655 2374 in
690 2312 800 2373 decem
836 2312 950 2373 marcis
982 2313 1200 2391 denariorum,
1233 2333 1369 2394 quarum
1401 2315 1464 2376 due
1497 2327 1601 2396 partes
1622 2311 1681 2394 ipsis

436 2420 669 2497 executoribus,
693 2419 788 2479 tercia
814 2437 890 2480 vero
914 2417 1024 2499 juratis
1055 2419 1168 2481 cedere
1200 2420 1315 2498 valeat,
1340 2421 1415 2503 quia
1440 2421 1599 2482 violenter
1621 2418 1677 2480 reti·

437 2525 505 2586 nuit
532 2526 614 2607 ipsas
638 2525 745 2586 literas
769 2525 856 2606 apud
880 2545 931 2602 se;
963 2525 1003 2585 de
1028 2545 1093 2607 quo
1118 2525 1238 2605 judicio
1263 2526 1406 2607 ipsorum
1432 2527 1606 2609 juratorum
1628 2543 1678 2585 non

435 2644 604 2694 contentus
630 2631 696 2712 ipse
720 2631 872 2691 dominus
897 2631 1053 2692 Martinus
1077 2631 1213 2694 eandem
1236 2651 1364 2693 causam
1390 2632 1565 2715 appellavit
1586 2630 1621 2693 ad
1641 2648 1677 2690 se·

435 2738 542 2799 niores
570 2737 701 2818 judices.

542 2843 619 2906 ltem
645 2862 773 2906 causam
800 2843 953 2925 Stephani
978 2845 1095 2906 sutoris
1119 2844 1213 2925 jurati
1231 2845 1507 2926 adjudicaverunt,
1532 2845 1605 2926 quia
1626 2843 1679 2923 ipse

436 2950 617 3032 Stephanus
634 2951 868 3032 comprobavit,
886 2951 973 3030 quod
992 2952 1058 3032 ipse
1078 2951 1259 3033 Stephanus
1274 2965 1320 3014 est
1336 2952 1575 3014 commissarius
1591 2947 1680 3012 marris

435 3077 502 3134 sue,
527 3075 604 3136 ergo
629 3057 738 3116 omnia
764 3058 848 3116 hona
878 3056 977 3137 ipsius
1011 3057 1120 3117 marris
1144 3078 1200 3119 sue
1232 3059 1299 3140 ipse
1326 3057 1507 3140 Stephanus
1531 3057 1620 3119 habet
1639 3074 1679 3115 ex·

435 3181 553 3242 ponere
586 3181 644 3242 pro
677 3162 783 3222 anima
816 3161 960 3223 eiusdem
993 3179 1023 3222 et
1055 3163 1116 3223 alia
1150 3163 1257 3226 debita
1289 3165 1424 3243 solvere,
1457 3179 1488 3226 et
1521 3163 1605 3246 quod
1625 3163 1678 3243 ipse

437 3267 618 3350 Stephanus
642 3267 738 3330 habet
770 3269 913 3329 invenire
947 3269 1028 3330 duos
1060 3269 1130 3330 flor.
1163 3290 1265 3351 usque
1290 3271 1477 3352 quindecim
1510 3271 1585 3349 dies,
1613 3286 1679 3349 quos

436 3374 503 3455 ipsa
527 3373 645 3455 legavit
669 3373 709 3434 ad
734 3375 902 3435 ecclesiam
927 3375 1026 3436 sancti
1052 3376 1152 3437 Marci
1176 3377 1381 3458 ewangeliste
1407 3378 1439 3438 in
1464 3377 1548 3439 dicta
1572 3376 1677 3438 civitate

437 3479 579 3542 lundata.

541 3586 618 3647 ltem
644 3587 718 3668 quia
746 3587 881 3648 Mathias
913 3587 1161 3670 Nekerschenyk
1193 3602 1303 3650 contra
1335 3590 1479 3651 Blasium
1504 3587 1673 3670 freniparem

429 3693 539 3774 primo
564 3694 677 3754 citatus
701 3713 765 3754 non
790 3694 971 3775 comparuit
994 3695 1026 3754 in
1051 3694 1172 3776 judicio
1197 3715 1303 3757 coram
1329 3697 1433 3759 nobis.

460 3907 556 3980 Feria
586 3913 692 3981 tercia
721 3914 874 3999 proxima
902 3919 979 4000 post
1006 3913 1129 3984 lesturn
1154 3911 1243 3984 beati
1271 3913 1500 3986 Bartholomei
1529 3911 1661 4003 apostoli.

876 4034 1025 4124 proxime
1053 4034 1262 4125 preteritum.

951 4187 1017 4266 (25.
1041 4189 1184 4268 augustr).

544 4328 641 4401 Quod
660 4329 734 4408 quia
753 4328 868 4410 Radoy
885 4326 1030 4389 officialis
1047 4330 1229 4410 spectabilis
1246 4343 1277 4391 et
1292 4329 1454 4411 magnifici
1472 4329 1593 4392 domini
1608 4325 1674 4386 Mat·

438 4435 495 4496 tini
521 4435 559 4495 de
585 4435 785 4516 Frangapan‚
811 4435 937 4515 Wegle,
963 4435 1091 4514 Segnis,
1114 4437 1346 4517 Modrusseque
1370 4438 1497 4500 comitis
1521 4439 1553 4498 in
1577 4435 1675 4498 Jrztre·

436 4541 563 4618 barzka‚
588 4557 698 4602 contra
729 4541 902 4623 providum
934 4556 964 4603 et
996 4543 1262 4624 circumspectum
1296 4544 1401 4604 virum
1433 4544 1576 4606 Blasium
1604 4539 1680 4616 Ztoy·

437 4647 565 4729 mylych
592 4648 724 4726 dictum,
748 4649 908 4709 seniorem
942 4649 1080 4730 judicem
1106 4663 1137 4711 et
1169 4651 1269 4710 civem
1296 4650 1380 4712 dicte
1404 4651 1551 4730 civitatis,
1575 4643 1680 4733 pridem

437 4754 700 4814 tricesimatorem
726 4755 978 4834 zagrabiensem,
1004 4756 1133 4816 racione
1158 4756 1356 4837 receptionis
1380 4757 1602 4838 quorumdam
1622 4749 1684 4810 duo·

436 4859 538 4920 decim
565 4879 749 4941 porcorum,
774 4880 855 4940 quos
880 4861 947 4942 ipse
972 4861 1087 4943 Radoy
1111 4881 1168 4942 per
1199 4863 1305 4944 ipsum
1329 4863 1473 4925 Blasium
1499 4878 1529 4926 et
1553 4857 1684 4925 homines

436 4983 511 5024 suos
534 4965 594 5025 sibi
619 4978 764 5047 receptos
788 4965 856 5027 iore
881 4967 1017 5045 dicebat,
1051 4986 1133 5047 quos
1156 4987 1272 5048 porcos
1303 4969 1369 5050 ipse
1397 4970 1522 5032 Blasius
1546 4965 1639 5052 judex
1657 4977 1682 5020 δὲ
