3644 5788
547 553 750 634 Ann01462.
776 591 817 600 —
841 569 890 616 10.
914 556 1085 631 septembrii.
1396 573 1434 638 23
1441 577 1456 637 5

200 794 293 869 Faria
321 806 420 869 sexta
448 799 603 887 proxima
630 803 708 886 post
743 797 865 868 lestum
896 795 1092 870 Nativitatis
1129 798 1227 868 beate
1256 797 1360 868 ldarle
1389 799 1458 868 vir·

248 919 332 1010 ginis
361 919 506 1010 gloriose
532 921 572 992 de
600 940 686 993 anno
715 918 845 992 Domini
870 919 997 992 MCCCC
1026 923 1235 1010 sexagesimo
1263 921 1406 993 secundo

723 1045 929 1134 supradicto.

579 1219 643 1297 (ro.
668 1217 841 1292 septimbris,
864 1235 936 1279 ann.
960 1213 1069 1298 1462).

706 1372 955 1458 (Posem'ptum).

301 1519 445 1594 Quidam
470 1518 690 1583 Christoforus
706 1518 791 1582 filius
815 1519 910 1582 Janes
930 1519 970 1581 de
989 1520 1191 1600 Kramburga
1216 1519 1365 1600 valpotus
1382 1539 1458 1581 vero

198 1627 236 1689 de
261 1626 492 1708 Rehemburgh
525 1639 670 1710 repertus
698 1640 729 1688 et
761 1625 1012 1708 comprehensus
1044 1627 1075 1687 in
1101 1626 1267 1688 delacione
1299 1640 1330 1688 et
1354 1639 1458 1708 porta·

197 1735 288 1796 cione
314 1747 344 1795 et
369 1733 563 1794 mercancias
597 1734 765 1796 exercione
796 1733 949 1795 salsarum
981 1735 1210 1816 peccuniarum
1234 1735 1458 1797 wenecialium

196 1839 347 1902 videlicet
370 1859 555 1921 grossorum
587 1840 620 1900 in
645 1837 714 1902 loro
745 1839 876 1901 annuali
909 1842 1000 1902 beate
1035 1839 1236 1922 Margaretbe
1260 1841 1392 1922 virginis
1426 1841 1458 1902 in

196 1947 280 2008 dicta
305 1946 433 2008 civitate
457 1959 488 2008 et
512 1947 581 2007 eius
604 1947 759 2008 suburbio
784 1945 956 2026 celebratO,
989 1961 1085 2030 prout
1109 1946 1170 2009 hoc
1193 1960 1298 2010 totum
1324 1947 1459 2030 ipsemet

196 2051 395 2116 Cristolorus
418 2051 516 2114 hodie
547 2071 656 2114 coram
689 2053 782 2114 nobis
809 2052 926 2134 judice,
959 2053 1069 2134 juratis
1093 2067 1123 2116 et
1155 2053 1312 2115 universis
1336 2053 1459 2114 civibus

193 2179 227 2222 ac
251 2173 320 2222 tota
337 2160 569 2221 communitate
586 2159 721 2221 civitatis
737 2173 904 2242 prenotate
922 2160 954 2221 in
971 2161 1113 2241 generali
1138 2175 1169 2222 et
1193 2161 1357 2222 communi
1379 2179 1455 2221 con·

194 2266 389 2348 gregacione
412 2278 518 2327 nostra
537 2279 583 2328 est
607 2263 771 2327 confessus
788 2279 818 2328 et
839 2267 940 2328 eciam
958 2285 1066 2329 coram
1090 2266 1276 2328 hominibus
1300 2267 1340 2330 de
1357 2281 1458 2329 castro

195 2372 334 2451 Medwe,
360 2372 567 2434 dominorum
599 2371 638 2432 de
663 2371 816 2454 Capitulo
848 2374 1058 2454 zegrabieusi,
1091 2373 1130 2434 de
1163 2373 1234 2436 vico
1258 2374 1459 2452 Latinorum,

195 2481 233 2541 de
259 2480 352 2541 Nova
376 2479 463 2558 villa,
488 2479 527 2540 de
551 2479 623 2541 vico
647 2479 782 2541 Abbatis
806 2492 836 2540 et
860 2480 933 2541 aliis
959 2481 1205 2563 quampluribus
1223 2481 1459 2543 circumvicinis

196 2599 225 2648 et
250 2585 482 2648 commetaneis
505 2585 692 2648 hominibus
716 2584 817 2648 lassus
844 2601 902 2664 est,
926 2599 957 2648 et
980 2607 1036 2670 per
1069 2588 1188 2666 juratos
1212 2588 1296 2650 dicte
1322 2587 1459 2650 civitatis

195 2712 252 2775 pro
277 2691 464 2754 huiusmodi
489 2691 656 2754 delacione
687 2693 935 2776 prescriptorum
968 2692 1120 2756 falsarum
1151 2695 1379 2777 peccuniarum
1403 2695 1458 2757 tali

195 2799 355 2881 supplicio
387 2797 588 2878 adjudicatus
618 2795 688 2878 fuir,
722 2799 810 2880 quod
843 2799 910 2882 ipse
944 2799 1163 2864 Christoforus
1195 2801 1300 2884 primo
1332 2815 1363 2864 et
1386 2816 1458 2865 ante

196 2905 305 2968 omnia
329 2904 426 2967 debet
444 2905 535 2986 ligari
560 2925 578 2967 a
602 2919 692 2987 tergo
710 2905 860 2968 manibus
883 2909 943 2968 sub
968 2907 1080 2968 eculeo
1098 2907 1181 2970 dicte
1196 2908 1332 2970 civitatis
1350 2909 1458 2990 ibique

197 3013 304 3094 ignitis
324 2993 405 3094 'ipsis
437 3009 524 3072 falsis
556 3011 719 3094 peccuniis
751 3033 788 3074 ex
823 3026 957 3094 utraque
989 3027 1078 3095 parte
1106 3013 1138 3074 in
1171 3014 1310 3076 maxillis
1332 3016 1397 3076 suis
1429 3029 1459 3078 et

197 3119 275 3182 facie
301 3119 435 3181 cremari
453 3131 484 3179 et
506 3117 636 3180 tandem
661 3139 718 3200 per
734 3119 856 3202 plateas
880 3119 964 3182 dicte
982 3119 1117 3182 civitatis
1133 3139 1190 3202 per
1212 3132 1367 3182 tortorem
1385 3121 1458 3184 duci

197 3240 226 3287 et
249 3225 442 3308 proclamari
459 3244 552 3286 suum
578 3225 732 3286 delictum
758 3239 788 3287 et
809 3239 895 3288 extra
912 3225 1074 3287 civitatem
1099 3226 1275 3308 predictam
1293 3225 1332 3288 ad
1350 3227 1458 3288 locum

198 3331 346 3414 supplicii
372 3330 542 3392 Zredische
567 3329 688 3392 dictum
712 3330 828 3392 adduci
853 3345 884 3392 et
908 3330 1029 3392 ibidem
1048 3331 1130 3412 ignia
1155 3331 1305 3394 incendio
1330 3353 1458 3396 concre-

199 3439 277 3499 mari
302 3437 484 3514 debuisset;
517 3438 714 3520 quequidem
747 3438 865 3520 ignitio
896 3451 927 3500 et
959 3439 1117 3500 cremacio
1142 3459 1214 3500 curn
1247 3439 1340 3501 dictis
1372 3439 1459 3502 salsis

198 3545 361 3627 peccuniis
385 3557 417 3606 et
441 3545 506 3626 ipsa
532 3543 688 3607 deduccio
713 3565 769 3627 per
797 3546 918 3626 plateas
943 3545 1042 3628 ipsius
1073 3545 1209 3608 civitatis
1247 3559 1278 3608 et
1301 3545 1458 3608 adductio

197 3651 237 3713 ad
262 3651 370 3712 locum
395 3649 574 3732 predictum
591 3651 739 3733 supplicii
765 3671 821 3733 per
842 3652 946 3734 ipsum
963 3664 1116 3714 tortorem
1137 3650 1217 3714 lacta
1242 3649 1302 3713 luit
1325 3665 1356 3714 et
1373 3672 1458 3714 com-

198 3759 291 3819 missa
315 3757 369 3818 ubi
395 3757 591 3818 concremari
609 3755 780 3836 debuisset,
805 3771 836 3819 et
853 3778 909 3839 per
926 3759 1012 3840 ipsos
1028 3757 1148 3839 juratos
1165 3758 1270 3819 eidem
1295 3759 1358 3819 tale
1382 3777 1459 3840 sup·

197 3865 329 3946 plicium
355 3863 575 3947 adjudicatum
600 3862 670 3944 fuit,
695 3879 803 3927 tamen
827 3865 867 3926 ad
899 3866 1125 3927 instantissime
1151 3881 1180 3928 et
1205 3855 1312 3928 debite
1336 3866 1459 3948 suppli·

197 3971 337 4032 cacionis
369 3971 557 4032 instanciam
589 3971 736 4032 omnium
767 3971 975 4032 dominorum
1008 3972 1047 4034 de
1079 3973 1233 4054 Capitulo
1262 3973 1459 4054 zagrabiensi

198 4096 256 4138 nec
280 4097 345 4138 non
370 4077 596 4157 religiosorum
620 4078 763 4139 virorum
781 4078 931 4139 videlicet
954 4076 1085 4139 fratrum
1104 4078 1342 4140 Heremitarum
1359 4079 1458 4139 sancti

199 4184 290 4245 Pauli
314 4183 410 4265 primi
436 4183 589 4245 heremite
614 4184 653 4246 de
678 4185 900 4265 promontorio
926 4185 1125 4266 zagrabiensi
1150 4199 1180 4247 et
1204 4199 1331 4268 patrum
1356 4185 1459 4246 mino-

198 4309 267 4351 rum
293 4289 392 4351 sancti
411 4290 581 4368 Francisci,
607 4289 846 4354 Predicatorutn
870 4291 970 4352 sancti
990 4291 1114 4352 Nicolai
1139 4291 1395 4371 zagrabiensium
1420 4311 1459 4352 uc

198 4395 384 4457 huiusmodi
409 4409 545 4457 mortem
570 4397 634 4478 pati
654 4409 685 4457 et
708 4396 814 4457 subire
839 4396 979 4474 deberet,
1001 4416 1058 4478 pro
1075 4397 1189 4458 eodem
1215 4397 1308 4458 nobis
1332 4395 1412 4458 lacta
1430 4411 1460 4458 et

198 4503 305 4564 oblata
323 4499 444 4580 luisset,
462 4501 535 4563 ideo
553 4522 612 4563 nos
628 4515 696 4564 tota
709 4503 922 4564 communitas
934 4503 1052 4564 civium
1066 4503 1149 4566 dicte
1167 4503 1312 4582 civitatis,
1327 4523 1459 4565 necnon

197 4608 293 4692 iudex
319 4607 679 4690 modernus,juratique
712 4609 795 4670 dicte
827 4609 974 4687 civitatis,
999 4609 1095 4670 simul
1129 4610 1160 4670 in
1186 4629 1284 4672 unum
1318 4611 1406 4671 dives
1430 4623 1461 4672 et

197 4735 329 4796 pauper,
350 4707 565 4797 peticionibus
589 4729 620 4778 et
644 4729 801 4777 certarum
826 4715 1030 4776 dominarum
1049 4715 1132 4777 dicte
1149 4717 1284 4778 civitatis
1301 4731 1331 4779 et
1348 4736 1459 4798 quam·
1520 4741 1523 4746 ·

197 4821 338 4901 plurium
356 4821 513 4882 nobilium
526 4841 584 4903 pro
603 4822 717 4884 eodem
728 4821 930 4884 Christoforo
944 4822 1300 4901 interveniente,eidem
1317 4823 1460 4884 Christo·

199 4925 269 4987 loro
286 4927 426 5008 graciam
451 4941 482 4988 et
497 4927 749 4990 misericordiam
775 4928 908 4991 lecimus
933 4927 1037 4990 taliter
1055 4943 1084 4989 et
1102 4929 1183 4990 adeo
1202 4927 1346 5006 facimus,
1371 4929 1459 5009 quod

199 5033 266 5118 ipse
280 5031 500 5099 Christoiorus
517 5035 644 5100 racione
668 5035 751 5100 dicte
769 5036 977 5114 detencionis,
991 5055 1138 5120 peneque
1156 5049 1186 5098 et
1199 5036 1346 5121 supplicii
1361 5055 1458 5120 quam
