3838 5786
733 491 819 548 Anno
843 503 931 568 1473.
958 524 998 533 -
1017 557 1028 567 „
1044 505 1074 551 0.
1098 492 1206 550 mardi.
1539 509 1604 572 427

338 725 441 787 equus
465 705 560 766 debet
593 705 736 765 invenire
770 703 934 764 hominem
968 704 1023 784 qui
1056 703 1195 764 eundem
1228 703 1407 765 iohannem
1432 704 1527 765 debet
1552 724 1603 764 su·

338 813 452 895 spendi
478 825 604 872 etcum
629 831 687 872 suo
712 811 847 872 solvere,

443 919 520 980 Item
557 919 687 1000 quidam
723 919 969 980 bartholomeus
1001 917 1140 980 carnifex
1165 917 1204 978 de
1239 917 1357 977 Abacia
1391 931 1437 979 est
1461 931 1604 998 repertus

341 1029 371 1088 in
396 1026 477 1088 falso
502 1026 682 1104 juramento
716 1041 746 1088 et
771 1027 801 1086 in
835 1025 914 1088 falso
939 1027 1123 1088 testimonio
1156 1023 1326 1086 manifesto
1351 1041 1459 1086 contra
1484 1025 1603 1104 iuratos

342 1135 416 1194 anni
442 1133 583 1215 preteriti
619 1146 764 1214 ternpore
789 1133 957 1212 judicatus,
990 1133 1064 1193 ideo
1089 1132 1180 1211 jurati
1215 1131 1489 1210 adjudicaverunt,
1514 1131 1601 1211 quod

340 1240 458 1300 debent
481 1239 540 1299 sibi
573 1239 716 1319 linguam
750 1240 908 1321 amputari
934 1240 985 1300 vel
1018 1239 1091 1316 cidi,
1121 1253 1151 1299 et
1175 1238 1234 1319 ipsi
1268 1237 1359 1317 jurati
1386 1251 1495 1298 contra
1520 1256 1602 1317 quos

336 1360 382 1407 est
407 1345 573 1406 convictus
598 1346 629 1405 in
655 1345 710 1406 tali
744 1346 877 1406 crimine
911 1345 1029 1406 debent
1070 1345 1213 1406 invenire
1246 1343 1423 1420 hominem,
1455 1344 1510 1424 qui
1542 1342 1602 1403 sibi

338 1451 432 1514 iaciat
456 1472 571 1534 penam
598 1451 828 1533 preiudicatam
854 1467 884 1513 et
907 1452 967 1513 sibi
992 1451 1116 1512 solvere
1141 1470 1213 1512 cum
1239 1450 1375 1531 propriis
1400 1449 1556 1530 expensis.

417 1636 513 1709 Feria
544 1647 668 1727 quarta
708 1642 738 1708 in
777 1637 892 1725 vigilia
923 1637 1205 1709 hnnunciacionis
1234 1635 1376 1726 virginis
1405 1637 1520 1708 llarie.

864 1793 926 1870 (24.
951 1794 1073 1857 martel).

441 1934 518 1994 Item
545 1948 674 2014 propter
691 1953 819 1994 causam
839 1953 902 2014 que
925 1933 1153 1994 ventillabatur
1179 1933 1260 1994 inter
1278 1932 1413 1992 Paulum
1439 1931 1600 1992 literatum

341 2054 371 2102 et
397 2040 575 2102 lohannem
603 2039 832 2122 Soldinaryczc
849 2041 1014 2101 concivem
1033 2053 1176 2100 nostrum
1203 2039 1331 2100 racione
1356 2038 1522 2099 cuiusdam
1548 2038 1601 2097 de-

339 2147 395 2208 biti
421 2167 474 2208 sex
500 2145 568 2209 flor.
594 2160 624 2206 et
648 2147 845 2228 recepcionis
870 2145 1025 2207 librorum
1052 2165 1107 2228 per
1125 2144 1252 2206 fratrem
1278 2145 1420 2206 eiusdem
1447 2144 1601 2204 Johanrris

337 2253 579 2334 Soldinaryczc,
604 2272 700 2334 quam
726 2272 853 2313 causam
879 2253 999 2332 judicio
1031 2251 1207 2330 juratorum
1234 2272 1296 2312 non
1323 2264 1491 2312 contentus
1515 2250 1599 2310 idem

336 2359 497 2422 ,lohannes
521 2371 594 2420 ante
618 2359 761 2419 seniores
786 2359 908 2435 judices
932 2359 1159 2440 appellaverat,
1189 2358 1286 2418 iidem
1312 2357 1454 2418 seniores
1479 2355 1600 2436 judices

336 2467 528 2527 invenerunt
561 2478 591 2525 et
627 2465 892 2544 adjudicaverunt
929 2485 967 2525 eo
1000 2465 1110 2542 modo,
1146 2465 1234 2546 quod
1267 2461 1407 2545 prelatus
1439 2463 1600 2524 lohannes

337 2573 574 2657 Soldynaryczc
600 2569 675 2631 feria
700 2585 786 2632 sexta
812 2587 883 2652 post
908 2585 1053 2632 octavam
1083 2571 1343 2632 Resurreccionis
1368 2570 1499 2630 Domini
1518 2569 1599 2648 jura·

337 2692 480 2740 mentum
507 2677 668 2760 deponere
694 2678 724 2736 in
751 2678 882 2738 ecclesia
908 2679 1008 2738 sancti
1033 2678 1130 2738 Marci
1166 2679 1280 2738 debeat
1304 2677 1459 2738 solusmet
1483 2676 1599 2754 taliter,

335 2785 422 2866 quod
448 2783 588 2866 prefatus
613 2785 763 2864 magister
789 2785 940 2845 Nicolaus
965 2783 1059 2846 frater
1085 2783 1229 2844 eiusdem
1256 2783 1410 2844 lohannis
1436 2803 1494 2843 nec
1519 2801 1598 2842 con·

337 2891 528 2952 vencionem
554 2891 699 2950 habuerit
724 2910 796 2951 cum
822 2890 908 2952 dicto
935 2891 1034 2951 Paulo
1054 2891 1178 2952 literato
1203 2910 1261 2950 nec
1285 2909 1369 2950 nunc
1394 2888 1498 2948 eidem
1525 2907 1596 2948 cum

337 2999 424 3059 nulla
451 3018 483 3059 re
506 2997 567 3058 alia
593 2997 807 3077 obligaretur;
828 3018 923 3079 super
940 3017 1005 3078 quo
1023 2997 1143 3076 judicio
1161 2997 1324 3057 seniorum
1342 2995 1485 3078 judicum
1503 2996 1595 3055 ambe

336 3119 441 3187 partes
466 3105 547 3164 bene
573 3117 721 3164 contente
755 3119 827 3164 sunt
860 3105 963 3164 eidem
998 3103 1118 3184 judicio
1143 3103 1249 3164 debite
1283 3102 1472 3162 adherentes
1496 3101 1526 3161 in
1551 3114 1598 3160 to·

335 3209 433 3270 talem
458 3209 763 3270 determinationem
791 3211 1013 3292 prenominate
1039 3230 1142 3274 cause.

513 3393 609 3466 leria
639 3395 744 3466 tercia
775 3395 925 3484 proxima
955 3404 1032 3485 post
1060 3395 1258 3468 dominicam
1288 3397 1415 3468 letare.

865 3553 929 3627 (30.
954 3551 1076 3626 stianit).

443 3690 519 3751 ltcm
547 3689 793 3752 bartholomeus
818 3691 956 3752 carnifex
984 3692 1022 3752 de
1041 3693 1111 3752 vico
1138 3693 1279 3752 Abbacie
1305 3691 1454 3772 judicem,
1478 3690 1598 3771 juratos

335 3799 408 3858 anni
426 3799 580 3879 presentis
593 3819 628 3859 ac
641 3800 741 3859 eciam
757 3799 899 3860 seniores
912 3799 1033 3881 judices
1047 3820 1118 3861 cum
1134 3800 1297 3861 modernis
1310 3800 1429 3882 juratis,
1444 3799 1597 3878 judicem·

337 3923 399 3984 que
415 3924 551 3965 unacum
576 3906 641 3965 suis
652 3905 761 3985 juratis
775 3907 850 3966 anni
869 3907 1012 3987 proxime
1027 3907 1167 3988 preteriti
1187 3907 1314 3968 racione
1328 3906 1526 3967 detencionis
1540 3926 1597 3968 nec

336 4030 401 4071 non
426 4010 884 4093 adjudicacionisprivacionis
909 4028 939 4073 et
956 4013 1143 4074 abscisionis
1168 4014 1276 4093 lingue
1302 4013 1457 4090 eiusdem,
1482 4013 1531 4072 cui
1557 4012 1597 4072 ad

335 4117 528 4197 peticionem
544 4118 774 4179 nonnullorum
794 4119 968 4198 proborum
988 4120 1193 4181 dominorum
1210 4120 1428 4196 misericordia
1443 4135 1489 4181 est
1506 4117 1598 4197 sacta,

334 4224 373 4284 ab
397 4225 485 4284 omni
513 4223 616 4284 lutura
644 4225 849 4306 impericione
868 4241 898 4287 ct
923 4229 1039 4307 quovis
1057 4227 1200 4290 ulteriori
1227 4228 1469 4308 impediment0,
1495 4227 1549 4287 lite
1567 4241 1597 4288 et

334 4331 578 4411 perturbacione
604 4332 752 4392 benivole
779 4353 842 4393 non
868 4347 1006 4412 coactus,
1031 4354 1088 4394 nec
1113 4335 1308 4416 compulsus,
1333 4335 1387 4394 sed
1414 4355 1451 4394 ex
1476 4335 1596 4395 delibe-

333 4450 402 4497 rato
427 4437 535 4498 animo
561 4437 647 4498 misit
678 4440 861 4500 eternaliter
896 4455 1072 4521 exemptos,
1105 4442 1211 4522 quitos
1236 4456 1266 4501 et
1291 4461 1346 4521 per
1371 4442 1478 4502 omnia
1504 4443 1596 4502 abso·

335 4543 429 4620 lotos,
463 4546 662 4625 presentibus
696 4546 814 4606 ibidem
847 4547 1091 4607 honorabilibus
1124 4548 1264 4608 dominis
1297 4547 1424 4608 Matheo
1458 4549 1596 4628 plebano

333 4649 464 4709 ecclesie
482 4652 580 4711 sancti
602 4653 697 4711 hlarci
717 4654 932 4732 ewangeliste,
961 4653 1078 4713 Mathia
1099 4654 1274 4733 presbitero
1293 4652 1484 4734 Doychyczc
1509 4653 1595 4714 dicto

334 4755 372 4816 de
399 4757 570 4839 lwanyczc,
591 4758 745 4818 Michaele
764 4760 940 4839 presbitero
955 4760 1121 4840 capellano
1140 4758 1301 4839 magnifici
1320 4759 1474 4819 lohannis
1492 4759 1594 4819 Thwz

333 4883 368 4923 ac
396 4863 545 4924 Ladislao
570 4865 679 4926 nobile
698 4866 736 4925 de
764 4866 894 4942 harven,
916 4886 974 4926 nec
997 4886 1060 4926 non
1080 4880 1110 4926 et
1127 4865 1198 4926 aliis
1223 4866 1407 4930 hominibus
1425 4864 1594 4947 fidedignis

333 4969 410 5039 inibi
437 4989 475 5044 eo
501 4985 643 5052 tempore
669 4972 876 5047 existentibus
908 4992 993 5033 anno
1019 4973 1051 5035 in
1076 4973 1224 5056 presenti.
