3738 5786
604 491 805 569 Aan01454.
829 523 873 534 —
889 506 947 568 30.
971 495 1097 568 augusti.
1439 519 1480 579 77

219 593 458 601 -“.-.-..
821 599 948 604 ——.-—..
969 599 1088 606 ———-
1102 601 1202 608 -—-—
1223 603 1229 607 -
1244 603 1251 608 -
1320 603 1398 610 -..-,

216 710 317 760 tentes
341 700 460 779 eidem,
485 715 519 762 ut
540 699 590 783 (si)
610 701 677 784 ipse
694 702 797 764 Junko
822 701 862 764 de
879 715 984 765 cetero
1002 717 1032 764 et
1055 705 1266 789 peramplius
1283 707 1314 768 in
1339 708 1480 788 predicta

215 803 340 866 civitate
365 819 397 866 et
422 807 491 868 eius
514 807 675 870 territorio
707 821 873 890 reppertus
897 807 1002 889 fuerit,
1035 829 1109 872 mox
1134 811 1300 892 justusne
1324 813 1479 878 demerita

215 929 328 992 penam
354 931 452 993 quam
478 913 673 975 demerueris
696 927 920 996 consequetur.

436 1128 534 1203 Ferit
561 1142 660 1206 sexta
687 1142 764 1224 post
792 1135 916 1208 festum
944 1137 1034 1208 beati
1063 1135 1252 1227 Augustini.

727 1289 793 1367 (φο.
817 1291 956 1365 augusti).

317 1427 398 1490 Item
421 1447 549 1492 causam
574 1429 709 1511 provide
733 1430 878 1492 mulieris
902 1431 1105 1514 Margarethe
1130 1432 1239 1495 relicte
1263 1433 1400 1496 condam
1426 1435 1476 1496 Ja-

213 1533 282 1596 cobi
307 1533 435 1616 judicis,
459 1536 541 1598 inter
571 1536 672 1618 ipsam
697 1549 728 1598 et
756 1537 838 1598 inter
870 1537 1041 1600 Nicolaum
1066 1537 1206 1620 judicem
1231 1538 1263 1600 in
1296 1537 1380 1601 iacto
1404 1559 1475 1622 per-

212 1640 366 1702 cussionis
390 1641 520 1725 Mathye
544 1642 681 1725 pastoris
705 1644 803 1704 boum
830 1643 931 1726 ipsius
947 1643 1078 1706 domine
1104 1645 1316 1726 Margarethe,
1340 1661 1475 1726 motam,

211 1745 300 1827 jurati
326 1748 370 1810 sic
394 1747 671 1830 adjudicaverunt,
689 1749 779 1830 quod
803 1749 872 1832 ipse
889 1749 1036 1832 Mathyas
1059 1765 1175 1813 octavo
1199 1749 1252 1814 die
1275 1771 1371 1834 super
1387 1773 1474 1816 aram

210 1853 311 1934 jurare
334 1855 497 1917 tenebitur
512 1875 609 1938 super
632 1874 683 1933 eo,
707 1869 742 1918 ut
759 1855 827 1938 ipse
845 1855 991 1938 Mathyas
1015 1875 1088 1918 cum
1107 1857 1211 1919 bobus
1227 1857 1326 1939 ipsius
1343 1857 1474 1920 domine

209 1981 262 2022 sue
287 1981 353 2023 non
379 1961 558 2044 depastavit
581 1960 689 2044 fruges
711 1981 767 2024 seu
784 1961 912 2024 milium
938 1961 1038 2044 ipsius
1062 1961 1187 2025 Nicolai
1213 1963 1339 2042 judicis,
1363 1979 1394 2026 et
1418 1965 1474 2028 de·

209 2067 313 2147 posito
338 2069 408 2150 ipso
432 2067 614 2150 juramento
639 2070 705 2152 ipse
730 2069 884 2131 Nicolaus
907 2069 1004 2150 judex
1021 2071 1182 2132 tenebitur
1206 2071 1388 2153 persolvere
1414 2071 1472 2154 ipsi

209 2173 328 2235 Muthie
353 2176 472 2256 pastori
497 2175 587 2237 XXV
610 2194 725 2258 pensas
751 2175 979 2253 denariorum;
1001 2176 1123 2257 dequo
1147 2175 1268 2258 judicio
1285 2177 1351 2259 ipse
1377 2178 1473 2240 Nico·

207 2281 275 2342 laus
299 2301 365 2343 non
391 2295 561 2344 contentus
585 2281 760 2364 appellavit
784 2283 823 2342 ad
855 2283 998 2344 seniores
1022 2282 1154 2364 judices.

314 2387 392 2450 item
417 2389 492 2470 quia
518 2388 620 2450 Eleon
653 2387 785 2450 domina
809 2407 890 2450 uxor
921 2389 1064 2471 magistri
1090 2387 1216 2450 Nicolai
1241 2389 1358 2452 medici
1382 2392 1469 2454 testi·

208 2495 353 2556 monium
367 2514 424 2557 sue
448 2493 569 2557 familie
594 2514 650 2556 seu
674 2493 865 2556 servitorum
883 2513 1015 2556 suorum
1039 2494 1189 2556 videlicet
1211 2496 1307 2558 unius
1329 2497 1471 2576 scolaris,

208 2601 333 2684 nepotis
355 2601 478 2664 scilicet
509 2601 620 2664 Jacobi
639 2601 805 2664 camerarii
838 2600 970 2662 domine
1002 2599 1175 2681 comitisse,
1199 2614 1230 2662 et
1263 2601 1378 2663 ancille
1403 2623 1471 2682 sue,

206 2707 260 2789 qui
284 2709 421 2790 inpane
444 2707 634 2770 eorumdem
666 2707 808 2789 magistri
842 2705 969 2772 Nicolai
1002 2706 1119 2768 medici
1151 2719 1183 2769 et
1214 2707 1344 2769 domine
1370 2708 1470 2772 Elene

205 2834 259 2876 sue
282 2815 441 2878 consortis
465 2828 641 2893 morantur,
665 2813 762 2880 bodie
790 2833 898 2876 coram
915 2813 1026 2895 juretis
1042 2813 1205 2896 produxit,
1229 2815 1317 2896 quod
1342 2828 1471 2878 nonest

205 2921 358 2984 credibile
374 2921 595 2984 testimonium
619 2919 797 2982 secundum
817 2933 967 2983 contenta
984 2919 1144 3003 privilegii
1162 2921 1261 2982 nostri
1278 2921 1469 3002 communis,

205 3029 334 3111 etquis
358 3029 426 3112 ipsa
450 3028 583 3091 domina
607 3027 709 3090 Elena
733 3046 842 3089 coram
865 3026 976 3109 juratis
1000 3025 1097 3089 hodie
1125 3041 1234 3090 contra
1260 3027 1395 3090 Elenam
1420 3047 1468 3090 re-

205 3135 310 3198 lictam
335 3135 475 3198 condam
500 3134 649 3216 Gregorii
667 3135 856 3197 coloratoris
872 3153 1052 3217 pannorum
1075 3153 1114 3196 eo
1138 3133 1238 3196 modo
1255 3136 1468 3217 proponebat,
1515 3201 1518 3208 ,

205 3256 238 3304 ut
260 3241 384 3325 prefata
408 3242 510 3304 Elena
534 3241 643 3304 relicta
668 3241 767 3324 ipsius
792 3239 941 3323 Gregorii
959 3242 1060 3323 ipsam
1084 3259 1217 3302 uxorem
1241 3241 1382 3322 magistri
1408 3242 1464 3303 Ni·

205 3349 284 3410 colai
317 3349 437 3411 medici
472 3349 607 3431 turpiter
638 3347 848 3430 vituperasset
879 3347 1000 3426 dicens,
1032 3347 1121 3429 quod
1145 3345 1286 3429 prefatus
1318 3347 1467 3429 magister

204 3455 356 3517 Nicolaus
379 3455 498 3517 dictam
523 3473 656 3517 uxorem
681 3473 772 3516 suam
797 3455 837 3516 de
867 3437 1047 3536 prostibulo
1072 3453 1252 3535 recepisset,
1276 3453 1351 3515 ideo
1374 3453 1467 3535 jurati

204 3561 302 3644 ipsam
328 3581 458 3624 causam
481 3563 527 3624 sic
559 3560 834 3642 adjudicaverunt,
867 3573 902 3622 ut
929 3561 1005 3642 qnia
1037 3561 1104 3643 ipsa
1130 3560 1231 3622 Elena
1256 3560 1364 3622 relicta
1390 3559 1467 3622 dicti

205 3667 351 3751 Gregorii
377 3668 479 3751 ipsam
504 3667 764 3750 proposicionem
788 3665 908 3750 prefate
929 3667 1036 3729 uxoris
1053 3666 1153 3748 ipsius
1177 3665 1319 3748 magistri
1337 3665 1463 3727 Nicolai

203 3776 329 3856 penitus
362 3775 479 3836 dixisse
512 3774 667 3856 negabat,
707 3773 782 3836 ideo
813 3773 906 3854 jurati
939 3771 1163 3856 adjudicarunt
1201 3772 1303 3855 ipsam
1336 3791 1463 3834 causam

202 3883 254 3944 tali
278 3882 391 3961 modo,
415 3895 450 3945 ut
474 3882 541 3964 ipsa
567 3881 667 3944 Eleus
699 3881 808 3944 relicta
835 3880 983 3962 Gregorii
1015 3879 1148 3962 predicti
1173 3878 1277 3960 jurare
1300 3879 1465 3942 tenebitur

203 4003 314 4051 octavo
338 3988 391 4049 die
415 4007 511 4070 snper
535 4007 633 4066 aram,
666 4001 701 4049 ut
724 3987 792 4070 ipsa
824 3986 999 4068 predictam
1025 4003 1157 4048 uxorem
1190 3985 1289 4067 ipsius
1321 3985 1463 4067 magistri

202 4095 325 4158 Nicolai
343 4094 460 4156 medici
474 4113 539 4156 non
554 4094 774 4176 vituperasset,
786 4092 842 4155 sed
856 4093 888 4154 in
905 4091 996 4153 totali
1013 4091 1145 4154 accione
1163 4091 1261 4173 ipsius
1274 4091 1313 4152 sit
1329 4091 1464 4154 omnino

201 4201 371 4278 innocens3
397 4200 435 4261 de
460 4219 527 4282 quo
550 4199 671 4282 judicio
697 4199 763 4282 ipse
795 4199 946 4280 magister
971 4197 1123 4259 Nicolaus
1155 4215 1228 4258 cum
1255 4195 1337 4258 dicta
1365 4215 1464 4258 uxore

200 4327 253 4368 sna
277 4327 344 4369 nou
376 4320 545 4370 contentus
568 4305 743 4389 appellavit
774 4305 910 4368 eandem
942 4323 1071 4366 censam
1101 4303 1141 4365 ad
1174 4303 1317 4365 seniores
1341 4301 1463 4384 judices

200 4434 255 4496 pro
279 4414 407 4476 meliori
431 4413 532 4496 ipsius
555 4413 841 4476 determinacione.

302 4521 381 4584 item
406 4521 539 4588 sabbato
563 4519 707 4602 proxime
741 4519 888 4600 sequenti
920 4518 1062 4580 seniores
1093 4516 1215 4600 judices
1239 4535 1368 4577 causam
1392 4535 1462 4598 pre·

200 4627 315 4689 dictam
339 4627 422 4690 inter
446 4625 612 4688 dominam
637 4625 773 4688 Eleuam
798 4644 932 4687 uxorem
965 4624 1107 4706 magistri
1134 4621 1261 4684 Nicolai
1286 4621 1403 4684 medici
1429 4635 1463 4684 ut

201 4735 358 4812 actricem,
382 4747 413 4794 et
439 4733 520 4794 inter
544 4732 710 4794 dominam
735 4731 866 4793 alteram
893 4730 1027 4792 Elenam
1052 4729 1195 4790 relictam
1221 4728 1359 4790 condem
1383 4726 1461 4790 Gre-

200 4839 278 4920 gorii
303 4839 492 4902 coloratoris
515 4857 695 4921 pannorum
718 4839 817 4898 modo
848 4837 1005 4919 premisso
1029 4835 1244 4917 adjudicatam
1262 4853 1319 4918 per
1342 4832 1462 4914 juratos

203 4947 244 5007 sic
266 4945 572 5023 determinaverunt,
597 4944 684 5026 quod
717 4945 792 5025 quis
821 4943 1000 5026 predictum
1032 4941 1253 5004 testimonium
1278 4959 1334 5022 per
1359 4939 1459 5022 ipsam
