3738 5786
570 521 775 598 Anao1457.
799 553 843 564 -
866 533 916 594 25.
939 517 1108 578 sarmaria.
1422 533 1481 596 ¹37

213 731 296 796 fatus
323 732 486 796 Seboldus
510 732 691 814 predictum
720 729 921 792 Anthonium
954 729 1079 792 labrum
1103 743 1249 814 tempore
1273 729 1337 790 vite
1361 748 1417 790 sue
1444 748 1482 788 ex

216 860 254 904 eo
278 841 533 906 incarceraverat
549 851 580 901 et
596 858 652 922 per
669 856 767 900 unam
785 851 912 900 nomem
930 857 966 899 ac
990 857 1046 920 per
1064 857 1163 900 unum
1189 838 1274 900 diem
1300 837 1332 898 in
1357 853 1482 898 carcere

216 947 329 1026 tenuit,
355 967 393 1009 ac
417 946 541 1009 tamdiu
571 965 646 1008 eum
679 944 719 1006 de
752 963 877 1006 carcere
909 963 974 1006 non
1004 945 1110 1012 emisit
1141 944 1245 1008 donec
1268 944 1331 1007 sibi
1356 944 1481 1006 literam

216 1054 355 1116 civitatis
379 1053 613 1136 privilegialem
638 1071 697 1134 pro
716 1065 804 1134 parte
827 1051 875 1112 sui
901 1049 1116 1133 superfundo
1141 1065 1172 1112 et
1189 1051 1288 1112 domo
1312 1070 1367 1112 sua
1385 1069 1483 1133 penes

215 1159 352 1223 fluvium
387 1159 538 1222 metalem
563 1159 595 1220 in
627 1158 790 1220 vicinitate
822 1157 957 1240 predicti
989 1155 1081 1218 iundi
1115 1157 1214 1240 ipsius
1239 1157 1377 1219 Emerici
1402 1155 1482 1220 fabri

217 1266 341 1344 habito,
367 1266 507 1328 mediam
540 1265 662 1326 curiam
694 1265 726 1326 in
758 1283 790 1326 se
822 1264 862 1325 ad
895 1283 988 1325 usum
1021 1263 1158 1326 civitatis
1180 1263 1375 1342 continente,
1407 1282 1483 1326 con-

215 1372 334 1436 lectam
360 1387 391 1434 et
422 1385 614 1450 emanatam,
647 1371 751 1434 eidem
778 1369 922 1432 Seboldo
958 1369 1034 1432 dare
1059 1383 1089 1431 et
1113 1371 1153 1432 ab
1178 1371 1248 1452 ipso
1273 1385 1401 1432 centum
1426 1370 1480 1432 de·

217 1480 327 1542 narius
351 1480 493 1562 recipere
517 1478 639 1557 debuit,
666 1497 737 1540 cum
770 1491 877 1539 tameo
903 1477 1009 1559 ipsum
1041 1475 1178 1538 fundum
1204 1495 1277 1538 cum
1302 1475 1401 1539 domo
1425 1495 1482 1538 sua

215 1587 304 1649 idem
331 1585 516 1648 Anthonius
531 1581 621 1648 faber
638 1604 696 1666 pro
712 1583 785 1645 XVl
804 1583 874 1646 flor.
899 1583 968 1645 auri
984 1597 1235 1666 comparaverat,
1253 1601 1348 1665 super
1364 1583 1483 1664 quibua

216 1694 325 1756 verbis
348 1693 415 1754 suis
438 1692 551 1754 eadem
575 1691 690 1752 Vrsula
715 1691 832 1752 mulier
855 1690 1071 1772 juramentum
1103 1689 1136 1750 in
1161 1709 1214 1751 ara
1238 1688 1352 1752 Crucis
1376 1690 1408 1751 in
1433 1708 1483 1752 ec·

215 1801 314 1862 alesia
340 1799 442 1862 sancti
474 1799 572 1860 Marci
606 1797 811 1880 ewangeliste
843 1797 996 1880 prestitit3
1029 1797 1169 1878 ideoque
1205 1815 1264 1864 uos
1297 1797 1484 1859 auctoritate

216 1907 385 1968 literarum
399 1905 558 1988 regalium
575 1905 747 1988 superinde
758 1903 989 1982 confectarum,
1002 1903 1142 1966 eundem
1156 1901 1292 1964 fundum
1306 1917 1337 1964 et
1350 1903 1485 1965 domum

216 2013 325 2076 medie
350 2012 437 2074 curie
463 2031 535 2074 cum
568 2011 633 2072 auia
667 2011 860 2072 utilitatibus
890 2023 921 2072 et
951 2010 1160 2093 pertinenciis
1191 2009 1348 2072 universis
1379 2009 1484 2071 eidem

217 2119 334 2182 Vrsule
359 2117 488 2180 mulieri
519 2131 685 2199 tamquam
716 2117 826 2180 heredi
860 2117 953 2182 unice
986 2117 1086 2201 ipsius
1114 2117 1270 2180 Anthonii
1303 2115 1384 2179 fabri
1417 2117 1485 2200 jure

217 2225 415 2288 hereditario
447 2225 508 2286 sibi
540 2224 740 2286 incumbenti
771 2222 1028 2306 adjudicavimus
1052 2237 1083 2286 et
1113 2224 1282 2286 stamimua
1306 2243 1342 2286 ac
1370 2221 1484 2285 confir-

216 2331 463 2413 mavimusjure
496 2345 652 2414 perpetuo
683 2331 914 2413 possidendum
947 2343 979 2393 et
1007 2330 1315 2412 quomodocumque
1347 2329 1486 2392 voluerit

214 2438 458 2522 disponendum
483 2437 569 2519 juxta
601 2437 826 2500 condicionem
859 2436 996 2499 civitatis
1019 2447 1186 2519 prenotate
1211 2439 1251 2498 ab
1275 2435 1410 2518 antiquo
1430 2455 1485 2518 ap-

212 2548 397 2630 probatam.

326 2651 405 2714 ltem
430 2651 507 2733 quia
524 2651 672 2713 Vrbanus
688 2649 773 2713 filius
790 2649 928 2713 condam
954 2648 1065 2713 Guralt
1082 2649 1324 2734 Mozlawchycb
1342 2649 1375 2711 id
1393 2651 1486 2712 nobis

213 2761 278 2821 sub
303 2758 485 2840 juramento
501 2777 559 2840 per
583 2776 657 2820 eum
671 2756 768 2820 hodie
786 2758 819 2819 in
843 2777 897 2820 ara
915 2770 1022 2819 sancte
1040 2756 1154 2820 Crucis
1178 2757 1210 2818 in
1228 2755 1361 2818 ecclesia
1378 2769 1485 2818 sancte

216 2865 335 2930 Crucis
350 2865 425 2947 (sic)
449 2864 585 2946 jurando
610 2864 719 2927 retulit
736 2877 767 2927 et
790 2864 880 2942 dixit,
897 2863 986 2947 quod
1007 2861 1148 2947 prefatus
1174 2863 1334 2926 Seboldus
1351 2875 1485 2926 matrem

215 2973 322 3056 ipsius
346 2971 467 3034 Vrbani
491 2971 623 3034 nomine
648 2970 804 3034 Ceciliam
842 2972 873 3032 io
905 2971 1049 3054 pretorio
1073 2971 1313 3034 communitatis
1337 2969 1485 3050 detinuit,

216 3094 250 3142 et
275 3078 316 3140 de
341 3078 455 3140 eodem
482 3078 623 3160 pretorio
648 3078 888 3142 communitatis
909 3077 1038 3140 interim
1056 3097 1127 3139 eam
1152 3095 1217 3139 non
1242 3076 1364 3138 dimisit
1386 3077 1483 3156 exire,

214 3185 326 3247 donec
356 3184 481 3248 literam
522 3184 657 3248 civitatis
688 3184 922 3267 privilegialem
958 3203 1016 3266 pro
1055 3197 1144 3266 parte
1176 3181 1309 3266 predicti
1345 3183 1482 3246 condam

217 3291 355 3376 Gyuralt
380 3291 612 3354 Mozlawchicb
643 3292 742 3374 patris
765 3291 864 3374 ipsius
896 3291 1017 3354 Vrbani
1049 3289 1185 3352 carnalis
1208 3308 1303 3374 super
1327 3288 1430 3352 fundo
1455 3301 1486 3352 et

217 3400 322 3461 domo
346 3417 402 3460 sua
434 3399 466 3460 in
498 3399 652 3461 suburbio
685 3398 784 3481 ipsius
816 3398 951 3460 civitatis
979 3417 1077 3480 penes
1108 3395 1244 3459 fluvium
1269 3395 1420 3458 metalem
1453 3396 1485 3457 in

218 3505 386 3567 vicinitate
411 3504 487 3566 dicti
512 3503 604 3567 fundi
629 3519 659 3566 et
687 3504 804 3568 domus
836 3505 935 3587 ipsius
958 3503 1072 3566 Vraule
1106 3503 1251 3566 mulieris
1274 3503 1396 3580 habito,
1421 3521 1485 3564 me·

217 3611 311 3674 diam
336 3611 456 3673 curiam
479 3611 519 3673 ad
544 3631 638 3674 usum
655 3612 794 3674 civitatis
817 3612 958 3694 predicte
978 3611 1010 3672 in
1035 3631 1069 3673 se
1082 3611 1277 3690 continente,
1294 3608 1485 3690 conlectam,

218 3717 331 3780 eidem
357 3716 501 3780 Seboldo
518 3736 583 3780 uon
609 3717 708 3797 dedit,
733 3738 790 3800 pro
811 3737 877 3800 quo
895 3717 996 3780 fundo
1021 3730 1051 3780 et
1068 3717 1167 3780 domo
1192 3717 1298 3779 medie
1322 3718 1409 3779 curie
1426 3717 1486 3799 ipsi

219 3823 346 3887 Cecilie
374 3823 501 3885 mulieri
534 3824 620 3886 idem
645 3825 805 3886 Seboldus
836 3825 1044 3886 solummodo
1076 3823 1310 3906 quinquaginta
1335 3823 1485 3885 denarios

217 3929 384 3992 violenter
398 3929 544 4012 projecit,
561 3950 635 3993 cum
651 3944 759 3993 tamen
776 3932 881 4014 ipsum
897 3929 1033 3993 fundum
1051 3929 1192 4014 prefatus
1209 3930 1346 3992 condam
1364 3928 1486 3992 Giurak

217 4037 448 4100 Mozlaucbicb
473 4051 562 4120 pater
586 4038 685 4121 ipsius
710 4038 829 4100 Vrbani
854 4057 911 4121 pro
944 4037 1016 4100 XVI
1040 4035 1109 4102 flor.
1135 4037 1203 4098 auri
1235 4051 1485 4119 comparaverat,

215 4163 318 4227 super
341 4163 407 4226 quo
431 4143 516 4207 lacto
540 4144 628 4207 idem
645 4143 793 4207 Vrbanus
818 4145 1034 4226 juramentum
1060 4143 1091 4204 in
1115 4163 1168 4205 ara
1192 4155 1300 4204 sancte
1324 4141 1436 4204 Crucis
1454 4143 1486 4204 in

216 4250 357 4313 ecclesia
381 4252 480 4314 sancti
506 4251 605 4314 Marci
630 4251 835 4332 ewangeliste
856 4251 993 4334 prestitit
1017 4264 1048 4312 et
1072 4249 1239 4332 deposuit;
1263 4249 1403 4330 ideoque
1428 4269 1487 4311 nos

216 4357 411 4421 auctoritate
434 4357 651 4440 predictarum
668 4358 831 4420 literarum
855 4357 1013 4439 regalium
1030 4357 1124 4419 nobis
1149 4355 1181 4417 in
1205 4355 1264 4418 hac
1288 4369 1376 4438 parte
1400 4356 1485 4418 attri-

217 4467 300 4527 buta
323 4463 498 4542 mediante,
522 4463 703 4547 predictum
726 4461 863 4526 fundum
888 4475 919 4525 et
934 4463 1068 4524 domum
1097 4461 1204 4525 medie
1229 4463 1314 4524 curie
1332 4482 1406 4524 curn
1422 4463 1487 4524 suis

216 4569 415 4634 utilitatibus
438 4585 469 4633 et
493 4570 698 4653 pertinenciis
722 4569 881 4632 universis
913 4570 1019 4632 eidem
1044 4567 1176 4631 Vrbano
1200 4583 1366 4652 tamquam
1391 4570 1486 4632 unico

216 4675 332 4741 heredi
356 4677 457 4760 ipsius
481 4676 613 4760 Gyuralt
638 4675 870 4740 Mozlawchicb
896 4696 931 4738 ac
955 4696 1012 4759 per
1046 4695 1120 4737 eum
1145 4677 1210 4738 suis
1234 4675 1407 4739 heredibus
1431 4677 1486 4738 ad-

216 4784 437 4868 judicavimus
460 4797 493 4848 et
515 4785 684 4847 statuimus
713 4805 749 4847 ac
785 4781 1045 4846 confirmavimus
1077 4783 1146 4864 jure
1169 4798 1325 4866 perpetuo
1350 4799 1381 4846 et
1412 4785 1486 4845 irre·

218 4889 410 4954 vocabiliter
434 4891 665 4974 possidendum
691 4905 722 4954 et
751 4889 1062 4974 quomodocumque
1086 4891 1225 4953 voluerit
1248 4891 1484 4973 disponendum

218 4999 308 5080 juxta
332 4998 557 5060 condicionem
583 4999 719 5061 civitatis
743 5011 908 5082 prenotate
934 5001 973 5059 ab
998 4999 1133 5081 antiquo
1159 5000 1379 5082 approbatam.
